4525 6031
1061 619 1184 682 594
2062 625 2499 689 nmmum
2547 625 2897 690 sEcuNm
3503 631 3668 717 [An.
3704 636 3883 703 1248.

1156 758 1418 830 Extant
1453 759 1526 830 in
1565 759 1813 833 eodem
1857 760 2176 853 registro,
2206 763 2329 835 fol.
2368 760 2462 838 97
2492 773 2951 857 recto-verso,
2988 763 3173 836 duae
3214 764 3394 838 aliae
3435 769 3888 847 tabellionum

1058 880 1527 955 institutiones
1560 884 1650 954 ab
1689 885 1937 957 eodem
1979 886 2327 959 Friderico
2369 887 2459 960 de
2499 886 2866 959 Antiochia
2911 888 3166 980 factae;
3206 911 3382 983 quas
3401 944 3422 981 ,
3453 913 3615 966 cum
3647 896 3888 970 similis

1059 1005 1398 1077 formulae
1443 1007 1616 1099 sint,
1670 1010 2127 1082 transcribere
2177 1009 2412 1084 denuo
2455 1033 3053 1107 supervacaneum
3096 1013 3429 1087 duximus
3468 1040 3485 1084 ε
3523 1039 3667 1092 una
3708 1029 3884 1093 tem·

1058 1148 1232 1223 pore
1276 1132 1740 1224 praecedens,
1792 1133 2055 1206 scilicet
2091 1159 2107 1205 ε
2155 1134 2410 1206 Datum
2456 1135 2792 1227 Cortone,
2845 1135 2933 1207 111
2982 1136 3313 1228 octobris,
3364 1139 3609 1233 quinte
3658 1143 3883 1217 indic·
4017 1153 4021 1156 ”

1062 1250 1269 1324 tionis
1310 1251 1424 1350 (id
1489 1263 1594 1326 est
1654 1275 1841 1328 anno
1900 1252 2169 1352 ⁴246);
2224 1257 2444 1329 altera
2495 1278 2668 1330 vero
2728 1258 3070 1353 posterior
3121 1282 3140 1327 τ
3184 1261 3438 1332 Datum
3487 1264 3881 1359 Florentie,
3931 1290 3932 1293 ’

1059 1394 1250 1448 anno
1312 1375 1660 1453 dominice
1712 1379 2209 1453 incarnationis
2257 1380 2355 1452 M.
2389 1380 2518 1452 CC.
2543 1381 2829 1454 XXXX.
2859 1382 3043 1474 vm,
3106 1384 3256 1457 XIII
3312 1388 3627 1482 augusti,
3681 1400 3881 1464 sexte

1062 1499 1484 1574 indictionis.
2513 1520 2516 1521 ’

693 2062 951 2172 [ἷῗὲῗῧ
1161 2073 1590 2157 Fridericus
1604 2134 1627 2179 ,
1694 2072 2215 2157 Romanorum
2278 2073 2719 2183 imperator,
2795 2071 3013 2183 regni
3094 2071 3544 2156 officialibus
3619 2072 3880 2157 scribit

1054 2207 1445 2317 quomodo
1483 2213 1734 2289 castra
1783 2231 1924 2288 sua
1978 2214 2152 2289 ante
2204 2204 2563 2290 Parmam
2616 2203 2896 2288 fuerint
2948 2204 3049 2288 ab
3104 2203 3458 2289 hostibus
3521 2205 3828 2290 incensa
3848 2266 3873 2311 ,

1055 2349 1466 2449 monetque
1509 2364 1607 2421 ne
1651 2337 1868 2420 falsis
1906 2339 2222 2421 credant
2273 2335 2716 2422 rumoribus
2770 2363 3018 2447 neque
3070 2336 3340 2421 litteris
3384 2334 3599 2421 bulla
3647 2364 3879 2423 aurea

1050 2472 1170 2557 vel
1208 2471 1464 2584 sigillo
1497 2470 1715 2583 regni
1748 2495 1949 2581 quae
1983 2471 2310 2579 perdidit
2347 2471 2671 2581 signatis
2703 2470 2937 2552 fidem
2975 2469 3415 2554 adhibeant.

1213 2709 1406 2789 (Edit.
1450 2711 1516 2769 ln
1564 2708 1735 2769 Petri
1758 2704 1830 2767 de
1876 2705 2007 2767 Vm.
2045 2707 2239 2786 epist,
2274 2705 2381 2767 lib.
2411 2706 2505 2783 11,
2533 2722 2667 2783 cup.
2698 2701 2866 2778 XLI3
2906 2704 3046 2768 coll.
3094 2721 3233 2766 cum
3271 2704 3406 2768 cod.
3448 2703 3666 2781 Paris„
3691 2701 3876 2786 fonds

1286 2814 1704 2886 Narro-name,
1738 2820 1878 2888 202,
1917 2819 1978 2873 et
2019 2813 2209 2874 tribus
2243 2819 2375 2873 tum
2411 2809 2574 2874 Mna.
2615 2811 2918 2888 Britann.‚
2946 2817 3079 2872 tum
3118 2810 3275 2872 Blbl.
3318 2810 3675 2873 oxoniensis
3708 2809 3875 2873 codi-

1291 2920 1510 3000 abne.)

1143 3130 1558 3219 Fridericus,
1600 3135 1738 3199 etc.
1775 3125 1926 3198 Etsi
1972 3125 2276 3199 volatilis
2317 3126 2500 3197 fame
2545 3125 2970 3221 proprietas,
3011 3146 3149 3217 que
3194 3125 3372 3198 solet
3410 3125 3483 3197 in
3525 3126 3874 3221 prosperis

1046 3275 1218 3328 vera
1256 3250 1695 3346 loquacitatis
1738 3258 2150 3343 argumenta
2189 3248 2531 3339 minuere,
2573 3257 2646 3322 et
2683 3250 2753 3319 in
2790 3247 3229 3320 adversitatis
3266 3249 3540 3322 turbine
3579 3250 3873 3345 sumptis

1046 3378 1315 3453 viribus
1350 3374 1585 3448 eundo
1618 3372 1946 3446 fictilibus
1967 3424 1987 3463 ,
2022 3380 2258 3469 preter
2296 3372 2611 3445 veritatis
2636 3372 2901 3463 judicia
2941 3392 3066 3444 sue
3098 3373 3527 3467 probationis
3567 3370 3874 3447 fimbrias

1046 3501 1369 3590 dilatare,
1401 3518 1628 3593 nuper
1657 3497 1749 3570 de
1780 3496 2035 3570 nostris
2069 3495 2507 3591 processibus
2546 3495 2841 3569 diversis
2874 3496 3107 3569 forsan
3152 3496 3464 3569 discussa
3498 3497 3864 3589 relatibus,

1045 3625 1299 3698 vestris
1342 3622 1696 3696 auditibus
1734 3619 1999 3715 aliquid
2041 3619 2490 3714 presentarit,
2528 3639 2620 3691 ne
2666 3629 2901 3691 tamen
2948 3620 3149 3692 aliter
3181 3640 3393 3715 quam
3424 3641 3660 3693 rerum
3694 3621 3869 3695 ordo

1046 3771 1124 3823 se
1174 3748 1465 3834 babeat,
1499 3744 2058 3818 adversariorum
2111 3753 2508 3815 nostrorum
2556 3743 2894 3816 adulteris
2948 3744 3121 3815 fulta
3174 3744 3578 3834 mendaciis,
3613 3744 3872 3818 sinistri

1043 3894 1250 3947 casus
1276 3871 1651 3965 quicquam
1684 3869 1802 3942 vel
1838 3888 2124 3940 enorme
2158 3867 2250 3940 de
2285 3867 2485 3939 nobis
2520 3888 2936 3962 precurrens
2965 3868 3372 3960 adduxerit3
3411 3890 3574 3943 ecce
3604 3870 3868 3943 nudam

1039 3996 1354 4070 veritatis
1381 3992 1783 4085 indaginem
1814 4011 2057 4064 eorum
2091 4012 2230 4084 que
2267 3991 2469 4064 nobis
2511 3991 2787 4063 noviter
2818 3991 3263 4084 contigerunt
3303 4003 3543 4065 tenore
3574 4014 3866 4089 presen-

1040 4122 1215 4194 tium
1268 4118 1470 4193 vohis
1522 4116 1978 4189 amicabiliter
2022 4115 2414 4188 referimus.
2457 4115 2737 4188 pridem
2781 4115 3127 4210 siquidem
3176 4115 3345 4188 dum
3391 4093 3868 4190 Parmen'eium

1038 4255 1435 4317 nostrorum
1478 4241 1842 4314 rebellium
1885 4248 2211 4336 proterva
2232 4238 2643 4330 -temeritas,
2692 4259 2904 4331 quam
2950 4262 3077 4334 per
3115 4239 3437 4320 instantis
3483 4240 3868 4315 obsidionis

1040 4368 1394 4441 excidium
1426 4374 1665 4438 nostra
1693 4363 2031 4436 serenitas
2054 4363 2148 4436 ad
2181 4371 2500 4435 extrema
2527 4360 2949 4453 deduxerat,
2977 4363 3206 4435 tenuis
3232 4363 3514 4457 spiritus
3543 4373 3870 4457 vegetata

1038 4491 1366 4583 suffragio
1408 4489 1757 4560 laboraret
1793 4486 1867 4557 in
1905 4485 2202 4575 ultimis,
2236 4485 2480 4556 volens
2517 4484 2591 4555 in
2635 4485 2911 4558 fortune
2952 4486 3165 4558 dubie
3202 4485 3525 4558 manibus
3554 4490 3867 4563 externis

1039 4634 1301 4709 ponere
1339 4631 1620 4684 causam
1656 4629 1854 4680 suam
1892 4630 2030 4701 que
2068 4606 2443 4703 desperare
2479 4606 2771 4679 interius
2802 4609 3198 4682 necessario
3227 4609 3632 4702 cogebatur,
3670 4620 3867 4702 trac-

1041 4746 1186 4809 tato
1212 4756 1371 4807 cum
1406 4732 1752 4827 aliquibus
1783 4729 2109 4803 exulibus
2139 4729 2438 4802 civitatis
2468 4729 2682 4825 ipsius
2711 4729 3018 4824 quodam
3043 4731 3485 4806 fraudulente
3516 4731 3868 4808 machina-
