4525 6031
1099 632 1225 697 aas
2147 631 2520 698 comum
2568 631 2871 707 Quam
3535 629 3703 710 [An.
3737 630 3917 698 1251.

1108 824 1485 848 .....
1535 763 1718 847 Inde
1752 763 1958 848 venit
1989 764 2507 876 Heppenheim
2543 791 2779 875 prope
2813 761 3320 848 Wormatiam
3354 772 3432 847 et
3472 761 3580 845 ibi
3613 773 3920 847 castra·-

1099 905 1428 978 metatus
1462 904 1578 978 est
1633 955 2007 978 .....
2050 908 2124 980 et
2159 896 2443 980 mansit
2479 922 2611 980 sex
2645 895 2916 979 diebus
2953 954 3331 977 .....
3376 895 3532 978 Rex
3558 896 3923 1004 processit

1097 1027 1422 1110 sabbato
1458 1039 1634 1109 ante
1669 1027 2257 1112 Decollationem
2295 1028 2674 1138 Baptistae
2719 1025 2841 1137 (1)
2889 1024 3414 1134 Didensheim,
3465 1026 3922 1110 comburens

1101 1161 1295 1242 illud
1329 1170 1404 1242 et
1432 1159 1695 1243 omnia
1728 1186 1926 1268 quae
1962 1160 2385 1244 attinebant
2418 1161 2771 1269 episcopo
2808 1156 3172 1268 Spirensi.
3215 1139 3482 1241 Amal.
3526 1164 3915 1265 Wormat.,

1100 1317 1229 1400 ap.
1272 1290 1654 1397 Boenasa,
1695 1299 1988 1398 Fontem,
2029 1305 2086 1375 t.
2129 1293 2225 1399 11,
2266 1319 2346 1403 p.
2396 1296 2581 1396 187,
2629 1292 2810 1373 188.

1897 1793 2121 1856 ANNO
2168 1794 2371 1856 1251.
2406 1829 2490 1842 —
2528 1794 3017 1855 mmc'rlomn
3057 1792 3120 1856 9.

1212 2212 1646 2322 Conradus,
1700 2213 1781 2296 in
1838 2214 2358 2298 Romanorum
2410 2239 2667 2324 regem
2712 2212 3027 2320 electus,
3088 2214 3422 2299 Gerardo
3480 2214 3576 2297 de
3630 2212 3921 2325 Sintzig

1101 2346 1513 2455 burgravio
1560 2347 1640 2427 in
1691 2344 2128 2429 Landscron
2185 2357 2511 2429 mortem
2565 2346 3040 2455 imperatoris
3086 2345 3445 2429 Friderici
3505 2345 3741 2455 patris
3799 2346 3918 2429 sui

1101 2480 1442 2585 nuntiat,
1493 2503 1815 2563 monens
1872 2480 2083 2588 quod
2140 2480 2427 2562 damna
2479 2478 2645 2589 ejus
2700 2504 2878 2563 mox
2934 2478 3345 2565 liberaliter
3398 2479 3789 2585 refundet,
3844 2489 3921 2564 et

1103 2609 1514 2694 exhortans
1544 2620 1631 2693 ut
1667 2611 1745 2692 in
1786 2609 2143 2693 fidelitate
2179 2611 2404 2694 solita
2437 2619 2883 2720 perseveret.

1266 2852 1471 2932 (Edld.
1506 2854 1724 2930 Tnoss,
1761 2848 2147 2932 westphalia,
2178 2861 2214 2913 9
2236 2851 2355 2930 jul.
2392 2849 2595 2929 1825.)

1200 3065 1588 3155 ConraduS,
1624 3063 1753 3137 Dei
1788 3064 2006 3156 gratia
2037 3065 2506 3136 Romanorum
2536 3064 2606 3135 in
2640 3084 2875 3155 regem
2909 3063 3206 3153 electus,
3249 3083 3525 3157 semper
3550 3069 3913 3154 augustus,

1103 3192 1483 3264 Jerusalem
1513 3198 1584 3259 et
1615 3186 1843 3258 Sicilie
1876 3208 2031 3278 rex,
2065 3186 2422 3260 Gerhardo
2449 3187 2538 3260 de
2578 3185 2854 3278 Sinzigh
2889 3185 3313 3278 burggravio
3343 3185 3415 3256 in
3442 3184 3914 3274 Laudescron,
3991 3264 3997 3272 ⁵

1103 3313 1293 3385 fideli
1334 3331 1498 3401 suc,
1535 3309 1826 3402 gratiam
1860 3331 2057 3381 suam
2092 3319 2162 3381 et
2199 3331 2406 3382 omne
2446 3311 2735 3382 bonum.
2770 3309 3042 3381 Doloris
3093 3308 3559 3399 immensitas,
3609 3330 3750 3403 que
3797 3329 3921 3380 cor

1101 3444 1174 3506 et
1206 3432 1568 3527 precordia
1599 3440 1837 3502 nostra
1868 3430 2253 3504 mordendo
2292 3433 2596 3504 lacerare
2626 3453 2771 3504 non
2807 3441 3067 3521 cessat,
3099 3431 3192 3503 ad
3222 3431 3756 3523 significandum
3794 3430 3918 3503 tibi

1099 3576 1468 3652 processus
1487 3562 1764 3626 nostros
1783 3551 2091 3624 animum
2108 3564 2421 3627 nostrum
2442 3554 2868 3651 compescuit
2884 3554 2982 3653 (a)
3007 3577 3229 3648 usquo
3254 3554 3493 3629 modo.
3517 3555 3689 3628 Cum
3706 3554 3921 3646 igitur

1098 3678 1300 3753 inviti
1351 3679 1721 3769 loquamur
1762 3685 1833 3747 et
1870 3676 2162 3749 ulterius
2213 3687 2443 3750 tacere
2487 3699 2951 3772 nequeamus,
2991 3677 3461 3771 significamus
3504 3677 3629 3750 tibi
3660 3678 3917 3751 Roma·

1095 3821 1348 3874 norum
1380 3819 1723 3887 cesarem,
1759 3796 2120 3871 dominum
2147 3800 2538 3892 genitorem
2568 3810 2921 3891 nostrum,
2961 3801 3149 3874 viam
3177 3801 3504 3873 universe
3541 3799 3775 3871 carnis
3803 3800 3916 3870 in·

1093 3944 1435 4019 gressum.
1470 3921 1606 4010 Qui
1654 3920 1754 3994 sic
1797 3920 2359 3995 christianissime
2391 3922 2564 3995 obiit
2604 3933 2673 3994 et
2713 3923 2788 3995 in
2831 3944 2916 3995 ea
2957 3922 3409 4021 dispositione
3441 3922 3534 3994 ad
3578 3922 3916 3997 honorem

1093 4048 1225 4121 Dei
1258 4068 1470 4140 super
1496 4044 1879 4120 Ecclesiam
1912 4042 2012 4142 (b)
2053 4048 2206 4138 ejus
2246 4044 2501 4120 dicitur
2530 4046 2779 4120 obiisse
2798 4097 2818 4138 ,
2853 4045 3043 4140 quod
3078 4045 3168 4120 de
3199 4045 3416 4144 ipsius
3445 4044 3642 4119 obitu
3667 4045 3918 4121 merito

1173 4224 1254 4302 (a)
1299 4224 1373 4284 In
1412 4225 1695 4299 impresso
1724 4226 2103 4299 compescant.

1179 4327 1261 4406 (b)
1305 4329 1378 4389 In
1400 4331 1684 4404 impresso
1710 4321 2095 4404 supa-lacum,
2122 4325 2285 4402 quod
2330 4327 2495 4385 omni
2538 4341 2721 4386 sensu
2752 4332 2936 4388 caret.
2967 4326 3309 4389 Lectionem
3353 4343 3496 4389 vero
3534 4328 3921 4405 proponimus

1093 4449 1275 4510 quarn
1305 4435 1491 4509 ipsius
1516 4431 1799 4492 Fridericl
1826 4435 2180 4490 testamento
2214 4436 2276 4490 et
2301 4428 2597 4490 Mant'redi
2625 4431 2833 4492 litteris
2860 4433 3078 4509 optime
3104 4448 3427 4493 consonam
3453 4432 3833 4493 arbitramur.

1167 4719 1247 4789 (4)
1282 4719 1352 4773 27
1378 4716 1594 4789 augusti
1621 4715 1842 4774 mensis.
