4525 6031
743 663 943 728 immor.
976 659 1070 742 6.]
1645 657 2045 724 ms‘roam
2095 658 2695 728 mrtoimrics.
3450 660 3577 723 649

744 797 876 870 dus
906 797 978 868 in
1024 816 1318 888 reguum
1349 794 1514 866 illuc
1546 794 1695 866 Deo
1734 793 1912 865 duce
1948 796 2382 888 pervenerit,
2425 807 2564 868 tam
2601 796 2992 868 inconsulta
3025 796 3309 870 vesania
3347 796 3574 872 eidem

741 921 817 994 F.
853 920 1158 993 tenuerit
1184 919 1500 1011 alligatos
1529 927 1611 989 ut
1636 918 1868 1012 potius
1886 918 2107 990 velint
2135 928 2466 1012 tanquam
2493 921 2674 992 servi
2696 920 2826 991 sub
2852 919 3068 1014 ipsius
3091 920 3317 1015 perire
3348 932 3577 1016 tyran·

742 1044 906 1120 nide
940 1064 1151 1136 quam
1193 1043 1288 1114 ad
1330 1040 1668 1114 libertatis
1711 1041 2012 1133 gloriosa
2063 1043 2328 1137 premia
2377 1043 2753 1116 redeuntes
2784 1043 2855 1114 in
2890 1044 3047 1114 sinu
3089 1043 3304 1115 libere
3339 1044 3578 1116 matris

743 1189 905 1242 cum
927 1166 1086 1240 filiis
1118 1165 1495 1256 contineri;
1526 1165 1748 1236 sciant
1782 1186 2103 1255 exnunc,
2125 1187 2216 1237 ne
2246 1167 2320 1236 in
2353 1177 2709 1260 posterum
2739 1167 3044 1240 habeant
3070 1189 3165 1239 ex
3187 1167 3580 1258 ignorantie

743 1291 1158 1384 allegatione
1191 1289 1602 1385 presidium,
1636 1310 1711 1360 se
1744 1289 1801 1360 si
1834 1289 2091 1361 fuerint
2117 1290 2433 1362 civitates
2461 1291 2573 1362 vel
2603 1290 2860 1384 oppida
2882 1290 3256 1384 privilegiis
3276 1290 3578 1363 ethono-

743 1414 938 1487 ribus
971 1414 1332 1487 civitatum
1369 1422 1440 1487 et
1471 1413 2020 1488 immunitatibus
2058 1413 2642 1506 quibuscumque,
2687 1414 2745 1484 si
2794 1413 3080 1485 comites
3127 1423 3250 1485 aut
3280 1416 3582 1486 barones

742 1539 860 1611 vel
881 1539 1403 1632 qualescunque
1427 1536 1542 1608 alii
1570 1537 1849 1608 militari
1877 1536 2142 1609 honore
2177 1537 2486 1610 decorati
2520 1558 2642 1609 seu
2675 1537 2968 1630 quilibet
2998 1537 3113 1608 alii
3139 1538 3295 1610 laici
3319 1539 3574 1630 feudiS,

736 1660 1014 1752 ,iuribus
1058 1682 1143 1733 ac
1186 1661 1433 1734 ceteris
1476 1660 1975 1754 temporalibus
2014 1661 2214 1732 bonis
2259 1660 2440 1749 suiS,
2475 1660 2533 1733 si
2566 1670 2801 1732 autem
2834 1660 3065 1732 clerici
3103 1662 3579 1736 ecclesiasticis

747 1783 1203 1878 dignitatibus
1230 1794 1302 1857 et
1336 1783 1691 1858 beneficiis
1723 1805 1852 1879 pro
1886 1807 2008 1856 sue
2036 1785 2442 1857 rebellionis
2476 1805 2559 1857 ac
2592 1783 2883 1879 perfidie
2915 1785 3294 1879 pertinacia
3327 1807 3577 1881 perpe-

747 1919 868 1982 tuo
900 1910 1260 2004 spoliatos.
1297 1910 1597 2002 Dignum
1631 1917 1737 1982 est
1779 1908 1965 1980 enim
2012 1919 2090 1980 ut
2135 1908 2347 2001 digna
2392 1908 2864 1980 retributionis
2911 1919 3424 2003 consequantur
3455 1912 3581 1983 sti-

748 2032 1008 2127 pendia
1031 2054 1169 2106 una
1192 2054 1355 2105 cum
1369 2034 1474 2106 sui
1503 2043 1749 2105 autore
1777 2032 2064 2127 periculi
2084 2036 2233 2125 jam
2261 2033 2641 2126 dampnato
2659 2086 2678 2122 ,
2705 2033 2828 2125 qui
2848 2054 3009 2103 eum
3022 2036 3169 2104 Deo
3197 2034 3581 2129 postposito

746 2180 945 2230 suam
975 2157 1408 2231 constituunt
1437 2157 1853 2253 portionem.
1890 2159 1981 2230 Et
2009 2167 2089 2228 ut
2121 2158 2394 2252 plenius
2422 2168 2804 2250 agnoscant
2835 2180 3037 2229 suum
3071 2179 3164 2228 ex
3197 2179 3378 2252 pena
3413 2180 3578 2254 pec-

747 2293 1017 2371 catum,
1050 2284 1233 2354 fame
1264 2283 1517 2354 decore
1534 2282 1846 2354 mulctati
1879 2281 2264 2354 reddantur
2296 2282 2577 2354 infamie
2606 2291 2941 2377 perpetue
2974 2282 3283 2354 indecori
3312 2293 3391 2354 ut
3425 2293 3579 2355 tan·

746 2427 957 2501 quam
985 2406 1321 2497 illegitimi
1350 2426 1389 2475 a
1420 2405 1743 2498 legitimis
1770 2405 2042 2477 actibus
2063 2405 2272 2477 alieni
2301 2405 2392 2477 ad
2419 2405 2888 2477 testimonium
2912 2406 3311 2477 nullatenus
3336 2407 3584 2480 admit·

750 2538 986 2601 tantur
1023 2539 1093 2600 et
1126 2528 1552 2601 intestabiles
1592 2528 1755 2600 facti
1796 2529 2016 2601 libera
2061 2536 2635 2601 testamentorum
2676 2538 2960 2600 careant
2992 2530 3287 2602 factione
3325 2552 3456 2602 nec
3487 2531 3581 2603 ad

748 2653 1220 2726 successiones
1265 2650 1626 2724 accedant.
1674 2651 1889 2724 Porro
1933 2672 2142 2724 nemo
2196 2652 2329 2725 sibi
2372 2653 2461 2724 de
2489 2653 2919 2745 benignitate
2953 2652 3150 2724 Sedis
3183 2652 3580 2747 Apostolice

745 2776 1148 2848 blandiatur
1187 2776 1378 2869 quod
1427 2785 1593 2848 tunc
1636 2776 1861 2847 solum
1885 2797 2044 2847 cum
2076 2798 2467 2871 repugnare
2501 2799 2640 2850 non
2670 2786 3034 2872 poterunt,
3072 2777 3163 2848 ad
3196 2777 3409 2872 ipsius
3437 2780 3580 2850 cle-

745 2902 1078 2973 mentiam
1133 2907 1571 2971 recurrentes
1630 2899 2084 2971 restitutionis
2133 2910 2421 2994 possent
2479 2900 3022 2972 misericordiam
3068 2900 3418 2991 invenire,
3455 2901 3582 2974 sed

748 3027 1060 3120 quisquis
1088 3024 1433 3097 obstinate
1461 3023 1860 3095 rebellionis
1885 3025 1993 3095 cul
2004 3046 2164 3118 pam
2197 3025 2555 3097 admiserit
2568 3024 2945 3096 certissime
2964 3025 3438 3118 noveritquod
3456 3048 3584 3121 per

747 3171 972 3222 seram
1007 3148 1459 3244 penitentiam
1487 3148 1938 3221 restitutionis
1965 3148 2243 3220 veniam
2275 3170 2417 3221 non
2450 3148 2762 3234 habebit,
2801 3148 2967 3239 quia
2997 3170 3161 3241 erga
3177 3150 3305 3222 hos
3321 3150 3582 3222 miseri·

749 3274 1052 3345 corditer
1081 3272 1332 3363 rigebit
1363 3272 1534 3364 justi
1574 3271 1938 3366 disciplina
1985 3271 2243 3364 vigoris
2269 3271 2362 3344 ad
2401 3282 2735 3344 terrorem
2762 3272 3088 3344 similium
3124 3273 3198 3344 in
3228 3275 3574 3364 futurum,

748 3397 1002 3491 quibus
1058 3395 1430 3468 crudeliter
1486 3395 1755 3468 indulta
1812 3396 2180 3468 clementia
2221 3396 2762 3492 presumptionis
2806 3406 3082 3491 pareret
3122 3398 3573 3471 incentivum.

746 3520 1022 3592 Etenim
1032 3521 1090 3592 si
1104 3520 1345 3592 talium
1356 3521 1632 3614 culpam
1646 3519 2081 3612 contingeret
2098 3518 2607 3607 beneficientia,
2623 3519 2814 3613 quod
2824 3520 3003 3592 absit
3014 3573 3033 3611 ‚
3046 3521 3158 3595 vel
3171 3520 3580 3616 impunitate

748 3644 1033 3736 nutriri,
1056 3646 1401 3716 bonorum
1429 3643 1649 3716 virtus
1675 3643 1747 3713 in
1779 3644 2200 3738 improperio
2228 3654 2669 3739 contemptus
2701 3644 3122 3738 exprobrata
3150 3643 3480 3718 deficeret
3512 3657 3583 3717 et

748 3772 1091 3843 malorum
1124 3769 1331 3841 latius
1363 3789 1575 3862 quam
1607 3767 1949 3840 bonorum
1984 3766 2058 3837 in
2090 3767 2469 3861 perniciem
2502 3769 2853 3863 publicam
2902 3768 3306 3841 laxarentur
3337 3791 3579 3842 exem-

748 3896 889 3989 pla.
953 3895 1022 3965 Si
1079 3915 1248 3967 vero
1303 3893 1665 3966 hominum
1714 3891 2108 3985 aliquarum
2154 3891 2514 3963 civitatum
2564 3894 2678 3963 vel
2730 3894 3040 3965 locorum
3086 3894 3283 3986 regni
3332 3895 3583 3988 prefati

748 4017 978 4090 adhuc
1004 4016 1430 4113 persecutori
1459 4014 1764 4087 Ecclesie
1790 4014 2277 4086 adherentium
2305 4014 2642 4086 Dominus
2674 4016 2887 4087 corda
2923 4015 3221 4107 tetigerit
3242 4025 3321 4086 ut
3331 4017 3579 4107 jugum

748 4161 1039 4213 onerose
1083 4139 1470 4235 tyrannidis
1510 4148 1580 4210 et
1620 4148 1968 4233 sceptrum
2000 4137 2409 4211 insatiabilis
2436 4139 2782 4210 exactoris
2809 4159 2852 4209 a
2874 4137 3258 4211 cervicibus
3286 4139 3583 4232 propriis

748 4263 1205 4359 deponentes,
1242 4273 1667 4354 consurgant
1711 4284 1872 4334 cum
1917 4263 2228 4336 Ecclesia
2266 4271 2591 4356 stentque
2624 4260 2922 4335 fideliter
2954 4262 3293 4335 adversus
3323 4262 3579 4354 iniqui·

748 4389 906 4461 tatis
957 4387 1177 4460 filium
1232 4389 1433 4481 cujus
1484 4409 1733 4459 manus
1780 4395 2022 4460 contra
2075 4408 2320 4460 omnes
2374 4396 2517 4476 est,
2576 4395 2862 4483 propter
2899 4386 3090 4479 quod
3130 4382 3279 4457 fieri
3319 4384 3582 4457 debent·

746 4534 994 4585 manus
1037 4513 1351 4584 omnium
1387 4522 1631 4584 contra
1678 4532 1868 4602 eum,
1903 4533 2047 4584 non
2094 4512 2322 4584 solum
2369 4511 2470 4582 eis
2514 4519 2843 4583 statutam
2892 4509 3216 4582 euntibus
3256 4509 3330 4579 in
3369 4511 3597 4580 Terre

747 4637 994 4708 Sancte
1016 4636 1403 4709 subsidium
1428 4635 1933 4727 indulgentiam
1961 4635 2337 4726 elargimur
2357 4635 2685 4727 illamque
2714 4633 3216 4730 plenitudinem
3245 4643 3580 4729 perpetue

748 4760 1087 4834 libertatis
1133 4782 1275 4854 qua
1315 4759 1567 4833 florent
1604 4758 1913 4833 Ecclesie
1941 4757 2065 4831 filii
2097 4759 2445 4855 inexperti
2472 4759 2743 4833 servilis
2768 4758 3056 4850 injurie,
3095 4758 3460 4831 statuimus
3504 4758 3577 4831 in
