4525 6031
632 647 832 710 lauet.
864 644 957 726 7.]
1527 645 1927 711 HISTORIA
1973 645 2576 712 DIPLOMATmA.
3337 641 3454 704 707

636 782 909 853 ceribus
944 801 1040 851 ex
1071 779 1472 873 hujusmodi
1503 780 1667 854 dolo
1695 781 1937 855 dolorl
1971 783 2029 855 Ο
2060 795 2322 877 quanta
2352 782 2691 872 turbatio,
2722 780 2891 852 dum
2922 776 3334 852 veneficium
3366 778 3461 850 ab

637 904 769 976 illis
820 903 1155 976 astruitur
1192 924 1235 974 a
1278 904 1529 997 quibus
1574 905 1989 979 beneficium
2031 904 2438 980 debereturl
2495 908 2604 978 Ex
2638 904 2767 976 hiis
2805 903 3087 996 quidem
3131 903 3462 973 miramur

636 1050 777 1100 non
807 1027 1153 1100 modicum
1183 1048 1315 1099 nec
1352 1027 1695 1102 immerito
1724 1042 1961 1103 noster
1981 1033 2254 1104 animus
2286 1031 2562 1104 ducitur
2589 1031 2659 1100 in
2689 1039 3242 1125 stuporem,cum
3254 1027 3462 1119 juxta

636 1151 1127 1223 conscientiam
1160 1162 1468 1224 nostram
1515 1176 1868 1248 nunquam
1920 1165 2186 1228 tantum
2238 1154 2788 1228 demeruerimus
2833 1151 3021 1248 apud
3068 1173 3228 1222 eum
3272 1150 3464 1245 quod
3587 1225 3595 1235 ,

636 1274 703 1344 in
756 1287 891 1347 tam
944 1277 1127 1371 turpi
1162 1298 1334 1348 nece
1385 1287 1620 1350 nostra
1661 1279 2053 1351 consentire
2093 1281 2446 1371 debuerit,
2489 1279 2750 1351 nedum
2795 1278 3069 1369 abjecto
3111 1274 3466 1367 religionis

638 1401 904 1494 pudore
937 1401 1009 1471 in
1043 1423 1197 1473 eam
1236 1402 1463 1474 taliter
1495 1405 1914 1500 conspirare.
1955 1406 2057 1476 Ha
2089 1401 2308 1477 Deusl
2349 1405 2699 1498 quomodo
2728 1402 3107 1474 ascendere
3135 1401 3361 1496 potuit
3392 1399 3464 1472 in

635 1545 756 1595 cor
783 1526 935 1617 ejus
962 1525 1287 1618 cogitatio
1322 1536 1460 1597 tam
1496 1526 2040 1624 nephanda?Ha
2070 1523 2289 1601 Deusl
2316 1550 2526 1623 quam
2563 1527 2793 1599 eidem
2825 1525 3150 1619 injuriam
3176 1525 3465 1597 fecimus

631 1660 711 1720 ut
752 1650 844 1721 ad
888 1660 1149 1722 tantam
1195 1651 1676 1724 crudelitatem
1718 1675 1921 1724 suum
1953 1653 2264 1724 animum
2300 1652 2707 1724 inclinaret?
2741 1651 2946 1722 Nulla
2986 1659 3464 1722 verumtamen

638 1794 797 1843 eum
827 1772 919 1844 ad
948 1773 1121 1845 illud
1155 1795 1366 1848 causa
1398 1775 1666 1847 facilius
1690 1776 1916 1872 potuit
1938 1796 2379 1850 commovere
2403 1797 2615 1872 quam
2646 1775 2865 1872 turpis
2898 1796 3093 1847 amor
3118 1784 3189 1846 et
3222 1774 3467 1845 intem·

640 1917 888 1990 perans
926 1897 1213 1972 ambitio
1254 1899 1541 1972 dominii
1574 1900 1978 1994 singularis,
2020 1913 2092 1973 et
2123 1901 2287 1995 quia
2315 1922 2555 1997 parem
2583 1902 2762 1972 ferre
2799 1921 2940 1972 non
2968 1909 3197 2000 potest
3229 1909 3298 1970 et
3331 1898 3462 1969 im-

638 2020 907 2114 patiens
944 2032 1048 2094 est
1078 2023 1442 2110 consortis·
1478 2023 1662 2109 Quid
1694 2026 1977 2122 postea?
2008 2025 2211 2109 Quod
2245 2034 2439 2097 tanto
2469 2026 2742 2096 fervore
2769 2023 3150 2114 desiderat,
3181 2044 3465 2095 necesse

638 2153 851 2216 estut
883 2153 1168 2240 quoquo
1198 2147 1487 2221 crimine
1519 2148 1734 2244 possit
1762 2161 2045 2243 querat3
2082 2150 2174 2221 ad
2201 2149 2394 2242 qnod
2432 2170 2592 2220 cnm
2629 2147 2833 2221 nobis
2867 2147 3264 2222 viventibus
3305 2168 3467 2242 per·

638 2270 875 2342 venire
908 2273 1056 2343 sine
1085 2273 1444 2345 obstaculo
1475 2295 1617 2346 non
1647 2272 1981 2365 confidat,
2019 2274 2178 2345 ideo
2216 2283 2527 2345 mortuos
2557 2295 2687 2345 nos
2718 2273 3037 2366 diligeret
3069 2274 3224 2367 plus
3254 2293 3465 2365 quam

639 2392 857 2466 vivos,
911 2395 1159 2469 Merito
1220 2408 1588 2492 propterea
1638 2420 1765 2470 vos
1811 2398 2222 2494 requirimus
2277 2407 2349 2470 et
2404 2409 2674 2470 ceteros
2722 2396 3148 2470 orthodoxos
3198 2406 3272 2467 ut
3324 2405 3465 2466 tam

636 2519 895 2610 grande
946 2521 1174 2592 scelus
1220 2521 1313 2594 ad
1354 2531 1662 2594 vestrum
1700 2522 2009 2594 animum
2062 2523 2430 2617 revocetis,
2482 2521 2924 2594 attendentes
2971 2540 3333 2593 excessum
3395 2528 3466 2591 et

638 2644 1032 2739 snperbiam
1097 2647 1524 2741 prelatorum
1583 2648 1703 2742 qui
1763 2647 2025 2721 ditione
2082 2646 2543 2742 spiritualium
2598 2667 2740 2718 non
2791 2645 3127 2735 contenti,
3182 2667 3309 2740 per
3363 2644 3467 2715 fas

639 2777 708 2837 et
759 2766 1027 2863 nephas
1087 2769 1221 2841 sibi
1284 2771 1697 2842 secularium
1756 2781 2062 2866 querunt
2112 2770 2495 2844 dominium
2554 2771 2930 2842 vendicare
2985 2790 3067 2841 ac
3114 2768 3464 2864 principes

636 2887 809 2961 alios
846 2913 1052 2984 quam
1099 2893 1387 2987 pusillos
1419 2917 1579 2966 cum
1611 2895 1992 2988 maJoribus
2024 2895 2457 2966 exheredare
2498 2904 2756 2967 temere
2806 2893 3210 2965 moliuntur.
3262 2892 3466 2977 Quod

636 3017 997 3090 manifeste
1036 3029 1264 3117 potest
1291 3022 1545 3094 noticia
1579 3023 2104 3117 comprehendi,
2129 3022 2298 3095 dum
2337 3023 2452 3094 ille
2482 3022 2793 3094 omnium
2828 3020 3220 3092 mortalium
3257 3020 3467 3093 homo
3515 3072 3520 3076 -

635 3138 832 3225 (nam
881 3164 1022 3236 quo
1071 3145 1299 3240 ipsum
1344 3146 1557 3238 digno
1606 3147 1748 3218 suis
1789 3147 2072 3220 nomine
2115 3147 2378 3219 meritis
2430 3147 2812 3243 poterimus
2858 3142 3281 3241 appellare),
3345 3144 3500 3249 qui⁷

640 3265 783 3337 fore
826 3266 1117 3341 deberet
1158 3260 1410 3341 ceteris
1459 3271 1792 3342 virtutum
1823 3273 2184 3367 speculum
2219 3279 2289 3342 et
2321 3271 2711 3364 exemplar,
2749 3268 3066 3341 obmissis
3092 3268 3183 3340 de
3215 3267 3470 3362 quibus

635 3390 727 3462 ad
787 3413 1071 3486 presens
1125 3414 1265 3464 non
1324 3393 1578 3486 agitur,
1639 3395 1995 3490 dispensat
2050 3394 2286 3466 illicite
2342 3416 2553 3490 super
2607 3393 2862 3466 illicitis
2916 3404 3156 3465 contra
3209 3395 3464 3484 legem,

636 3512 1078 3609 multipharie
1122 3516 1498 3611 multisque
1543 3517 1768 3591 modis
1809 3519 2266 3613 depeculatur
2310 3518 2637 3590 ecclesias
2670 3529 2741 3589 et
2771 3517 3108 3613 populum
3153 3517 3470 3588 christia-

634 3660 803 3708 num
836 3639 1157 3712 distrahit
1189 3653 1258 3711 et
1290 3641 1587 3714 destruit
1622 3665 1759 3736 que
1793 3651 1954 3714 sunt
1984 3642 2279 3715 Domino
2316 3653 2744 3743 consecrata,
2783 3641 3259 3714 subtrahendo
3290 3641 3474 3713 deci-

636 3783 784 3833 mas
834 3772 905 3835 et
950 3787 1284 3859 personas
1330 3789 1372 3839 a
1422 3767 1705 3839 servitio
1749 3767 1959 3841 Jhesu
2013 3767 2297 3860 Christi,
2339 3762 2467 3865 [et]
2510 3766 2780 3838 deludit
2832 3766 3214 3838 subsidium
3264 3766 3473 3837 Terre

634 3887 884 3959 Sancte
909 3889 1077 3960 dum
1101 3889 1174 3961 in
1194 3901 1500 3963 nostram
1520 3891 1862 3965 convertit
1883 3892 2014 3965 hec
2036 3893 2269 3965 omnia
2287 3891 2649 3982 lesionem,
2672 3901 2753 3962 ut
2772 3888 3021 3962 videtis
3042 3888 3135 3961 ad
3158 3890 3465 3981 oculum,

635 4010 938 4083 animam
972 4034 1170 4085 suam
1196 4036 1465 4109 ponens
1498 4016 1688 4108 quod
1721 4015 1809 4089 de
1843 4018 2023 4089 libro
2054 4017 2195 4089 vite
2229 4038 2358 4088 nos
2384 4016 2617 4088 deleat
2648 4023 2719 4085 et
2749 4015 2895 4111 ipse
2935 4013 3218 4085 liberius
3247 4013 3471 4085 domi·

634 4144 865 4207 netur.
904 4138 1221 4211 Resistite
1267 4139 1477 4231 igitur
1521 4162 1763 4213 eorum
1808 4125 2305 4236 cupiditatibus
2349 4138 2737 4231 effrenatis,
2776 4138 3071 4209 resistite
3103 4159 3193 4208 ne
3234 4138 3305 4207 in
3347 4158 3473 4208 sua

637 4261 897 4332 malitia
942 4262 1360 4355 glorientur3
1397 4264 1694 4336 assistite
1742 4265 1945 4337 nobis
1987 4265 2055 4336 in
2104 4265 2265 4338 forti
2307 4261 2589 4335 brachio
2629 4271 2700 4334 et
2741 4261 2900 4335 forti
2955 4261 3189 4333 animo
3229 4270 3474 4332 contra

634 4405 781 4475 eOS,
814 4397 894 4456 nt
922 4385 1231 4481 ipsorum
1271 4389 1555 4462 omnino
1587 4388 2034 4483 supercilium
2066 4388 2538 4485 deprimentes
2556 4395 3065 4461 sacrosanctam
3095 4383 3475 4458 Ecclesiam

634 4519 926 4582 matrem
985 4522 1294 4583 nostram
1357 4513 1789 4606 dignioribus
1852 4514 2205 4586 fulciendo
2266 4511 2692 4604 rectoribus,
2738 4524 2947 4609 prout
3002 4510 3095 4583 ad
3159 4518 3476 4582 nostrum

634 4644 903 4728 spectat
950 4634 1255 4707 officium
1303 4646 1376 4709 et
1414 4638 1774 4711 affectibus
1835 4638 2121 4711 sinceris
2164 4636 2629 4730 intendimus,
2663 4638 2759 4713 ad
2787 4637 3125 4711 honorem
3160 4634 3477 4715 divinum

637 4757 708 4828 in
732 4759 984 4831 melius
1019 4762 1497 4835 reformemus.
