4525 6031
1775 625 2396 690 ADDITAMENTA.
3110 573 3113 574 ⁷
3378 629 3505 694 909

677 788 772 839 ex
812 786 896 838 eo
934 762 1129 860 quod
1167 762 1525 837 residuum
1573 762 1902 834 salarium
1950 762 2117 834 anni
2173 765 2425 859 prefati
2466 765 2664 837 alteri
2708 764 3085 858 subrogato
3136 786 3263 860 per
3312 765 3502 861 ipsos

677 888 908 961 extitit
932 887 1201 981 integre
1233 887 1691 981 persolutum.
1723 887 1984 958 Verum
2016 908 2177 959 cum
2205 909 2335 982 pro
2361 898 2558 982 parte
2590 888 2806 984 ipsius
2833 888 3130 961 civitatis
3161 890 3233 961 in
3262 900 3501 963 nostre

679 1012 1061 1104 majestatis
1099 1010 1453 1107 presentia
1499 1020 1929 1106 proponatur
1979 1031 2054 1081 se
2102 1031 2313 1105 super
2362 1012 2628 1084 eisdem
2676 1013 3193 1103 gravaminibus
3240 1035 3285 1086 a
3337 1036 3500 1109 pre-

677 1136 868 1208 dicto
919 1135 1253 1208 mandato
1308 1144 1430 1207 tuo
1489 1133 1582 1206 ad
1643 1144 1957 1206 nostram
2023 1135 2451 1207 audientiam
2501 1137 2921 1231 appellasse3
2977 1135 3333 1209 devotioni
3382 1146 3502 1210 tue

678 1259 1133 1356 precipiendo
1174 1258 1589 1331 mandamus
1635 1267 2014 1351 quatenuS,
2061 1259 2120 1329 si
2158 1260 2510 1354 premissis
2554 1260 2812 1332 veritas
2856 1260 3296 1354 suffragatur,
3337 1281 3503 1356 pro·

680 1405 951 1457 cessum
986 1392 1210 1455 totum
1237 1403 1474 1455 coram
1509 1391 1577 1454 te
1609 1381 1924 1453 habitum
1950 1381 2042 1453 de
2073 1382 2438 1477 predictiS,
2472 1384 2605 1456 sub
2637 1384 2737 1456 tui
2775 1384 3227 1479 impressione
3264 1384 3498 1476 sigilli,

681 1516 916 1581 nostre
967 1508 1156 1580 curie
1198 1507 1458 1580 debeas
1502 1506 1854 1579 destinare
1907 1537 1924 1578 :
1976 1506 2204 1578 eidem
2252 1508 2514 1579 Thome
2557 1506 3009 1579 nibilominus
3050 1507 3506 1581 mandaturus

683 1641 764 1704 ut
794 1632 1009 1704 alium
1036 1652 1438 1727 processum
1478 1630 1860 1723 questionis
1888 1630 2230 1721 ejusdem,
2272 1652 2505 1703 coram
2543 1631 2694 1725 ipso
2730 1630 3083 1722 habitum,
3118 1632 3177 1702 si
3208 1632 3398 1726 apud
3435 1642 3505 1704 te

683 1777 825 1828 non
874 1756 1080 1828 fuerit
1122 1776 1253 1850 per
1296 1776 1457 1827 eum
1500 1754 1829 1826 videlicet
1858 1754 1950 1825 ad
1980 1765 2170 1826 tuam
2214 1754 2642 1827 audientiam
2681 1755 3143 1847 destinatum,
3188 1756 3507 1828 similiter

684 1889 878 1952 certo
936 1878 1209 1975 preflxo
1263 1879 1559 1952 termino
1599 1878 1692 1950 ad
1732 1888 2041 1951 nostram
2094 1879 2359 1950 curiam
2415 1879 2764 1951 destinare
2809 1890 3165 1974 procuret3
3226 1881 3506 1974 utrique

687 2004 866 2098 parti
905 2024 1030 2099 per
1069 2013 1138 2076 te
1172 2004 1400 2099 ipsum
1429 2012 1623 2076 certo
1658 2001 1930 2098 prolixo
1968 2002 2264 2074 termino
2309 2023 2451 2095 quo
2490 2002 2621 2074 sub
2660 2005 3127 2098 peremptorio
3168 2026 3242 2076 se
3270 2015 3506 2077 nostre

684 2127 878 2200 curie
916 2138 1423 2223 representem,
1461 2127 1533 2198 in
1565 2148 1774 2198 eausa
1803 2127 2050 2199 eadem
2086 2127 2499 2222 processuri,
2537 2136 2742 2222 prout
2769 2128 3074 2221 postulat
3099 2127 3272 2200 ordo
3297 2127 3502 2218 juris.

687 2251 1023 2323 Volumus
1056 2252 1266 2324 etiam
1297 2261 1378 2322 ut
1406 2251 1498 2323 de
1531 2250 1645 2324 die
1687 2250 2034 2323 citationis
2064 2261 2137 2322 et
2173 2251 2471 2322 termino
2513 2249 2922 2346 prefigendo
2963 2251 3098 2322 tuis
3133 2251 3348 2324 literis
3382 2274 3507 2325 cu·

687 2375 862 2446 riam
914 2385 1224 2448 nostram
1270 2375 1531 2448 debeas
1583 2375 1905 2467 edocere,
1962 2384 2033 2448 et
2085 2375 2277 2470 quod
2334 2375 2802 2471 appellatione
2836 2375 3185 2470 pendente
3209 2428 3229 2464 ‚
3264 2387 3509 2450 contra

690 2497 912 2593 ipsam
967 2498 1536 2570 communitatem
1594 2499 1857 2568 nullam
1920 2498 2131 2569 facias
2189 2499 2305 2570 vel
2358 2497 2511 2569 fieri
2566 2498 2924 2593 permittas
2985 2500 3511 2592 quomodolibet

690 2621 1110 2712 novitatem,
1143 2643 1304 2694 oum
1335 2620 1800 2716 appellatione
1832 2619 2182 2715 pendente
2213 2620 2386 2692 nihil
2429 2621 2684 2693 debeat
2720 2621 3063 2693 innovari.

800 3215 1267 3324 FridericuS,
1310 3217 1834 3301 Romanorum
1885 3217 2326 3327 imperator,
2365 3244 2506 3329 pro
2552 3219 2702 3302 fide
2757 3233 2832 3303 et
2875 3221 3267 3305 devotione
3306 3221 3506 3304 Cre-
3569 3244 3927 3352 Jss'ffi‘fiu.

696 3350 1211 3455 monensium,
1253 3362 1500 3433 ratam
1536 3350 1767 3433 habet
1815 3360 1892 3434 et
1942 3351 2345 3434 confirmat
2386 3353 2947 3436 concessionem
3000 3364 3244 3438 terrae
3294 3353 3515 3439 Ron-

692 3482 958 3586 caroli,
1010 3509 1243 3592 quam
1300 3484 1504 3567 filius
1549 3511 1736 3568 suus
1795 3485 2165 3568 Henricus
2219 3512 2354 3568 rex
2409 3485 2841 3595 Sardiniae,
2881 3487 3179 3598 imperii
3214 3488 3513 3599 legatus

694 3614 775 3695 in
812 3615 1027 3699 Italia
1058 3616 1469 3727 generaIiS,
1510 3617 1799 3700 eisdem
1827 3617 1992 3728 jam
2029 3617 2232 3701 fecit.

859 3826 1065 3907 (Edid.
1083 3830 1262 3907 hujus
1278 3831 1568 3910 privilegii
1591 3832 1850 3893 italicam
1868 3833 2196 3893 versionem
2217 3830 2374 3892 Aur.
2407 3830 2646 3905 Gauro,
2664 3833 2888 3897 Hister.
2910 3830 2975 3894 dn·
2998 3832 3302 3910 Cremona,
3321 3853 3384 3913 p.
3408 3844 3508 3897 4ο.

936 3932 1100 3996 Licet
1126 3938 1411 4014 originale
1438 3953 1559 3996 non
1588 3945 1870 4013 appareat
1894 3938 1990 3997 vel
2014 3938 2221 3997 saltem
2250 3938 2399 3998 illud
2426 3940 2691 3998 invenire
2717 3955 2840 3998 non
2862 3942 3252 4017 potuerimus,
3287 3942 3361 4001 de
3387 3945 3519 4018 ejus

939 4043 1274 4103 elucet-state
1297 4041 1464 4102 nulla
1489 4041 1762 4103 dubietas
1788 4038 2103 4122 exoritur.)

792 4227 1128 4321 Federigo
1147 4279 1169 4319 ,
1223 4248 1352 4322 per
1377 4227 1600 4319 gratia
1643 4226 1717 4300 di
1767 4227 1898 4300 Dio
1930 4228 2348 4324 imperatore
2378 4228 2688 4300 Romano
2707 4280 2729 4320 ,
2765 4247 2842 4300 re
2869 4227 2943 4301 di
2974 4229 3515 4307 Gierusalemme

700 4372 742 4425 e
764 4351 838 4425 di
863 4352 1131 4441 Sicilia,
1170 4360 1306 4424 etc.
1338 4349 1604 4424 Risulta
1638 4351 1680 4423 a
1707 4352 1928 4444 gloria
1957 4352 2119 4425 dell'
2147 4351 2428 4424 Altezza
2459 4351 2818 4447 imperiale
2845 4353 2893 4424 il
2922 4375 3366 4428 remunerare
3384 4378 3518 4429 oon

697 4476 919 4548 favori
982 4474 1194 4568 degni
1247 4484 1319 4547 et
1378 4475 1713 4569 ampliare
1773 4497 1906 4548 con
1962 4476 2130 4548 doni
2175 4476 2248 4547 di
2293 4476 2635 4550 liberalite
2688 4478 2990 4569 gratiosa
3040 4479 3107 4550 la
3164 4479 3519 4553 divotione

699 4597 812 4670 de’
844 4597 1082 4689 fedeli,
1109 4605 1182 4670 et
1211 4597 1480 4671 allbora
1527 4620 1663 4672 oon
1707 4600 2022 4693 maggior
2070 4600 2294 4693 gloria
2336 4600 2500 4672 vien
2550 4602 2875 4674 essaltata
2912 4602 2982 4673 la
3017 4601 3356 4675 liberalite
3392 4625 3520 4676 au·

697 4730 937 4814 gusta,
985 4721 1273 4816 quando
1318 4742 1458 4795 non
1504 4745 1631 4818 per
1667 4723 1940 4819 priegbi
1983 4723 2489 4819 supplichevoli
2506 4776 2528 4815 ,
2583 4746 2698 4798 ma
2745 4748 2871 4822 per
2917 4726 3198 4822 proprio
3238 4737 3428 4803 moto
3464 4730 3526 4803 si

859 4847 968 4910 VI·
1008 4870 1125 4917 Pan
1142 4872 1188 4917 2.
3092 4858 3205 4912 11⁵
