4525 6031
714 713 917 775 lumcr.
945 710 1041 795 8.]
1616 705 2016 769 HISTORIA
2064 703 2663 767 DIPLOMATICA.
3416 699 3537 762 '169

715 847 983 920 civibus
1009 855 1201 918 metu
1228 864 1523 939 persone
1555 864 1680 914 sue
1715 842 2039 936 prestitit,
2077 841 2580 912 sententialiter
2619 839 2949 913 duximus
2987 839 3529 933 absolvendum,

712 982 794 1042 ut
826 970 918 1042 ad
950 968 1505 1042 observationem
1537 986 1778 1037 earum
1817 966 2214 1037 nullatenus
2259 965 2512 1037 amodo
2557 975 2902 1036 teneatur.
2938 962 3048 1036 Ad
3077 964 3284 1057 hujus
3324 966 3537 1056 igitur

712 1094 1166 1168 absolutionis
1218 1103 1453 1165 nostre
1505 1090 1905 1181 memoriam
1953 1100 2025 1162 et
2064 1090 2382 1162 stabilem
2415 1088 2842 1178 firmitatem,
2884 1110 3169 1184 presens
3198 1090 3534 1185 scriptum

714 1217 865 1291 fieri
895 1227 968 1290 et
1001 1217 1378 1310 majestatis
1409 1224 1646 1286 nostre
1679 1214 1904 1307 sigillo
1923 1214 2255 1305 jussimus
2284 1213 2723 1286 communiri.

674 1406 677 1407 γ
811 1343 1065 1413 Datum
1123 1340 1369 1432 Fogie,
1418 1358 1604 1411 anno
1666 1336 2011 1409 dominice
2066 1336 2560 1409 incarnationis
2612 1336 2977 1408 millesimo
3049 1335 3527 1411 ducentesimo

713 1463 1326 1559 quinquagesimo,
1368 1482 1608 1534 mense
1649 1460 1897 1552 madii,
1930 1469 2176 1533 octave
2218 1460 2641 1545 indictionis,

813 2022 1239 2108 Fridericus
1254 2086 1278 2133 ,
1342 2024 1865 2108 Romanorum
1914 2022 2357 2133 imperator,
2415 2024 2577 2133 regi
2631 2023 2998 2108 Castellae
3042 2027 3530 2136 'conqueritur

708 2156 807 2238 de
848 2182 1047 2265 papa
1093 2157 1228 2267 qui
1273 2156 1413 2239 sibi
1476 2155 1766 2239 bellum
1817 2155 2149 2239 inferens
2193 2155 2635 2239 discrimina
2679 2156 2954 2238 Terrae
2999 2157 3316 2241 Sanctae
3370 2184 3527 2243 non

707 2290 1052 2397 permisit
1101 2290 1398 2394 evitari,
1459 2300 1869 2399 monetque
1921 2315 2001 2372 se
2056 2289 2317 2372 audito
2370 2315 2553 2371 casu
2607 2288 2811 2396 regis
2874 2289 3375 2389 Francorum,
3445 2294 3525 2374 in

708 2447 948 2530 regno
998 2422 1297 2505 Siciliae
1339 2447 1771 2530 remanere,
1806 2422 2011 2505 unde
2061 2421 2308 2505 eidem
2343 2424 2502 2531 regi
2542 2421 2885 2505 subsidia
2920 2421 3217 2506 facilius
3255 2434 3522 2508 trans-

709 2554 1008 2638 mittere
1041 2554 1307 2665 possit.

875 2770 1064 2849 (Edit.
1090 2770 1153 2830 in
1179 2768 1346 2830 Petri
1369 2766 1441 2829 de
1471 2768 1605 2830 Vin.
1636 2769 1829 2849 epist„
1857 2768 1962 2829 llb.
1990 2769 2045 2843 1,
2072 2784 2205 2847 cap.
2231 2768 2377 2848 XV3
2403 2766 2536 2829 coll.
2575 2784 2715 2830 cum
2741 2769 2874 2829 cod.
2899 2766 3050 2830 Bibl.
3074 2769 3272 2832 Cesar.
3302 2766 3519 2845 Paris..

930 2873 1113 2955 fonds
1139 2873 1631 2938 Scine-Gonnum
1654 2871 1903 2954 Harlay,
1934 2883 2001 2936 n⁶
2026 2873 2196 2954 455.)

801 3090 1225 3182 FridericuS‚
1289 3101 1425 3163 etc.
1489 3091 1865 3163 Pensantes
1931 3088 2187 3171 amoris
2243 3088 2604 3180 affectum,
2662 3110 2875 3184 quem
2927 3090 3019 3161 ad
3077 3110 3203 3163 vos
3245 3113 3524 3188 semper

708 3214 1078 3286 habuimus
1119 3214 1456 3287 hactenus
1495 3224 1565 3286 et
1600 3214 1942 3286 habemus
1979 3214 2252 3285 illesum
2275 3266 2295 3303 ,
2336 3211 2626 3285 firmiter
2659 3213 3007 3285 credimus
3050 3224 3131 3286 ut
3171 3215 3349 3288 sicut
3393 3239 3522 3290 nos

705 3339 1042 3412 honorem
1134 3350 1445 3411 vestrum
1509 3348 1581 3410 et
1646 3338 2012 3410 commoda
2067 3337 2364 3409 libenter
2422 3338 2943 3432 amplectimur,
3016 3337 3115 3410 sic
3177 3361 3306 3412 vos
3368 3341 3521 3412 vice

705 3472 947 3535 mutua
979 3460 1081 3560 (a)
1112 3462 1413 3555 diligatis
1456 3472 1527 3534 et
1559 3471 1833 3553 nostra,
1877 3483 2014 3554 que
2061 3461 2365 3534 maxime
2409 3483 2688 3535 causam
2730 3473 3036 3535 vestram
3088 3464 3522 3559 aliorumque

704 3607 947 3678 regum
975 3596 1047 3657 et
1080 3585 1468 3681 principum
1495 3585 1894 3657 immediate
1929 3585 2393 3677 contingunt,
2430 3595 2502 3659 et
2537 3586 2609 3656 in
2642 3586 2897 3680 quibus
2926 3608 3069 3660 non
3099 3588 3328 3661 minus
3357 3610 3521 3662 ves-

705 3719 888 3781 trum
925 3732 1135 3804 quam
1167 3720 1479 3781 nostrum
1514 3709 1808 3781 vertitur
1838 3708 2198 3780 interesse.
2237 3711 2481 3781 Latere
2513 3731 2640 3781 vos
2666 3709 2948 3804 quidem
2979 3710 3155 3782 forte
3187 3733 3331 3783 non
3363 3733 3518 3784 cre-

704 3833 932 3906 dimus
965 3834 1264 3926 qualiter
1304 3831 1714 3930 pontificalis
1758 3832 2080 3921 ambitio,
2123 3832 2197 3903 in
2245 3831 2625 3927 imperialis
2665 3832 2948 3905 honoris
2988 3834 3416 3928 impendium
3449 3845 3521 3909 et

704 3956 994 4027 aliarum
1043 3956 1455 4048 dignitatum
1498 3955 1940 4044 secularium,
1992 3963 2240 4026 conata
2281 3964 2387 4025 est
2432 3976 2708 4048 semper
2737 3954 3072 4027 hactenus
3094 3958 3255 4047 jura
3279 3966 3519 4040 nostra

703 4079 1130 4152 confundere
1151 4088 1221 4151 et
1237 4088 1473 4151 nostre
1489 4078 1793 4173 potentie
1812 4077 2095 4150 brachia
2111 4078 2547 4168 conculcare,
2566 4078 2824 4149 faciens
2844 4099 3115 4150 cassare
3132 4080 3518 4150 Romanum

707 4204 1123 4299 principem,
1161 4213 1243 4274 ut
1274 4203 1365 4274 ad
1399 4223 1599 4294 reges
1631 4211 1702 4274 et
1753 4201 2100 4297 principes
2130 4202 2302 4272 alios
2336 4200 2710 4271 faciliorem
2730 4200 3004 4272 rhabeat
3047 4201 3121 4272 in
3147 4222 3270 4272 sua
3308 4203 3518 4296 cupi-

707 4326 922 4399 ditate
974 4348 1439 4422 progressum.
1493 4327 1680 4421 Papa
1720 4325 1999 4419 quidem
2044 4344 2185 4396 non
2229 4323 2605 4395 advertens
2639 4333 2810 4415 quot
2849 4335 2921 4395 et
2959 4333 3220 4417 quanta
3255 4324 3519 4397 mundo

705 4449 990 4523 dissidia
1027 4472 1119 4523 ex
1150 4449 1548 4543 hujusmodi
1586 4450 1978 4521 turbatione
2019 4447 2469 4544 proveniant,
2510 4456 2802 4519 tractare
2842 4470 2984 4519 non
3012 4447 3262 4521 desinit
3293 4449 3520 4542 quali-

711 4581 816 4644 ter
867 4572 1099 4645 hostes
1149 4583 1421 4646 nostros
1463 4581 1709 4646 contra
1761 4594 1891 4646 nos
1932 4571 2405 4667 temporaliter
2455 4570 2737 4662 incitet,
2795 4579 2868 4643 et
2905 4569 3146 4644 fideles
3189 4593 3231 4644 a
3281 4582 3519 4645 nostra

787 4800 874 4883 (a)
919 4802 989 4863 In
1017 4805 1217 4865 codice
1240 4802 1501 4864 invicem.

3703 2031 3824 2075 Malo

3628 2097 3681 2130 ve
3717 2087 3882 2142 junio]
