4525 6031
710 3803 762 3855 [J
770 3806 872 3848 unio

675 3863 894 3910 eremum

1007 552 1130 613 634
2010 557 2441 620 Flttnmuct
2492 556 2844 619 SECUNDI
3455 552 3620 632 [Ans.
3659 553 3833 616 12⁴8.

1004 686 1230 759 fidelis
1258 688 1504 778 nostri,
1523 688 1966 761 nunciatione
1993 693 2315 785 pervenit
2339 692 2532 785 quod
2563 714 2691 764 vos
2718 691 2867 761 zelo
2897 710 3069 784 pure
3098 687 3489 761 devotionis
3532 687 3833 778 accensi,

1002 821 1239 906 preter
1286 812 1760 883 universitatis
1799 823 2029 885 vestre
2076 816 2525 907 gravamina,
2556 836 2696 909 que
2731 834 2861 909 pro
2908 812 3111 885 nobis
3151 813 3484 884 continue
3520 822 3839 907 prompta

1005 936 1258 1007 mentis
1286 935 1638 1007 alacritate
1673 937 2043 1033 suscipitiS,
2087 948 2159 1009 et
2186 949 2421 1033 preter
2455 940 2727 1010 labores
2763 937 3204 1024 innumeroS,
3236 956 3415 1029 quos
3451 935 3839 1008 animorum

1005 1059 1191 1130 clara
1226 1080 1499 1153 semper
1531 1058 1892 1131 affectione
1924 1062 2238 1155 portatis,
2279 1062 2479 1134 solite
2518 1061 2910 1135 devotionis
2940 1060 3299 1150 affectum,
3336 1080 3546 1153 quem
3581 1059 3680 1131 ad
3712 1081 3839 1133 ex-

1007 1180 1400 1252 cellentiam
1438 1192 1749 1253 nostram
1780 1203 1908 1254 vos
1943 1206 2187 1275 gerere
2222 1185 2374 1256 sine
2411 1184 2783 1277 cujuslibet
2809 1183 3030 1255 verbo
3059 1182 3173 1253 vel
3216 1180 3434 1253 literis
3465 1181 3672 1276 plene
3704 1179 3837 1254 sei·

1008 1325 1201 1391 muS,
1245 1326 1471 1400 nuper
1527 1306 1901 1377 fructiferis
1951 1306 2393 1401 perficientes
2450 1307 2722 1380 indiciis
2742 1361 2766 1398 ,
2821 1329 2949 1401 pro
3001 1305 3505 1377 restauratione
3566 1326 3840 1378 camere

1008 1437 1270 1517 nostre,
1308 1449 1519 1520 quam
1552 1428 1821 1521 pridem
1858 1451 2061 1502 casus
2093 1431 2210 1502 ille
2250 1432 2451 1504 nobis
2488 1429 2598 1526 (ut
2634 1427 2970 1526 creditur)
3001 1428 3328 1502 horridus
3362 1437 3656 1525 repente
3685 1451 3839 1501 sur-

1010 1550 1259 1647 ripuit,
1303 1551 1391 1623 de
1434 1551 1633 1622 bonis
1672 1552 1925 1624 vestris
1963 1554 2424 1646 quantitatem
2468 1554 2678 1626 nobis
2729 1553 3059 1648 placitam
3098 1551 3442 1648 promptis
3484 1551 3842 1624 affectibus

1008 1675 1377 1747 obtulistis.
1412 1674 1511 1745 De
1532 1697 1671 1770 quo
1701 1672 1864 1747 fidei
1886 1686 2113 1748 vestre
2135 1688 2421 1748 constan
2431 1677 2594 1748 tiam
2613 1699 2698 1748 eo
2727 1676 3050 1748 laudibus
3072 1674 3388 1767 gratiosis
3412 1675 3837 1764 extollimuS,

1008 1819 1149 1893 quo
1185 1819 1396 1891 super
1423 1797 1529 1869 bis
1557 1798 1937 1870 voluntatis
1977 1809 2209 1871 vestre
2239 1798 2860 1895 promptitudinem
2893 1797 3322 1893 experimur.
3354 1798 3686 1870 Volentes
3707 1798 3838 1870 ita—

1010 1943 1147 2017 que
1176 1923 1375 1993 vobis
1403 1943 1612 2018 super
1640 1921 1801 2012 hoc,
1832 1944 2129 2016 quorum
2158 1933 2476 2017 sumptus
2503 1932 2574 1993 et
2591 1944 2804 1995 onera
2835 1921 3106 2016 passiva
3133 1921 3652 2015 quodammodo
3681 1941 3840 2016 par·

1015 2047 1408 2143 ticipatione
1437 2044 1800 2135 sentimuS,
1832 2046 2125 2137 gratiam
2159 2047 2390 2118 facere
2415 2046 2825 2140 specialem3
2866 2065 3026 2117 ecce
3064 2044 3368 2117 oblatam
3401 2065 3528 2139 per
3554 2065 3680 2117 vos
3712 2064 3836 2139 pe·

1014 2169 1291 2241 cuniam
1339 2191 1467 2265 pro
1514 2168 1811 2263 receptis
1856 2168 2261 2260 habuimus,
2304 2189 2515 2262 quam
2555 2168 2654 2241 sic
2704 2168 2908 2241 vobis
2949 2190 3111 2239 cum
3148 2167 3527 2260 gratiarum
3567 2166 3841 2263 placida

1014 2293 1348 2366 relatione
1374 2293 1816 2381 remittimus,
1847 2302 1926 2363 ut
1954 2292 2027 2362 in
2052 2293 2307 2365 nostris
2333 2294 2620 2366 cessisse
2652 2292 3076 2387 profectibus
3101 2292 3443 2382 videatur3
3473 2291 3564 2362 de
3590 2291 3844 2384 quibus

1014 2418 1073 2489 si
1103 2416 1276 2513 quid
1293 2418 1445 2510 jam
1475 2416 1851 2488 voluntatis
1897 2415 2146 2488 ardore
2189 2426 2608 2509 suggerente
2644 2416 2944 2488 solvistis
2971 2415 3042 2486 in
3079 2415 3466 2508 quant-itate
3502 2389 3843 2507 generalis

1015 2544 1302 2616 collecte
1344 2542 1544 2613 vobis
1591 2563 1814 2637 nuper
1853 2541 2199 2636 imposite,
2241 2542 2303 2613 si
2333 2541 2562 2613 minor
2592 2542 2708 2612 vel
2739 2540 3008 2633 equalis
3051 2551 3159 2613 est
3193 2538 3490 2629 oblatio,
3521 2540 3843 2612 volumus

1015 2667 1431 2763 computari.
1466 2666 1670 2751 Quod
1704 2666 1763 2736 si
1803 2665 2067 2738 oblatio
2104 2664 2451 2755 generalis
2490 2665 2668 2735 forte
2702 2664 2992 2737 collecte
3028 2673 3311 2759 superet
3344 2663 3836 2757 quantitatem,

1017 2812 1175 2865 eam
1204 2789 1567 2862 occasione
1591 2788 1959 2860 oblationis
1982 2787 2378 2879 hujusmodi
2406 2788 2731 2858 nolumus
2754 2788 3025 2858 solvere
3048 2808 3176 2859 vos
3200 2787 3450 2859 teneri.
3469 2788 3614 2859 Vos
3636 2786 3847 2877 igitur

1017 2924 1410 3011 presentem
1446 2910 1914 2983 munificentie
1940 2922 2174 2982 nostre
2197 2912 2490 3003 gratiam
2520 2910 2973 3004 suscipientes
2999 2908 3622 3001 hilariter-,firmam
3648 2931 3842 3005 spem

1018 3037 1482 3132 fiduciamque
1521 3036 1864 3130 concipite
1898 3036 2089 3128 quod
2120 3037 2210 3107 de
2238 3035 2615 3106 rebellibus
2648 3034 2902 3105 nostris
2937 3055 3113 3128 quos
3150 3034 3490 3106 babemus
3520 3034 3592 3106 in
3632 3035 3842 3106 mni-

1019 3161 1189 3250 bus,
1227 3160 1463 3231 votiva
1502 3159 1704 3230 nobis
1751 3158 2202 3252 proveniente
2248 3158 2573 3247 victoria,
2615 3156 2868 3230 nostris
2909 3157 3295 3251 vestrisque
3338 3158 3730 3255 sumptibus
3773 3167 3843 3232 et

1021 3283 1442 3376 sumptuosis
1469 3282 1823 3354 laboribus
1850 3280 2061 3352 finem
2088 3281 2511 3352 laudabilem
2547 3281 3012 3376 imponemus.

1131 3790 1595 3893 FridericuS,
1641 3789 2163 3871 Romanorum
2213 3790 2662 3896 imperator,
2713 3786 3063 3868 fidelibus
3116 3785 3274 3867 suis
3322 3783 3582 3867 scribit
3632 3782 3842 3892 quod

1022 3948 1201 4004 cum
1246 3923 1344 4005 ad
1381 3922 1688 4031 plenam
1725 3922 2248 4004 Parmensium
2287 3919 2876 4003 destructionem
2926 3918 3246 4026 pecunia
3294 3916 3438 3999 sibi
3493 3926 3842 3997 tantum-

1023 4057 1255 4138 modo
1298 4057 1633 4158 defieiat,
1677 4055 1773 4136 ad
1811 4080 1940 4136 eos
1981 4053 2411 4161 Philippum
2455 4052 2883 4134 Pattensem
2937 4051 3379 4160 episcopum
3428 4048 3659 4130 mittit
3700 4072 3840 4156 pro

1021 4189 1342 4294 pecunia
1380 4186 1890 4296 recolligenda
1916 4197 1992 4268 et
2025 4185 2370 4268 celeriter
2403 4184 3012 4266 transmittenda.

1185 4372 1374 4451 (Edit.
1406 4376 1470 4433 tn
1497 4372 1665 4434 Petri
1706 4371 1775 4432 de
1820 4373 1946 4432 Vin.
1989 4372 2186 4451 epist„
2218 4373 2324 4431 lib.
2356 4370 2453 4442 11,
2485 4387 2614 4447 cap.
2665 4369 2889 4443 xum
2928 4370 3061 4430 coll.
3106 4383 3245 4429 cum
3281 4367 3416 4430 cod.
3452 4366 3605 4427 Bibl.
3639 4366 3837 4427 Cesar.

1182 4468 1199 4488 '
1262 4474 1670 4556 Paris.‚sends
1691 4477 2109 4555 Nom-Dama,
2139 4487 2205 4537 n·
2233 4474 2402 4552 202.)

1117 4638 1260 4709 Etsi
1306 4638 1665 4709 nobiscum
1698 4635 2070 4722 hactenuS‚
2102 4645 2472 4731 postquam
2503 4655 2545 4705 a
2582 4654 2799 4726 regno
2835 4631 3312 4724 discessimus,
3346 4640 3606 4704 eventu
3642 4628 3840 4702 vario
