4525 6031
748 4161 937 4216 [lunio-1

1072 669 1195 731 738
2069 666 2501 728 FRIDERICI
2547 664 2894 727 SECUNDI
3514 657 3678 748 [An.
3714 668 3893 734 1249.

1076 813 1258 875 trum
1289 802 1361 873 in
1387 801 1743 874 tristiciam
1770 810 2245 874 convertetur.
2274 800 2714 874 Considerate
2746 800 2955 892 igitur
2967 797 3257 895 provide
3286 809 3359 871 et
3383 800 3721 873 attendite
3745 802 3894 875 dili-

1071 935 1318 1018 genter
1377 926 1567 1018 quod
1618 926 1935 1019 quamvis
2003 926 2275 1019 imperii
2330 925 2549 997 nostri
2595 924 2930 996 serenitas
2999 944 3203 1017 passa
3251 922 3574 996 videatur
3625 925 3895 1020 aliquas

1073 1058 1518 1143 tempestates
1540 1100 1560 1138 ,
1594 1057 1825 1119 tamen
1863 1048 1934 1119 in
1970 1049 2182 1141 digno
2209 1048 2335 1118 Dei
2371 1046 2636 1139 judicio
2673 1046 2928 1118 multos
2970 1044 3060 1117 de
3106 1046 3242 1118 illis
3269 1047 3389 1138 qui
3419 1048 3713 1120 rebelles
3740 1071 3893 1122 esse

1069 1181 1306 1242 nostre
1342 1171 1653 1265 potentie
1688 1179 2304 1265 presumpserunt,
2347 1169 2631 1262 justicia
2671 1170 3052 1259 mediante,
3089 1169 3180 1240 ad
3210 1191 3463 1265 penam
3493 1180 3564 1242 et
3594 1182 3894 1244 mortem

1070 1294 1536 1368 conduximus
1564 1347 1584 1385 ,
1619 1295 2019 1388 exemplum
2047 1294 2316 1365 cunctis
2341 1293 2737 1366 hominibus
2764 1292 2980 1364 seculi
3013 1294 3485 1365 monstraturi.
3521 1294 3676 1367 Non
3706 1296 3894 1368 enim

1070 1417 1250 1488 sicut
1279 1428 1523 1512 putare
1553 1416 1885 1490 videmini
1915 1469 1935 1507 ,
1973 1418 2197 1512 sopita
2233 1427 2341 1489 est
2364 1417 2655 1489 Romani
2692 1417 2965 1511 imperii
3002 1416 3366 1509 fortitud03
3416 1439 3580 1489 nam
3615 1440 3894 1515 semper

1025 1611 1034 1620 ,
1068 1542 1365 1635 vigilans
1402 1552 1474 1613 et
1512 1551 1778 1612 attenta
1813 1541 2124 1635 potentia
2170 1562 2312 1613 non
2345 1540 2696 1613 dormitat.
2744 1542 3168 1632 Interrogate
3205 1550 3436 1635 patres
3460 1550 3731 1614 vestros
3755 1595 3775 1633 ,
3822 1553 3894 1616 et

1069 1664 1305 1737 dicent
1338 1664 1540 1737 vobis
1579 1665 1908 1757 quoniam
1944 1685 2118 1735 avus
2153 1673 2392 1736 noster
2417 1664 2634 1735 felicis
2665 1663 2997 1735 memorie
3025 1664 3624 1762 victoriosissimus
3653 1666 3892 1739 Fride·

1069 1789 1292 1880 ricuS,
1337 1810 1497 1859 cum
1526 1788 1784 1878 voluit,
1822 1788 2374 1860 Mediolanenses
2406 1788 2672 1882 priores
2714 1796 2981 1860 vestros
3017 1788 3290 1881 expulit
3319 1809 3362 1859 a
3398 1791 3694 1884 propriis
3726 1792 3888 1863 lari-

1067 1912 1201 1983 bus
1237 1921 1311 1983 et
1347 1911 1588 2004 ejecit,
1629 1932 1711 1982 ac
1741 1911 2095 1982 civitatem
2126 1912 2349 2005 ipsam
2387 1912 2757 2005 tripartivit
2783 1911 2856 1982 in
2888 1911 3148 2004 burgis.
3185 1911 3339 1984 Non
3370 1912 3579 2004 igitur
3606 1924 3892 2009 pateant

1069 2034 1270 2106 facile
1325 2054 1530 2105 aures
1578 2044 1809 2105 vestre
1849 2034 2410 2126 suggestionibus
2454 2055 2537 2105 ac
2581 2034 3095 2107 adulationibus
3138 2036 3717 2129 Lombardorum,
3768 2039 3889 2131 qui

1068 2179 1196 2230 vos
1240 2179 1364 2229 sue
1403 2157 1828 2228 damnationi
1864 2158 2189 2229 associari
2228 2158 2555 2252 cupiunt,
2606 2157 3014 2231 inducentes
3044 2179 3172 2230 vos
3207 2159 3282 2229 in
3315 2159 3587 2231 foveam
3619 2159 3708 2232 de
3749 2182 3890 2255 qua

1070 2282 1266 2353 nullo
1298 2281 1561 2353 auxilio
1601 2281 1912 2374 poteritis
1957 2280 2255 2352 liberari.
2304 2282 2742 2377 Quapropter
2777 2281 2908 2352 sub
2939 2302 3122 2375 pena
3153 2281 3373 2374 gratie
3415 2293 3650 2355 nostre
3688 2285 3890 2357 vobis

1071 2404 1490 2501 precipimus
1540 2414 1612 2475 et
1659 2403 2070 2476 mandamus
2116 2413 2462 2496 quatenus
2506 2404 2833 2475 dilectum
2887 2402 3106 2474 filium
3153 2414 3471 2476 nostrum
3518 2407 3601 2477 H.
3650 2428 3888 2500 regem

1069 2529 1385 2601 Sardinie
1422 2537 1495 2600 et
1525 2528 1787 2599 Galluri
1807 2581 1827 2619 ,
1871 2550 2031 2599 cum
2063 2528 2217 2600 aliis
2252 2526 2577 2600 fidelibus
2607 2527 2861 2599 nostris
2890 2527 3503 2620 CremonensibuS,
3538 2532 3885 2604 Mutinen-

1068 2654 1259 2725 sibus
1330 2661 1399 2724 et
1449 2651 1698 2724 ceteris
1752 2653 1903 2723 aliis
1957 2674 2134 2747 quos
2188 2653 2503 2749 cepistiS,
2556 2651 2724 2723 visis
2777 2652 3254 2748 presentibus,
3341 2653 3429 2726 de
3489 2656 3884 2729 carceribus

1068 2777 1421 2848 relaxetis.
1469 2774 1673 2862 Quod
1719 2776 1776 2846 si
1819 2776 2147 2864 feceritiS‚
2184 2798 2314 2847 nos
2357 2777 2539 2847 inter
2576 2776 2747 2847 alias
2786 2775 3098 2846 civitates
3140 2777 3550 2850 Lombardie
3581 2790 3887 2853 vestram

1069 2896 1530 2971 exaltabimus
1587 2899 1934 2971 civitatem
1983 2923 2001 2968 :
2049 2899 2102 2969 si
2162 2919 2334 2970 vero
2392 2898 2701 2992 potentie
2757 2908 2993 2970 nostre
3039 2898 3380 2971 mandatis
3421 2903 3887 2994 neglexeretis

1068 3024 1355 3097 obedire
1381 3076 1402 3114 ,
1459 3022 1942 3117 triumphalem
2002 3033 2073 3094 et
2117 3023 2692 3094 innumerabilem
2751 3033 3065 3096 nostrum
3123 3026 3508 3097 exercitum
3552 3039 3882 3123 expecta-

1068 3149 1270 3237 bitis;
1314 3147 1558 3242 procul
1616 3147 1830 3219 dubio
1883 3158 2382 3240 cognoscentes
2440 3147 2630 3238 quod
2680 3146 2773 3219 ad
2825 3168 2953 3219 vos
3023 3149 3215 3219 omni
3259 3170 3452 3221 mora
3503 3153 3886 3246 postposita

1069 3272 1467 3359 veniemu5‚
1508 3279 1578 3340 et
1608 3270 1956 3340 civitatem
2003 3270 2224 3364 ipsam
2265 3261 2736 3341 obsidebimus
2758 3322 2778 3360 ,
2819 3292 2950 3342 nec
2994 3271 3083 3343 de
3123 3272 3443 3344 manibus
3476 3275 3727 3353 nostris
3758 3296 3887 3348 vos

1074 3394 1367 3464 liberare
1387 3400 1716 3486 poterunt
1736 3392 2010 3483 Ligurie
2045 3392 2460 3486 proditoreS,
2492 3392 2820 3464 sederitis
2841 3394 3075 3465 fabula
3100 3405 3169 3467 et
3186 3397 3636 3492 opprobrium
3661 3400 3883 3472 natio-

1071 3538 1279 3605 num,
1318 3536 1400 3586 ac
1431 3513 1632 3587 vobis
1662 3515 2243 3610 improperabitur
2275 3515 2345 3586 in
2381 3525 2727 3587 eternum.

1513 3862 1867 3872 “m
1874 3862 2781 3875 m-——n-——U—
2793 3865 2822 3873 Ἰο
2828 3866 3449 3880 ...αα-*φ*-

1172 4141 1589 4249 Responsio
1657 4141 2250 4226 Bononiensium
2316 4144 2413 4225 ad
2468 4143 2756 4228 litteras
2828 4147 3184 4232 Friderici
3241 4150 3713 4260 imperatoris
3734 4214 3758 4259 ,
3803 4166 3880 4238 et

1066 4273 1275 4382 quod
1311 4299 1571 4384 regem
1605 4273 1963 4358 Hentium
2000 4301 2155 4359 non
2186 4276 2593 4361 dimittent.

1227 4552 1472 4630 (lnedlt.
1499 4570 1575 4613 ex
1600 4555 1728 4614 cod.
1759 4553 1914 4614 Bibl.
1945 4556 2145 4618 Cesar.
2175 4558 2395 4631 Paris„
2422 4573 2555 4617 ane.
2565 4554 2750 4636 fonds
2769 4508 2952 4637 ‘latim
2980 4569 3047 4621 n⁰
3077 4569 3257 4637 8566,
3285 4578 3424 4624 cum
3450 4565 3564 4626 hac
3589 4566 3862 4628 rubrica:

1308 4678 1341 4716 α
1362 4659 1664 4738 Responsio
1681 4677 1793 4739 per
1820 4657 2101 4719 doctorem
2123 4661 2401 4721 eximium
2427 4662 2494 4722 in
2520 4660 2732 4744 leqibus
2759 4662 3054 4726 dominum
3080 4665 3470 4730 Rolandinum
3495 4668 3564 4731 de
3585 4670 3870 4752 Pannyc-

1302 4764 1409 4824 rt'is
1432 4766 1607 4826 civem
1631 4766 2059 4827 Bononiensem.
2093 4786 2127 4826 ι
