4525 6031
685 640 888 704 tamer.
919 633 1010 716 2.]
1579 632 1975 699 msronm
2021 631 2618 693 mPLouArmA.
3298 613 3303 616 ’
3386 633 3508 695 855

781 771 1177 863 Conradus,
1225 771 1371 844 divi
1413 769 1690 863 augusti
1735 766 2167 863 imperatoris
2206 766 2534 838 Friderici
2577 765 2793 853 filius,
2835 767 2963 839 Dei
2998 768 3219 860 gratia
3252 770 3505 842 Roma·

689 919 940 969 norum
973 896 1043 967 in
1082 917 1319 989 regem
1351 895 1614 966 electus
1633 947 1652 984 ,
1691 915 1965 987 semper
1995 900 2330 984 augnstus
2356 899 2426 962 et
2452 891 2656 962 heres
2686 891 2883 982 regni
2905 893 3317 983 Jerusalem,
3340 914 3506 987 pro-

691 1019 993 1092 curatori
1022 1017 1420 1112 Burgundie
1452 1039 1577 1112 pro
1605 1025 1915 1113 tempore
1948 1015 2350 1105 constituto,
2391 1014 2719 1104 sculteto,
2751 1015 3035 1087 consilio
3068 1026 3139 1087 et
3167 1016 3509 1089 universis

691 1143 958 1215 civibus
994 1143 1084 1215 de
1137 1145 1365 1215 Berno
1396 1140 1716 1213 fidelibus
1747 1141 1924 1232 suis,
1954 1130 2246 1232 gratiam
2278 1160 2475 1210 suam
2496 1149 2567 1235 et
2596 1159 2802 1210 omne
2828 1139 3121 1210 bonum.
3147 1139 3512 1211 Devotioni

689 1277 921 1339 vestre
960 1278 1205 1342 notum
1250 1287 1402 1338 esse
1441 1267 1764 1337 volumus
1804 1285 1930 1359 per
1958 1272 2316 1357 presentes
2347 1262 2539 1355 quod
2565 1263 2984 1335 venerabilis
3016 1261 3205 1357 prior
3239 1272 3309 1334 et
3339 1284 3507 1334 con-

687 1401 941 1463 ventus
993 1391 1081 1462 de
1133 1391 1736 1482 Ruecgersberge,
1789 1387 2032 1460 fideles
2072 1387 2329 1475 nostri,
2369 1387 2441 1457 in
2474 1397 2709 1480 nostra
2739 1386 3084 1480 presentia
3114 1387 3503 1475 constituti,

687 1517 1092 1612 optulerunt
1112 1514 1504 1587 celsitudini
1526 1523 1758 1587 nostre
1782 1511 2071 1584 ecclesie
2096 1533 2219 1582 sue
2239 1510 2628 1606 privilegia,
2647 1531 2739 1580 ex
2758 1531 3052 1600 quorum
3078 1510 3512 1584 documentis

685 1639 1183 1735 perpendimus
1252 1638 1614 1711 evidenter
1660 1636 2013 1730 quomodo
2059 1635 2269 1707 iidem
2315 1645 2629 1706 nostrum
2683 1642 2754 1704 et
2810 1633 3080 1728 imperii
3131 1634 3511 1707 dominium

688 1762 910 1834 libero
941 1764 1229 1835 arbitrio
1260 1764 1766 1858 amplexanteS,
1801 1761 2159 1860 dominum
2191 1769 2261 1830 et
2291 1769 2560 1854 patrem
2593 1768 2908 1844 nostrum
2930 1758 3416 1853 imperatorem
3444 1770 3515 1832 et
3605 1738 3613 1744 ²

693 1908 822 1958 nos
874 1888 946 1958 in
997 1887 1413 1960 advocatum
1456 1887 1586 1958 sibi
1641 1885 1979 1978 elegerint
2022 1894 2095 1957 et
2137 1893 2436 1956 tutorem
2460 1937 2479 1974 ,
2530 1882 2882 1954 humiliter
2916 1884 3387 1978 supplicantes
3435 1896 3515 1956 ut

695 2010 1051 2092 libertates
1083 2020 1153 2082 et
1173 2013 1333 2104 jura
1360 2010 1613 2104 quibus
1639 2009 1976 2081 hactenus
2007 2019 2170 2080 sunt
2199 2007 2445 2100 gavisi,
2483 2007 2583 2078 eis
2615 2005 2957 2078 ratificare
2996 2018 3064 2079 et
3105 2005 3516 2082 confirmare

698 2133 1022 2227 ipsosque
1055 2134 1124 2204 in
1157 2142 1464 2206 nostram
1497 2145 1568 2205 et
1592 2132 1862 2228 imperii
1880 2132 2380 2227 protectionem
2402 2152 2753 2202 assumere
2780 2153 2863 2202 ac
2886 2141 3115 2203 vestre
3135 2118 3521 2205 defensioni

697 2258 1129 2329 committere
1167 2258 1255 2330 de
1300 2269 1535 2330 nostra
1573 2259 1792 2351 gratia
1818 2257 2292 2350 dignaremur.
2328 2257 2471 2328 Nos
2496 2255 2731 2349 itaque
2765 2256 3233 2351 predictorum
3271 2259 3519 2352 prioris

696 2391 767 2454 et
785 2394 1174 2454 conventus
1197 2383 1468 2455 devotis
1481 2381 2098 2477 supplicationibus
2122 2380 2488 2472 benignius
2512 2392 2926 2470 annuenteS,
2954 2382 3045 2452 ad
3064 2381 3518 2455 imitationem

695 2505 1018 2579 divorum
1094 2506 1618 2601 progenitorum
1681 2514 2077 2578 nostrorum
2134 2524 2378 2596 regum
2437 2512 2509 2575 et
2565 2499 3061 2598 imperatorum
3080 2559 3099 2594 ,
3157 2506 3524 2578 universas

697 2630 1054 2702 libertates
1069 2642 1139 2702 et
1151 2633 1314 2724 jura
1328 2630 1582 2723 quibus
1598 2638 1678 2701 ut
1699 2629 1841 2701 suis
1871 2629 2132 2720 gaudet
2162 2626 2540 2721 privilegiis
2568 2628 2858 2700 ecclesia
2883 2641 3294 2719 memorata,
3321 2632 3519 2703 favo-

700 2754 1010 2826 rabiliter
1062 2755 1564 2850 approbantes,
1632 2763 2021 2848 assumptos
2069 2773 2190 2825 eos
2246 2761 2319 2823 et
2367 2753 2597 2848 locum
2646 2753 2952 2845 ipsorum
2998 2774 3158 2823 cum
3202 2754 3406 2827 bonis
3452 2766 3524 2829 et

704 2878 1099 2951 hominibus
1160 2902 1298 2972 que
1340 2878 1413 2950 in
1461 2878 1764 2975 presenti
1790 2879 1976 2970 juste
2006 2886 2245 2947 tenent
2270 2876 2387 2948 vel
2422 2875 2826 2946 infuturum
2861 2876 3164 2969 legitime
3194 2887 3525 2973 poterunt

703 3001 993 3098 adipisci
1026 3004 1156 3075 sub
1186 3011 1419 3077 nostre
1453 3012 1522 3075 et
1555 3001 1823 3098 imperii
1847 3000 2293 3098 protectionis
2321 2999 2621 3096 presidio
2654 3000 2961 3096 speciali,
3003 3024 3085 3074 ea
3117 3001 3521 3076 deffensioni

699 3138 933 3199 vestre
957 3128 1289 3200 duximus
1317 3127 1846 3217 committenda3
1887 3125 2299 3197 mandantes
2322 3135 2393 3197 et
2415 3136 2554 3197 tam
2574 3126 2985 3197 auctoritate
3005 3136 3295 3222 paterna
3313 3149 3524 3222 quam

701 3260 939 3322 nostra
994 3251 1454 3347 precipientes
1507 3250 1817 3323 districte
1862 3260 2208 3343 quatenus
2248 3258 2685 3345 prenotatam
2732 3249 3092 3322 ecclesiam
3137 3272 3296 3322 cum
3322 3252 3526 3324 bonis

677 3384 774 3455 ,et
807 3374 1203 3447 hominibus
1235 3375 1376 3447 suis
1401 3374 1910 3447 manuteneatis
1929 3372 2301 3445 efficaciter
2321 3381 2392 3444 et
2413 3372 2825 3447 deffendatis
2840 3428 2860 3466 ,
2879 3396 3022 3446 non
3046 3376 3527 3470 permittentes

703 3499 895 3591 quod
932 3500 1327 3593 aliquorum
1370 3498 1753 3569 temerariis
1785 3498 2154 3570 insultibus
2179 3499 2661 3587 molestentur,
2700 3510 2967 3570 certum
2999 3499 3306 3571 habituri
3339 3502 3529 3595 quod

705 3644 884 3716 eque
920 3633 1249 3718 tanquam
1277 3644 1407 3718 pro
1432 3623 1707 3714 juribus
1736 3631 1806 3693 et
1834 3621 2038 3694 bonis
2065 3621 2320 3694 nostris
2350 3633 2627 3715 gratum
2667 3622 3037 3718 recipimus
3084 3633 3154 3695 et
3192 3624 3529 3696 habemus

706 3747 763 3819 si
798 3747 1088 3820 ecclesia
1119 3746 1517 3841 supradicta
1544 3746 1914 3817 efficaciter
1941 3745 2150 3819 fuerit
2175 3768 2302 3841 per
2317 3767 2445 3817 vos
2467 3746 2780 3818 defensa.
2808 3745 2921 3818 Ad
2943 3732 3400 3841 liujusitaque
3429 3749 3530 3821 rei

709 3870 1110 3941 memoriam
1148 3878 1508 3963 presentes
1553 3848 1822 3940 litteras
1861 3869 2084 3965 sigillo
2120 3879 2355 3939 nostre
2392 3868 2819 3940 celsitudinis
2859 3870 3149 3941 fecimus
3183 3870 3521 3942 roborari.

805 3995 1057 4065 Datum
1083 3992 1274 4087 apud
1302 3994 1637 4082 Bernum,
1673 4014 1860 4066 anno
1882 3992 2226 4065 dominice
2253 3992 2747 4064 incarnationis
2776 3994 2871 4064 Μ.
2889 3992 3011 4064 CC.
3030 3994 3262 4085 XLIV,
3294 4016 3529 4066 mense

707 4116 1071 4209 februarii,
1102 4117 1408 4190 secunde
1440 4116 1859 4190 indictionis.

1765 4369 2210 4379 *m

819 4586 1259 4693 ConraduS,
1316 4586 1397 4666 in
1449 4585 1972 4668 Romanorum
2016 4604 2276 4695 regern
2333 4554 2658 4691 electuS,
2712 4582 3071 4666 omnibus
3124 4585 3540 4667 castrensi-
3705 4612 3834 4668 ma

3626 4668 3884 4722 Bagaeum

709 4718 859 4801 bus
895 4720 992 4802 de
1031 4718 1508 4828 Oppenheim
1544 4718 1891 4802 concedit
1927 4719 2137 4829 quod
2174 4718 2357 4826 ipsi,
2403 4743 2677 4800 uxores
2714 4728 2791 4802 et
2823 4718 3186 4801 haeredes
3221 4717 3542 4829 legitimi
3627 4725 3684 4767 ²⁸
3703 4699 3922 4765 ‘’mm‘’-
