4525 6031
752 2890 809 2933 η
830 2888 957 2944 juin.

1081 680 1202 743 778
2083 679 2517 746 rmnssmcl
2564 682 2913 748 suenum
3526 690 3689 772 [Anu.
3726 691 3905 754 1250.

1082 816 1569 913 plicationibus
1604 817 1747 889 suis
1773 836 1901 913 per
1936 828 2242 891 nostram
2290 821 2776 893 excellentiam
2822 821 3179 917 provideri
3216 821 3395 919 (sic),
3432 823 3747 899 fidelitati
3790 838 3908 901 tue

1086 940 1536 1037 precipiendo
1565 938 1980 1013 mandamus
2011 952 2361 1034 quatenus
2393 944 2450 1013 si
2486 942 2731 1032 estita,
2771 943 3162 1039 predictum
3188 948 3683 1019 monasterium
3700 970 3910 1046 super

1086 1065 1301 1160 ipsius
1340 1066 1526 1160 petie
1560 1074 1746 1137 terre
1792 1067 2228 1161 possessione
2264 1064 2551 1161 pacifica
2585 1067 2677 1139 de
2711 1076 2945 1138 cetero
2973 1088 3114 1140 non
3152 1068 3447 1163 impetas
3477 1092 3608 1142 nec
3640 1083 3910 1166 pertur-

1087 1182 1250 1278 bes,
1311 1208 1398 1261 eo
1445 1188 1909 1282 nequicquam
1971 1190 2292 1261 obstante
2341 1190 2533 1283 quod
2582 1192 2656 1260 in
2706 1191 3023 1286 predicto
3063 1193 3392 1267 mandato
3437 1204 3678 1267 nostro
3723 1195 3907 1267 dicta

1092 1313 1277 1407 petia
1315 1322 1497 1384 terre
1530 1314 1736 1384 certis
1768 1335 1910 1384 non
1943 1313 2071 1385 fuit
2107 1311 2364 1385 finibus
2394 1312 2712 1385 limitata.

1187 1438 1440 1508 Datum
1494 1435 1566 1508 in
1630 1436 1894 1531 campis
1940 1457 2160 1532 prope
2221 1435 2599 1509 Bisacciam
2626 1491 2646 1529 ,
2694 1437 3027 1510 vicesimo
3082 1448 3335 1511 octavo
3372 1439 3599 1532 junii,
3661 1449 3907 1515 octavo

1087 1558 1514 1630 indictionis.

1186 1678 1386 1755 Unde
1431 1683 1524 1755 ad
1569 1684 1872 1754 futuram
1916 1682 2324 1755 memoriam
2352 1693 2424 1755 et
2446 1683 2740 1778 predicti
2767 1684 3169 1756 monasterii
3198 1686 3577 1776 cautelam,
3619 1706 3906 1781 presens

1087 1801 1419 1901 scriptum
1454 1805 1808 1900 publicum
1837 1806 1926 1877 de
1953 1802 2281 1900 predictis
2306 1806 2628 1878 omnibus
2656 1804 2808 1877 fieri
2840 1807 2970 1878 feci
3002 1828 3130 1901 per
3154 1828 3407 1879 manus
3437 1808 3686 1903 prefati
3712 1819 3907 1883 nota·

1090 1928 1173 2000 rii
1192 1979 1212 2019 ‚
1246 1928 1754 2023 subscriptione
1783 1941 2020 2001 nostra
2052 1940 2124 2001 et
2150 1929 2620 2024 predictorum
2652 1928 2933 2000 testium
2963 1931 3391 2001 roboratum.

1184 2054 1331 2125 Hoc
1362 2050 1693 2147 scriptum
1726 2053 1966 2148 scripsi
2000 2072 2132 2145 ego
2174 2052 2523 2126 Iohannes
2554 2054 2877 2148 publicus
2904 2051 3136 2149 Capue
3167 2055 3481 2127 notarius
3512 2066 3586 2128 et
3626 2057 3906 2130 interfui

1088 2185 1159 2247 et
1193 2158 1353 2246 meo
1385 2177 1585 2267 signo
1619 2175 1886 2267 signavi
1920 2177 2178 2271 Capue.

1184 2300 1332 2389 Ego
1363 2298 1483 2390 qui
1517 2318 1726 2392 supra
1754 2298 2053 2371 Iacobus
2076 2299 2324 2390 judex.

2954 2596 3491 2612 ΟἫ

1201 2875 1410 2957 Cono
1463 2875 1560 2957 de
1621 2874 2012 2956 Bercheim
2066 2899 2244 2956 cum
2297 2875 2675 2959 Matthaeo
2736 2878 2931 2960 duce
2982 2876 3517 2986 Lotharingiae
3567 2900 3903 2958 concor-

1091 3006 1300 3089 diam
1351 3005 1511 3115 agit
1566 3005 1662 3088 de
1710 3018 1960 3090 castro
2013 3005 2385 3114 Estuphin
2449 3006 2771 3117 aliisque
2823 3004 3258 3091 feudalibus
3315 3006 3546 3091 rebus
3564 3068 3591 3114 ,
3642 3032 3905 3090 reser-

1090 3149 1268 3221 vato
1331 3139 1539 3247 quod
1608 3138 1881 3246 poterit
1942 3138 2213 3246 juvare
2279 3139 2682 3222 dominum
2727 3164 2956 3223 suum
3002 3138 3485 3222 Fredericum
3558 3139 3903 3247 impera-

1096 3282 1336 3352 torem
1357 3329 1378 3371 ,
1431 3296 1690 3379 regem
1746 3270 2186 3352 Conradum
2241 3270 2488 3352 filium
2547 3271 2714 3380 ejus
2737 3331 2762 3378 ,
2841 3272 3199 3355 comitem
3269 3271 3756 3380 Rudolphum
3809 3271 3905 3355 dc

1093 3400 1550 3510 Habsbourg
1591 3413 1666 3483 et
1698 3401 2034 3483 Ulricum
2061 3402 2461 3485 dominum
2499 3405 2597 3485 de
2629 3403 3150 3513 Rappolstein.

1260 3616 1460 3694 (Edld.
1494 3613 1895 3694 Senon-rum,
1920 3614 2112 3680 Ahar.
2141 3613 2472 3697 dfflomat„
2505 3625 2552 3678 t.
2581 3618 2631 3689 1,
2651 3636 2713 3697 p.
2743 3627 2885 3698 403,
2908 3629 2974 3679 n⁰
3001 3616 3334 3693 Dxxxlx,
3353 3634 3427 3676 cx
3450 3616 3745 3677 tabulario
3761 3615 3898 3678 duc.

1336 3724 1574 3784 Lothar.
1605 3723 1893 3800 Nanceii.)

1189 3914 1334 4005 Ego
1367 3913 1554 3985 Cono
1591 3908 1680 3984 de
1707 3908 2064 3983 Bercheim
2103 3921 2347 3983 notum
2375 3911 2553 3984 facio
2585 3910 2925 3985 universis
2952 3923 3312 4007 presentes
3342 3911 3607 3982 litteras
3631 3910 3901 4005 inspeoe

1095 4040 1266 4112 turis
1312 4037 1499 4130 quod
1541 4037 1821 4107 illustris
1852 4036 1959 4108 vir
1990 4036 2313 4108 dominus
2346 4057 2541 4108 meus
2572 4037 2918 4108 Mattheus
2949 4036 3099 4108 dux
3128 4034 3565 4127 Lotharingie
3606 4043 3678 4105 et
3714 4055 3899 4105 mar·

1093 4161 1250 4235 chio
1281 4182 1526 4256 pacem
1562 4160 1722 4232 fecit
1753 4181 2025 4231 mecum
2063 4170 2132 4230 et
2173 4181 2334 4230 cum
2382 4157 2525 4233 filio
2555 4179 2715 4231 meo
2746 4159 3096 4231 Ludovico
3140 4159 3230 4231 de
3268 4158 3458 4231 omni
3504 4159 3793 4252 querela
3833 4167 3903 4229 et

1094 4305 1381 4358 rancore
1416 4305 1592 4377 quos
1628 4283 1931 4355 habebat
1966 4302 2132 4375 erga
2157 4305 2336 4354 nos:
2373 4285 2493 4355 tali
2525 4283 2738 4355 modo
2768 4283 2956 4376 quod
2990 4281 3125 4374 ego
3145 4282 3396 4355 deveni
3410 4281 3621 4355 homo
3643 4285 3814 4353 snus
3831 4290 3903 4352 et

1094 4412 1241 4505 ipse
1270 4393 1437 4479 mihi
1466 4407 1758 4479 contulit
1777 4407 1849 4477 in
1871 4406 2083 4478 feudo
2111 4417 2183 4477 et
2211 4407 2532 4500 homagio
2562 4416 2634 4478 et
2663 4406 2850 4477 dicto
2877 4392 3227 4478 Ludovico
3251 4403 3395 4477 filio
3421 4425 3580 4476 meo
3604 4405 3719 4476 vel
3749 4404 3901 4477 aliis

1094 4532 1253 4606 filiis
1294 4533 1546 4604 nostris
1583 4552 1760 4623 quos
1799 4530 2214 4601 haberemus
2248 4529 2339 4603 de
2392 4531 2698 4621 legitimo
2726 4525 3193 4620 matrimonio,
3225 4540 3527 4603 castrum
3562 4528 3900 4623 Estuphin

1093 4674 1254 4729 cum
1286 4656 1607 4728 omnibus
1635 4653 2050 4749 appenditiis
2078 4653 2393 4745 ejusdem
2419 4653 2664 4744 castri,
2710 4654 2972 4726 scilicet
3013 4655 3343 4725 Sanctum
3374 4652 3803 4747 Hippolitum
3830 4660 3903 4722 et

1095 4755 1542 4865 Anescheim3
1576 4777 1709 4849 hoc
1741 4778 1933 4848 salvo
1960 4776 2017 4848 si
2047 4773 2478 4869 contingeret
2503 4777 2693 4871 quod
2720 4799 2897 4872 puer
2917 4778 3038 4871 qui
3054 4775 3654 4850 diciturHenricus
3669 4793 3902 4848 comes
