4525 6031
678 630 882 691 lamet.
913 630 1006 707 5.]
1580 624 1972 689 msroma
2026 621 2625 686 nlrnouarmA.
3388 620 3518 697 555,

684 773 757 838 et
785 763 1116 836 mandata
1149 772 1387 836 nostra
1422 762 1786 835 redeundo
1812 761 2206 835 voluntarie
2244 760 2360 832 vel
2393 766 2668 848 coacte,
2701 777 2860 828 cum
2901 757 3235 827 serenitas
3269 765 3508 828 nostra

683 885 977 960 firmiter
1007 889 1149 959 alta
1175 897 1408 959 mente
1441 886 1835 981 conceperit
1864 886 2215 958 civitatem
2247 882 2565 956 eamdem
2595 880 3067 952 indesinenter
3094 888 3165 950 et
3192 888 3516 974 potenter

687 1021 986 1101 arctare,
1009 1012 1236 1084 donec
1258 1011 1479 1106 ipsam
1501 1011 1594 1083 ad
1618 1021 1932 1083 nostrum
1955 1009 2372 1082 reducamus
2399 1005 2782 1079 dominium
2806 1003 3014 1077 venia
3037 1005 3150 1076 vel
3175 1002 3511 1076 vindicta.

685 1136 1004 1210 Ceterum
1036 1155 1120 1206 ea
1150 1156 1287 1226 que
1296 1185 1965 1206 .........
2006 1134 2337 1223 magister
2362 1128 2670 1201 marchis
2691 1126 2821 1224 (a),
2850 1131 2935 1199 Η.
2966 1128 3056 1200 de
3085 1126 3369 1199 Rinellis
3382 1124 3507 1223 (b),

686 1271 756 1333 et
796 1259 1125 1352 magister
1162 1258 1574 1352 Margaritus
1603 1259 2005 1352 capellanus
2036 1265 2301 1347 noster,
2343 1253 2580 1327 dilecti
2612 1250 2855 1324 fideles
2893 1251 3146 1345 nostri,
3178 1252 3378 1324 vobis
3413 1272 3509 1324 ex

682 1394 880 1481 parte
902 1394 1141 1457 nostra
1173 1382 1534 1455 retulerint
1565 1383 1851 1456 indubie
1884 1381 2210 1455 credatis.

790 1948 1215 2034 Fridericus
1237 2012 1261 2057 ,
1323 1952 1846 2036 Romanorum
1919 1952 2371 2062 imperator,
2438 1950 2741 2034 nuntiat
2819 1949 3213 2060 capitaneo
3293 1950 3513 2059 regni

687 2081 984 2167 Siciliae
1064 2085 1455 2193 quomodo
1532 2083 1970 2168 intendebat
2057 2085 2168 2169 ire
2237 2086 2700 2195 Lugdunum
2722 2147 2746 2192 ,
2829 2084 2930 2167 ad
3007 2082 3516 2191 praesentiam

686 2216 977 2299 domini
1028 2244 1307 2326 papae,
1360 2219 1494 2301 sed
1531 2218 1629 2300 ab
1675 2219 1943 2302 itinere
1987 2230 2298 2327 propter
2352 2217 2843 2301 rebellionem
2896 2216 3215 2300 Parmae
3274 2242 3510 2301 revo-

684 2359 938 2456 catus,
978 2349 1057 2430 in
1099 2350 1493 2434 obsidione
1526 2333 1762 2461 hujus
1798 2349 2013 2433 urbis
2049 2350 2358 2432 insistit.

841 2574 1033 2655 (Edit.
1057 2596 1155 2656 ap.
1178 2579 1348 2640 Petri
1378 2577 1447 2640 de
1484 2580 1609 2640 Vin.
1639 2580 1829 2660 epist„
1852 2578 1960 2640 lib.
1988 2579 2068 2652 11,
2102 2594 2230 2655 cap.
2256 2577 2483 2653 XLIX;
2514 2578 2653 2639 coll.
2683 2593 2822 2639 cum
2848 2577 3095 2639 codich.
3124 2576 3276 2638 Bibl.
3306 2576 3506 2639 Cesar.

921 2686 1141 2765 Paris.,
1169 2690 1478 2764 praecipue
1483 2684 1665 2765 fonds
1689 2686 2097 2759 Nom-Dama,
2124 2694 2193 2745 n·
2222 2683 2392 2764 202.)

783 2881 1196 2975 FridericuS,
1231 2893 1367 2957 etc.
1396 2885 1897 2980 Repetentibus
1948 2884 2151 2956 nobis
2203 2905 2432 2978 nuper
2468 2882 2772 2974 Italiam,
2810 2892 2968 2976 post
3010 2892 3266 2955 statum
3311 2887 3512 2979 regni

685 3005 1054 3079 salubriter
1084 3008 1480 3081 ordinatum
1499 3062 1518 3099 ,
1551 3008 1643 3082 ad
1676 3008 2124 3082 dissensionis
2154 3017 2295 3080 tam
2325 3009 2529 3101 longe
2561 3007 2921 3079 materiam
2942 3060 2961 3096 ,
2999 3029 3138 3101 que
3170 3006 3353 3080 inter
3383 3031 3514 3081 nos

684 3140 753 3202 et
770 3130 1152 3203 Ecclesiam
1185 3133 1506 3225 vertitur,
1533 3130 1833 3205 finaliter
1865 3133 2353 3224 decidendam,
2383 3132 2475 3204 ad
2502 3141 2777 3205 nostros
2809 3141 2881 3203 et
2909 3128 3220 3204 fidelium
3244 3142 3516 3207 nostro-

677 3275 860 3346 rum,
894 3256 1150 3348 quibus
1179 3257 1667 3352 compunctiva
1691 3257 2026 3329 charitate
2054 3257 2542 3352 compatimur,
2576 3257 2851 3329 labores
2878 3265 2949 3328 et
2979 3265 3300 3351 sumptus
3329 3266 3510 3331 tota·

678 3377 838 3450 liter
868 3376 1239 3480 finiendos,
1281 3380 1374 3452 ad
1409 3382 1786 3454 tollendam
1820 3382 2125 3475 denique
2166 3381 2392 3453 morbi
2423 3381 2772 3453 nascentis
2803 3380 3178 3474 originem,
3209 3402 3301 3453 ne
3344 3403 3508 3477 pre·

677 3522 838 3573 sens
865 3501 1250 3575 incurreret
1280 3502 1645 3578 infirmitas
1673 3505 2016 3596 recidiva3
2048 3505 2364 3577 altissimi
2390 3505 2593 3578 nobis
2619 3505 2985 3600 plenitudo
3017 3505 3314 3595 consilii,
3333 3505 3512 3578 sicut

675 3623 1130 3697 infallibiliter
1170 3627 1565 3722 opinamur,
1597 3628 1934 3721 occurrit,
1975 3629 2165 3722 quod
2205 3650 2349 3702 non
2390 3637 2472 3700 ut
2510 3627 2849 3701 hactenus
2897 3651 3026 3724 per
3063 3628 3393 3720 ambages
3440 3618 3524 3700 et'

678 3749 884 3822 devia
905 3802 925 3842 ,
967 3771 1109 3823 non
1151 3773 1281 3847 per
1326 3753 1605 3826 inutiles
1649 3754 2200 3826 circumstantias
2243 3762 2371 3825 aut
2411 3753 2723 3848 quelibet
2763 3753 3166 3835 intervalla,
3212 3753 3338 3825 sed
3385 3773 3512 3848 per

676 3873 898 3969 ipsius
944 3884 1268 3947 naturam
1314 3877 1589 3970 negocii
1623 3876 1834 3950 finem
1883 3878 2054 3950 tanti
2113 3878 2531 3951 discriminis
2588 3877 3041 3969 attingentes,
3093 3876 3510 3968 Lugdunum

677 4008 867 4071 recta
907 3999 1025 4072 via
1068 4001 1452 4094 procedere
1501 4001 1958 4095 deberemus,
1999 4024 2207 4075 cause
2242 4012 2480 4075 nostre
2508 4003 2848 4095 justitiam
2890 4000 3399 4095 presentialiter
3440 4011 3514 4072 et

676 4131 1001 4216 potenter
1026 4123 1098 4194 in
1124 4124 1505 4197 adversarii
1531 4126 1751 4198 nostri
1779 4127 1954 4198 facie
1987 4148 2222 4198 coram
2258 4127 2701 4221 transalpinis
2723 4125 3047 4219 gentibus
3077 4122 3401 4218 posituri;
3427 4143 3514 4194 ac

751 4315 838 4396 (a)
882 4319 952 4379 Iu
980 4320 1182 4380 codice
1217 4337 1410 4398 nequo
1444 4323 1666 4382 rectius
1702 4319 1967 4381 dantium
2000 4320 2267 4399 Mathie;
2300 4323 2614 4402 legendum
2652 4328 2931 4400 putamus
2971 4321 3247 4402 maqister
3284 4336 3508 4381 mam-

672 4420 840 4483 oallie
866 4443 889 4482 .-
916 4424 1167 4485 forsitan
1192 4427 1666 4488 subaudiendum
1693 4428 1909 4489 Petu-m
1937 4426 2142 4508 Rufus.

754 4527 840 4610 (b)
888 4533 1005 4607 Ap.
1045 4532 1315 4592 Μαι-ωηο
1350 4530 1421 4592 de
1460 4531 1710 4594 Renellis
1749 4551 1852 4594 seu
1893 4532 2175 4597 Raudiis.
2205 4534 2619 4596 verisimiliter
2654 4537 2852 4614 agitur
2885 4534 2960 4594 de
2997 4534 3253 4594 Henrlco
3288 4533 3362 4594 de
3399 4534 3514 4596 Ri-

674 4637 859 4711 vello,
889 4652 1011 4696 uno
1042 4654 1118 4696 ex
1147 4638 1566 4714 familiaribus,
1603 4643 1706 4718 qui
1743 4657 1904 4701 anno
1930 4644 2200 4719 sequenti
2242 4649 2433 4719 1248,
2465 4658 2668 4702 mense
2702 4640 2883 4718 julio,
2915 4642 3173 4700 vicarius
3205 4640 3437 4716 imperii
3474 4654 3513 4698 a

674 4740 856 4820 Papia
884 4745 1157 4820 superius
1182 4747 1404 4805 extitit.

3647 1962 3823 2017 [suno-1
