4525 6031
604 596 808 656 lunum.
842 594 934 670 6.]
1507 587 1905 650 HISTORIA
1956 587 2548 649 DIPLOMATICA.
3309 579 3433 641 609

604 725 994 811 Parmensi
1059 721 1367 806 nomine
1425 720 1660 804 Cervo
1721 720 1817 802 de
1879 719 2301 802 redditibus
2365 744 2547 801 suae
2608 715 2969 800 ecclesiae
3029 711 3434 796 subvenire

607 885 762 943 non
799 866 1147 966 cogatur.

770 1057 1116 1136 (Memorat.
1144 1073 1217 1116 ex
1245 1055 1473 1116 schedis
1498 1054 1688 1114 Comii
1712 1069 1811 1130 ap.
1841 1054 2142 1114 Ronomu
2159 1097 2178 1131 ,
2207 1052 2406 1114 Notiz.
2435 1049 2676 1111 stov-idne
2702 1048 2764 1109 di
2789 1050 3008 1127 Pavia,
3037 1056 3086 1109 t.
3117 1046 3258 1124 ΙΙΙ.)

688 1190 952 1302 'Datum
987 1229 1353 1318 Cremone,
1383 1226 1537 1298 XVI
1569 1225 1826 1314 martii,
1857 1224 2236 1296 indictione
2257 1225 2372 1295 VI.

709 1795 1165 1903 FridericuS,
1206 1796 1728 1879 Romanorum
1792 1796 2230 1904 imperator,
2274 1796 2373 1877 ad
2410 1794 2669 1877 fideles
2727 1821 2906 1878 suos
2968 1797 3065 1877 de
3114 1795 3427 1880 victoria
3547 1804 3766 1909 13:552}

601 1928 863 2011 habita
907 1938 1169 2011 contra
1216 1928 1663 2010 Parmenses
1711 1936 1883 2035 post
1936 1928 2575 2036 expugnationem
2626 1952 2946 2010 suorum
2998 1939 3427 2014 castrorum

600 2069 673 2142 et
706 2061 804 2143 de
840 2087 1020 2143 nece
1063 2056 1427 2142 Bernardi
1466 2059 1786 2143 Rolandi
1825 2060 2085 2166 Russi,
2130 2060 2533 2166 proditoris
2571 2060 2718 2141 sui.

666 2350 673 2357 .
765 2259 955 2339 (Edit.
985 2261 1052 2319 in
1074 2260 1243 2319 Petri
1277 2256 1348 2319 de
1383 2259 1515 2321 Vin.
1547 2259 1741 2337 epist„
1773 2258 1875 2319 lib.
1906 2260 1988 2332 11,
2010 2275 2134 2336 cap.
2169 2258 2360 2332 XL113
2392 2260 2527 2319 coll.
2560 2276 2700 2320 cum
2740 2260 2872 2321 cod.
2904 2261 3058 2322 Blbl.
3087 2264 3281 2324 Cesar.
3307 2264 3427 2324 Pa-

839 2368 972 2438 ris„
983 2363 1168 2445 fonds
1193 2366 1600 2442 Nota-Dama,
1632 2363 1800 2443 202.)

696 2538 1003 2611 Casualis
1050 2538 1358 2611 vindicte
1415 2559 1541 2610 seu
1593 2538 1822 2633 potius
1870 2537 2156 2610 victorie
2204 2546 2442 2608 nostre
2486 2538 2690 2631 plene
2736 2538 3185 2633 principium,
3231 2542 3422 2634 quod

602 2672 756 2757 post
806 2662 1157 2733 sinistrum
1205 2671 1588 2734 castrorum
1631 2670 2029 2733 nostrorum
2070 2659 2568 2733 combustionis
2598 2670 2925 2731 eventum
2959 2662 3160 2734 nobis
3188 2664 3424 2737 divina

600 2786 948 2880 potentia,
987 2785 1188 2857 solita
1229 2785 1484 2858 nostris
1518 2785 1763 2856 adesse
1811 2784 2153 2876 suffragiis
2166 2837 2187 2874 ,
2224 2783 2315 2855 de
2366 2783 2595 2855 navali
2627 2784 3158 2856 Mantuanorum
3193 2788 3421 2860 rebel-

602 2909 769 2979 lium
808 2909 1253 3003 depressione
1287 2911 1701 2999 contulerat,
1740 2907 2176 3002 precedentis
2207 2907 2301 2979 ad
2336 2929 2462 2979 vos
2500 2907 2724 2978 littere
2756 2918 2991 2979 nostre
3019 2911 3199 3003 stylo
3231 2931 3422 2982 com·

601 3032 949 3121 misimus,
988 3042 1067 3103 ut
1105 3053 1340 3104 coram
1384 3032 1582 3104 vobis
1628 3031 1839 3102 totius
1878 3031 1977 3101 rei
2019 3030 2272 3101 seriem
2317 3033 2576 3101 veritas
2620 3031 2964 3125 descripta
3014 3032 3417 3124 dissereret,

600 3175 810 3248 quam
851 3156 1036 3226 fama
1076 3154 1367 3227 diversis
1413 3154 1720 3226 discussa
1766 3154 2097 3226 relatibus
2147 3163 2468 3248 potuerat
2521 3155 2849 3226 variasse.
2904 3157 3141 3251 Nuper
3188 3169 3420 3229 autem

601 3277 790 3371 quod
825 3299 1145 3373 pugnans
1173 3299 1298 3372 pro
1326 3277 1526 3348 nobis
1554 3297 1800 3348 manus
1832 3277 2162 3348 Altissimi
2197 3277 2411 3348 titulis
2437 3278 2691 3348 nostris
2731 3278 3038 3372 undique
3064 3280 3422 3352 victoriam

598 3411 792 3493 grate
834 3401 1336 3496 prosecutionis
1372 3401 1735 3493 adjecerit,
1783 3398 2096 3472 fidelitati
2142 3409 2370 3472 vestre
2415 3410 2652 3471 tenore
2692 3403 3115 3495 presentium
3153 3427 3422 3478 resera-

599 3545 779 3596 mus.
813 3525 1087 3596 Pridem
1122 3525 1291 3597 dum
1322 3525 1629 3597 collectis
1658 3524 1970 3618 undique
2006 3523 2270 3594 viribus
2312 3534 2702 3594 nostrorum
2741 3522 3087 3616 fidelium,
3122 3550 3419 3621 quorum

600 3647 808 3718 celeri
857 3647 1010 3717 fulti
1057 3631 1360 3740 presidio
1407 3645 1703 3717 civitatis
1757 3643 2227 3716 Parmensium
2285 3644 2707 3737 proterviam
2765 3668 2893 3740 per
2945 3651 3422 3740 aggressiones

600 3771 962 3842 continuas
1006 3771 1228 3840 multo
1278 3767 1535 3841 arctius
1574 3768 1776 3839 solito
1818 3767 2179 3838 victoriose
2219 3767 2784 3860 perstrinximuS,
2823 3770 2936 3841 die
2981 3772 3284 3862 quodam
3329 3773 3421 3845 ad

601 3894 1190 3989 expugnationem
1228 3893 1529 3966 duorum
1568 3901 1951 3963 castrorum
1999 3892 2509 3983 Parmensium,
2554 3913 2692 3985 que
2737 3893 3097 3965 rebellium
3144 3896 3422 3968 incauta

602 4017 954 4088 temeritas
999 4017 1092 4089 ad
1126 4024 1340 4087 strate
1372 4014 1576 4087 nobis
1606 4013 1873 4086 aditum
1909 4014 2456 4108 precludendum
2476 4067 2495 4105 ,
2536 4025 2695 4109 post
2727 4037 3074 4087 recessum
3106 4029 3421 4089 nostrum

600 4140 689 4212 de
724 4141 966 4211 castris
989 4140 1289 4212 Victoria
1316 4148 1714 4232 occuparat,
1748 4145 2070 4232 potenter
2094 4137 2431 4208 serenitas
2462 4146 2699 4210 nostra
2734 4141 3203 4234 processisset,
3233 4142 3417 4214 acci-

602 4264 704 4336 dit
732 4264 925 4359 quod
958 4286 1280 4356 magnam
1313 4272 1582 4357 partem
1615 4261 2002 4332 Parmensis
2035 4261 2313 4351 militie,
2345 4261 2416 4331 in
2462 4262 2784 4333 frivolum
2819 4273 3202 4335 castrorum
3233 4266 3420 4359 ipso-

602 4411 757 4459 rum
808 4388 1191 4460 subsidium
1244 4385 1695 4475 destinatam,
1753 4384 1937 4456 acies
1986 4405 2127 4454 una
2176 4392 2567 4456 nostrorum
2611 4383 2918 4457 fidelium
2970 4387 3061 4457 ab
3107 4388 3420 4460 exercitu

601 4521 841 4584 nostro
876 4511 1095 4584 divisa
1132 4532 1259 4605 per
1291 4510 1554 4581 bivium
1573 4507 1673 4605 (a)
1708 4516 2029 4603 potenter
2060 4515 2131 4577 et
2161 4507 2450 4579 viriliter
2476 4510 2921 4600 aggrediens,
2955 4530 3075 4581 eos
3105 4511 3176 4580 in
3205 4512 3422 4582 nostri

689 4682 772 4762 (a)
816 4684 880 4743 ln
908 4684 1105 4745 codice
1132 4685 1474 4761 simpliciter
1489 4700 1603 4763 per
1620 4684 1757 4743 vim.
