4525 6031
1533 680 1788 748 mnu
1829 677 2532 743 nocuuauronmt
3332 684 3456 754 949

635 901 862 978 1242

1463 1015 1843 1091 praecipuum
1868 1011 2169 1088 negotium
2195 1010 2511 1081 intentum,
2536 1009 2859 1071 adventum
2884 1027 3062 1075 suum
3082 1013 3165 1073 ad
3188 1015 3453 1091 ipsorum

1468 1118 1663 1190 partes
1685 1107 1944 1181 differre,
1974 1105 2166 1166 illium
2193 1117 2371 1165 suum
2395 1105 2717 1166 Henricum
2743 1110 2808 1167 in
2832 1109 3004 1170 ltalia
3025 1111 3290 1189 legatum
3316 1128 3451 1172 cum

1468 1207 1682 1269 militia
1706 1206 1910 1266 ad-eos
1935 1205 2338 1281 praemittens.
3377 1217 3453 1270 39

643 1335 681 1390 3
703 1330 867 1390 man,
1002 1322 1267 1401 Neapoli,
1392 1346 1473 1359 -
1511 1311 1763 1373 Mandat
1786 1310 2135 1386 compalatio
2162 1309 2440 1384 Neapolis
2467 1305 2629 1384 quod
2655 1325 2894 1370 causam
2930 1311 3133 1372 audiat
3160 1319 3222 1373 et
3250 1316 3454 1374 termi-

1469 1417 1577 1472 net
1604 1411 1757 1470 inter
1780 1407 2069 1469 Jacobum
2096 1405 2496 1467 Malabaccam
2519 1413 2580 1467 et
2606 1408 2858 1469 Paulum
2885 1410 2960 1470 de
2981 1410 3197 1473 Sancta
3221 1408 3458 1490 Agatha

1472 1509 1547 1568 de
1574 1506 1912 1569 venditione
1935 1505 2247 1581 eujusdam
2278 1504 2490 1565 domus
2514 1505 2675 1581 apud
2702 1505 3029 1584 Neapolim.
3378 1513 3449 1570 41

674 1630 854 1689 maio,
951 1665 1231 1686 .....
1251 1609 1296 1685 ’.
1341 1665 1361 1684 .
1394 1648 1476 1662 -
1510 1611 1849 1676 Cardlnales
1892 1613 2070 1672 nimis
2108 1613 2169 1671 in
2220 1611 2504 1671 electione
2553 1615 2769 1672 summi
2816 1612 3111 1689 pontificis
3161 1607 3461 1677 tardantes

1475 1711 1845 1789 reprehendit
1869 1708 2027 1787 quod
2053 1709 2206 1769 male
2240 1714 2491 1769 tractent
2522 1716 2770 1771 matrem
2798 1727 2910 1772 nec
2935 1713 2990 1772 ei
3017 1712 3370 1773 subveniant
3396 1717 3460 1774 in

1475 1808 1940 1871 necessitatibus.
3381 1819 3459 1872 44

670 1930 847 1990 maio.
1017 1917 1275 2002 Capuae.
1395 1947 1480 1961 -
1516 1915 1895 1993 Privllegium
1934 1930 1969 1973 a
1998 1909 2266 1973 Conrado
2301 1909 2631 1973 Coloniensi
2667 1913 2850 1975 electo
2881 1913 3111 1978 civibus
3149 1916 3460 1978 Colonien-

1477 2009 1642 2073 sibus
1691 2025 1845 2072 anno
1900 2017 2053 2071 1239
2105 2010 2402 2070 indultum
2451 2012 2659 2069 inserit
2703 2018 2764 2071 et
2804 2009 3148 2086 confirmat,
3183 2030 3305 2091 quo
3322 2018 3462 2093 jura

1476 2125 1678 2170 eorum
1710 2114 1770 2168 et
1794 2105 1983 2167 bonae
2009 2106 2469 2167 consuetudines
2497 2109 2918 2184 approbantur.
3082 2109 3089 2116 '
3383 2121 3460 2173 45

671 2231 849 2291 maio.
1018 2225 1273 2302 Capuae.
1395 2250 1477 2262 —
1517 2216 1615 2276 Ad
1653 2214 2136 2292 supplicationem
2177 2216 2403 2273 civium
2451 2212 2918 2287 Coloniensium‚
2967 2215 3340 2293 privilegium
3385 2218 3463 2279 ab

1477 2312 1731 2373 Henrico
1760 2309 2095 2372 Coloniensi
2129 2309 2314 2370 electo
2345 2326 2501 2369 anno
2542 2317 2695 2369 1229
2734 2310 2818 2370 eis
2853 2327 3198 2371 concessum
3233 2309 3465 2372 confir-

1479 2417 1623 2481 mat,
1652 2407 1929 2469 videlieet
1962 2409 2037 2468 de
2063 2407 2236 2468 bonis
2262 2407 2791 2470 consuetudinibus
2816 2414 2879 2469 et
2903 2408 3063 2486 quod
3090 2416 3261 2470 extra
3289 2411 3466 2473 Colo-

1478 2507 1638 2568 niam
1671 2507 1733 2566 in
1755 2510 1856 2584 jus
1885 2508 2082 2568 vocari
2110 2521 2231 2564 non
2257 2506 2506 2581 possint.
3380 2518 3460 2569 4⁸

673 2627 852 2687 malo.
1021 2620 1274 2697 Capuae.
1400 2647 1480 2658 -
1520 2613 1828 2674 Sororibus
1842 2611 2064 2672 ordinis
2077 2610 2277 2671 Sancti
2304 2611 2623 2689 Augustini
2649 2610 2809 2688 apud
2834 2610 3241 2673 wizenburch
3265 2629 3463 2675 aream

1481 2713 1557 2773 ad
1586 2707 2075 2789 Rudlgersbuobe
2103 2710 2489 2785 pertinentem
2515 2708 2719 2769 donat.
3388 2720 3462 2772 50

679 2825 860 2911 [malo
950 2860 1366 2886 .......
1399 2851 1481 2863 —-
1519 2817 1739 2878 Scribit
1772 2816 2045 2876 fidelibus
2070 2818 2193 2876 suis
2220 2814 2439 2875 Terrae
2468 2815 2709 2875 Laboris
2736 2814 2811 2875 de
2838 2818 3267 2877 constructione
3293 2815 3464 2876 Civi-

635 2922 904 3009 exeunt.]
1480 2918 1617 2977 tatis
1629 2915 1863 2992 Novae,
1885 2921 1944 2974 et
1960 2920 2030 2974 ut
2042 2913 2321 2973 obediant
2348 2914 2599 2990 Rogerio
2625 2913 2701 2973 de
2726 2912 3056 2974 Canalibus
3083 2927 3261 2991 quem
3289 2930 3464 2990 super

1480 3013 1595 3075 boe
1623 3013 1861 3090 negotio
1882 3010 2299 3072 destinandum
2324 3009 2607 3088 providit.
3383 3022 3458 3073 ει

666 3134 858 3212 junio.
997 3127 1072 3188 In
1103 3127 1313 3187 castris
1403 3150 1481 3166 --
1523 3120 1808 3196 l‘raeelpit
1832 3118 2144 3195 Ramungo
2177 3117 2253 3177 de
2281 3117 2651 3179 Kamerstein
2676 3114 2737 3178 et
2774 3116 3090 3195 butiglarlo
3115 3117 3190 3176 de
3216 3119 3466 3180 Nun-em-

1059 3237 1241 3299 prope
1480 3217 1625 3294 berg
1651 3222 1719 3275 ut
1746 3232 1952 3276 omnes
1977 3215 2390 3292 alienationes,
2415 3215 2817 3285 venditiones.
2850 3214 3232 3292 obligationes
3258 3220 3319 3275 et
3341 3215 3467 3276 dis-

970 3321 1344 3381 Avezsanum
1477 3315 1799 3374 tractiones
1856 3329 1960 3389 per
2013 3312 2355 3387 Bopponem
2412 3312 2557 3372 olim
2610 3312 2863 3372 electum
2925 3311 3468 3390 Babenbergensem

990 3420 1054 3478 ln
1076 3417 1314 3479 Celano.
1479 3425 1642 3470 nunc
1686 3414 1887 3469 autem
1931 3409 2158 3483 imperii
2201 3408 2529 3485 inimicum,
2570 3408 2634 3468 in
2672 3406 2961 3468 damnum
2987 3407 3167 3484 hujus
3194 3407 3469 3469 ecelesiae

1477 3507 1698 3581 tactas,
1729 3510 2031 3567 revocent.
3389 3513 3467 3569 5⁸

672 3629 865 3707 junio.
1003 3619 1078 3680 In
1103 3620 1311 3680 camis
1404 3644 1487 3661 -
1521 3616 1906 3691 Ramungum
1942 3612 2019 3672 de
2056 3612 2428 3672 Kamerstein
2464 3618 2525 3671 et
2566 3611 2948 3689 butiglarium
2997 3611 3072 3672 de
3104 3609 3472 3690 Nuremberg

1064 3732 1246 3792 prope
1484 3713 1796 3774 constituit
1818 3715 2258 3787 procuratores,
2290 3712 2394 3785 qui
2418 3711 2486 3769 in
2511 3704 2841 3769 dominium
2869 3708 3108 3769 Henricl
3134 3708 3470 3769 Babenber-

968 3812 1346 3873 Avezzanum
1485 3812 1681 3888 gensis
1709 3809 1879 3869 electi
1905 3809 2104 3867 omnia
2137 3811 2419 3867 revocent
2448 3822 2602 3883 quae
2625 3807 2766 3867 olim
2797 3823 2834 3866 a
2864 3806 3144 3883 Boppone
3168 3808 3472 3884 quondam

991 3914 1056 3971 in
1084 3911 1320 3972 Celano.
1483 3907 1669 3968 electo
1706 3904 2184 3989 Babenbergensi
2218 3906 2283 3963 in
2327 3904 2648 3963 laesionem
2692 3903 2958 3982 ejusdem
3001 3904 3279 3965 eeclesiae
3324 3905 3471 3966 ali&

1485 4011 1653 4083 nata,
1680 4004 1942 4081 obligata
1967 4008 2028 4062 et
2051 4002 2332 4062 dish-acta
2357 4001 2611 4062 fuerant.
3392 4012 3468 4064 6⁵

675 4121 870 4198 junio.
1004 4112 1077 4173 In
1106 4113 1314 4172 eastris
1413 4140 1483 4155 -
1529 4107 1809 4168 Heinrieo
1836 4104 2251 4182 Bambergensi
2277 4104 2464 4164 electo
2494 4104 2600 4164 dat
2639 4105 2934 4164 licentiam
2967 4098 3223 4165 cudendi
3255 4120 3471 4166 mone-

1081 4209 1242 4286 apud
1488 4210 1612 4266 tam
1642 4215 1862 4263 novam
1902 4202 2066 4279 apud
2089 4201 2385 4263 villacum
2421 4208 2481 4260 et
2514 4201 2675 4277 apud
2700 4193 2924 4263 Griven
2949 4210 3105 4279 qnae
3141 4194 3469 4264 Frisacensi

975 4305 1345 4367 Avuzanum
1486 4306 1761 4362 monetae
1791 4295 2179 4377 aequipolleat
2204 4299 2268 4358 ln
2293 4297 2553 4375 pondere
2583 4305 2645 4358 et
2668 4299 2890 4359 valore.
3396 4308 3471 4361 66

993 4400 1058 4463 tn
1084 4399 1325 4464 celano.

681 4518 868 4597 junio.
1011 4516 1085 4575 In
1110 4515 1321 4575 eastris
1414 4546 1490 4560 —
1532 4516 1647 4574 Pro
1692 4507 1874 4591 gratis
1911 4504 2133 4571 civium
2177 4502 2625 4571 Erfordensium
2675 4510 2928 4570 servitiis
2972 4511 3076 4587 qui
3116 4510 3228 4571 sibi
3269 4517 3475 4573 contra

1077 4622 1258 4688 prope
1493 4605 1777 4671 sifridum
1826 4603 2331 4685 archiepiscopum
2380 4606 2798 4685 Mogontinum
2842 4602 3075 4684 imperii
3118 4599 3475 4685 pmditorem

975 4707 1353 4770 Avezzanum
1492 4704 1744 4769 fideliter
1769 4702 2189 4779 adhaeserunt,
2219 4718 2320 4766 eos
2351 4710 2412 4765 et
2438 4716 2642 4766 eorum
2669 4705 2824 4766 bena
2847 4706 2912 4765 in
2938 4722 3049 4767 sua
3072 4707 3309 4784 speciali
3335 4723 3472 4785 pro-

1003 4807 1068 4866 in
1095 4805 1336 4867 Celano.
1495 4806 1750 4865 tectione
1774 4804 2041 4881 suscipit.
3396 4813 3471 4865 57

808 4908 916 4969 vi.
958 4923 1063 4966 rm
1088 4924 1134 4968 ο.
1511 4980 1514 4981 7
3046 4912 3156 4964 120
