4525 6031
827 641 1030 699 Inter.
1063 636 1155 714 6.]
1716 629 2111 691 HISTORIA
2160 624 2753 689 DIPLOMATICA.
3529 616 3642 676 651

832 793 1088 844 maces·
1108 768 1404 843 Infunde
1423 768 1541 839 illa
1559 766 1876 861 quamvis
1900 766 1988 837 de
2008 766 2214 856 longe
2239 759 2387 860 [ex]
2427 760 2653 834 officio
2675 758 2859 829 illius
2878 754 3164 828 sauciati
3186 753 3381 847 regni
3402 752 3649 824 vulne'·

828 897 1049 984 ribus,
1082 892 1275 988 quod
1289 890 1508 988 predo
1522 912 1745 983 usque
1767 890 1859 961 ad
1874 888 2261 961 nuditatem
2295 885 2659 981 expolians
2686 881 2937 973 dejecit
2963 881 3037 950 in
3064 878 3196 950 hac
3219 876 3462 949 mundi
3489 895 3654 947 area

828 1019 1026 1113 quasi
1057 1017 1474 1111 quibusdam
1505 1014 1728 1109 plagis
1745 1011 2291 1107 superimpositis
2321 1009 2757 1082 semivivum.
2795 1004 3089 1076 Assume
3125 1002 3334 1093 igitur
3359 999 3654 1071 verbum

830 1164 973 1237 quo
1006 1152 1076 1214 te
1103 1140 1371 1213 dotavit
1401 1138 1621 1231 gratie
1646 1137 1772 1209 Dei
1808 1137 2070 1208 donum
2113 1145 2183 1206 et
2227 1134 2466 1205 tubam
2510 1143 2626 1204 tue
2659 1130 2851 1202 vocis
2892 1128 3123 1199 exalta
3166 1126 3223 1197 si
3264 1127 3439 1196 forte
3482 1144 3656 1216 gens

826 1267 948 1339 illa
983 1266 1360 1338 dilacerata
1387 1260 1868 1333 miserabiliter
1913 1267 1984 1329 et
2024 1258 2399 1347 convulsa,
2437 1263 2740 1327 exeunte
2787 1253 2857 1323 in
2914 1251 3089 1322 fines
3129 1251 3280 1343 ejus
3314 1268 3488 1320 sono
3536 1257 3655 1317 tuo

831 1409 1231 1463 sermonum
1249 1396 1646 1460 nostrorum
1677 1384 1914 1475 bajulo
1946 1382 2020 1452 in
2052 1402 2249 1478 spem
2285 1381 2398 1452 vel
2430 1388 2692 1451 metum
2724 1375 3213 1471 expergefacta
3245 1380 3653 1464 consurgat,

830 1523 1158 1607 stansque
1200 1510 1576 1606 prospiciat
1602 1507 1694 1580 ad
1721 1505 2149 1578 liberationis
2173 1503 2679 1597 ‚iocunditatem
2709 1500 2839 1571 sibi
2870 1520 2912 1570 3
2941 1497 3233 1570 Domino
3260 1495 3657 1567 venientem

830 1646 900 1709 et
930 1636 1023 1708 ad
1052 1634 1564 1729 susceptionem
1598 1632 1749 1723 ejus
1776 1638 2175 1725 promptum
2208 1626 2470 1722 pandat
2500 1626 2930 1719 amplexum.

926 1762 1183 1832 Datum
1210 1756 1555 1850 Lugduni,
1586 1757 1674 1827 111
1699 1754 2031 1826 kalendas
2064 1750 2502 1847 septembris,
2533 1769 2720 1820 anno
2750 1748 2864 1820 vl.

936 2382 1428 2466 Innocentius
1499 2409 1696 2492 papa
1772 2383 2338 2491 archiepiscopo
2409 2382 2720 2465 Barensi
2784 2393 3122 2465 castrum
3201 2381 3487 2464 Bitricti
3560 2384 3660 2465 ad

828 2516 1361 2623 proprietatem
1397 2516 1751 2598 Barensis
1787 2517 2144 2598 ecclesiae
2185 2517 2600 2623 pertinens,
2662 2517 2867 2624 quod
2916 2515 3340 2597 Fridericus
3399 2541 3660 2624 quon-

830 2649 1011 2730 dam
1048 2651 1460 2757 imperator
1490 2651 1579 2732 G.
1610 2649 1972 2732 Francico
2000 2649 2457 2754 contulerat,
2480 2674 2723 2758 quum
2759 2673 3083 2757 regnum
3123 2646 3421 2730 Siciliae
3453 2673 3660 2730 nunc

831 2805 1010 2888 rege
1046 2789 1337 2886 careat,
1389 2780 1716 2862 restituit
1752 2790 1827 2863 et
1862 2781 1958 2862 de
1995 2806 2191 2864 novo
2224 2782 2591 2863 concedit.

987 3006 1182 3087 (adid.
1215 3008 1534 3085 (innuas,
1567 3008 1733 3071 Serio
1758 3009 1891 3070 crit.
1924 3005 2016 3070 ἀί
2041 3017 2199 3090 past.
2231 3011 2465 3087 Burni,
2500 3018 2545 3072 t.
2580 3009 2641 3079 Ι,
2674 3028 2735 3088 p.
2767 3018 2882 3070 240
2913 3027 2947 3069 3
2976 3015 3354 3088 transumpto
3385 3010 3656 3073 authent.

1067 3132 1210 3176 ann.
1248 3125 1423 3189 1272,
1453 3128 1517 3177 n⁰
1543 3117 1839 3178 IX.—Ex
1867 3117 2030 3178 bulla
2053 3119 2320 3195 originali
2347 3117 2643 3195 pendebat
2665 3118 2922 3195 sigillum
2951 3116 3293 3194 plumbeum
3321 3117 3439 3179 filis
3466 3122 3662 3182 sericis

1072 3222 1269 3283 rubeis
1293 3230 1353 3283 et
1379 3222 1659 3301 citi-inis.)

927 3423 1371 3495 Innocentius
1413 3424 1814 3519 episcopus,
1863 3445 2107 3496 servus
2135 3445 2500 3495 servorum
2530 3424 2694 3512 Dei,
2732 3424 3115 3495 venerabili
3161 3424 3354 3495 fratri
3390 3426 3661 3500 archie-

830 3547 1116 3641 piscopo
1162 3548 1443 3619 Barensi
1489 3550 1782 3620 salutem
1833 3559 1904 3621 et
1936 3548 2388 3643 apostolicam
2420 3547 3004 3618 benedictionem.
3040 3547 3181 3618 Etsi
3217 3550 3664 3622 ecclesiarum

828 3670 1139 3742 omnium
1172 3694 1265 3742 ex
1296 3672 1608 3764 injuncto
1641 3672 1843 3744 nobis
1878 3674 2306 3765 apostolatus
2332 3671 2560 3742 officio
2591 3671 2953 3742 intendere
2981 3672 3406 3764 profectibus
3435 3684 3668 3747 tenea·

831 3816 1011 3883 mur,
1050 3795 1327 3866 illarum
1374 3806 1609 3867 tamen
1656 3796 2022 3868 commoda
2072 3817 2208 3889 que
2248 3797 2556 3867 Romane
2607 3805 2991 3867 noscuntur
3030 3797 3226 3868 nullo
3276 3797 3507 3871 medio
3529 3798 3662 3896 (a),

830 3918 1188 4010 subjacere
1208 3972 1228 4008 ,
1292 3929 1484 4019 tanto
1558 3920 1932 3992 studiosius
1993 3941 2369 4015 procurare
2424 3941 2553 3991 nos
2628 3920 2957 3992 convenit
3031 3929 3292 4012 quanto
3370 3944 3462 3993 ex
3531 3923 3666 3997 1103

829 4042 1018 4134 quod
1060 4043 1450 4137 specialiter
1511 4043 1808 4115 subsunt
1857 4043 2096 4133 nobis,
2152 4043 2409 4114 arctius
2468 4042 2650 4113 curis
2691 4043 2998 4137 ipsarum
3064 4044 3423 4115 existimus
3483 4046 3662 4117 obli·

828 4165 995 4256 gati.
1029 4165 1316 4261 Propter
1341 4166 1534 4259 quod
1561 4166 1744 4239 circa
1777 4188 1896 4238 eas
1923 4168 2108 4238 illius
2139 4166 2524 4237 intentione
2555 4165 3035 4238 sollicitudinis
3061 4166 3421 4258 invigilare
3450 4167 3664 4240 debe-

828 4305 985 4354 mus
1028 4294 1107 4355 ut
1151 4306 1293 4357 303
1342 4287 1569 4359 301331
1615 4307 1758 4358 303
1801 4288 2149 4381 patiamur
2190 4297 2531 4380 quantum
2578 4286 2651 4356 in
2692 4286 2896 4357 uobis
2933 4296 3041 4356 est
3075 4286 3477 4357 earumdem
3504 4289 3665 4380 jura

828 4401 1149 4495 diminui,
1181 4426 1429 4477 verum
1457 4407 1666 4478 etiam
1695 4416 1767 4478 et
1798 4428 1880 4477 ea
1915 4427 2406 4479 conservemus
2433 4405 2704 4496 integra
2741 4414 2813 4476 et
2843 4405 3128 4499 insuper
3151 4415 3357 4499 prout
3377 4404 3667 4478 honeste

827 4526 1212 4598 secundum
1268 4529 1489 4599 Deum
1536 4551 1933 4624 possumuS,
1985 4551 2390 4622 augeamuS.
2447 4529 2622 4599 Hinc
2683 4539 2789 4601 est
2842 4528 3035 4622 quod
3096 4525 3311 4626 [cum]
3362 4540 3663 4601 castrum

910 4721 999 4803 (a)
1045 4724 1117 4784 In
1143 4727 1429 4803 impresso
1458 4725 1623 4789 nullo
1648 4726 1837 4803 modo,
1866 4730 2039 4790 male.

3716 2448 3760 2490 ιο

3775 2393 3981 2448 Lugduni
3992 2424 4006 2445 ‚

3792 2447 4071 2502 septembris.
