4525 6031
656 824 796 882 wn

553 1041 560 1046 >
658 1019 799 1074 4477

659 1302 797 1360 4478

1059 826 1241 896 tang.

1036 1020 1105 1074 ns
1143 1029 1263 1089 aug.

1012 1301 1293 1361 filantii.

1042 1594 1112 1648 ao
1132 1589 1274 1664 jum.

1060 1784 1093 1841 4
1119 1797 1243 1857 aug.

1042 2069 1116 2127 2⁰
1147 2084 1271 2143 m.

1031 2357 1283 2417 S'lmaii.

1069 2551 1240 2607 7oet.

1045 2840 1115 2896 29
1137 2844 1278 2910 sept.

1045 3128 1113 3182 46
1141 3139 1267 3183 ncv.

1022 3451 1295 3469 00000

1519 690 1778 753 mnu
1822 687 2534 754 cunouobomcua

2082 819 2396 880 Eridanum
2416 823 2469 893 I,
2490 820 2846 878 Romanorum
2875 822 3182 896 imperator,
3210 838 3313 897 pro
3335 822 3544 881 dvibus

1486 822 1646 897 Apud
1672 821 1880 881 Trifeb.

1404 1014 1666 1087 venetiis,
1691 1015 1748 1072 in
1771 1014 1966 1090 palatio

1592 1110 1762 1169 ducis.

1473 1301 1634 1377 Apud
1659 1303 1897 1361 Mentem

1518 1427 1526 1436 *
1547 1398 1855 1459 Pocianum.

1363 1591 1423 1649 In
1448 1590 1645 1666 palatio
1677 1588 1995 1649 Arelatensi.

1434 1784 1590 1858 Apud
1624 1783 1928 1843 Aurasiam.

1429 2069 1587 2145 Apud
1613 2070 1945 2144 Lugdunum.

1531 2358 1835 2431 Maguntiis.

1541 2549 1829 2622 Augustae.

1579 2823 1791 2910 Papiae.

1533 3123 1822 3181 Vioentiae.

1425 3411 1584 3486 Apud
1608 3411 1951 3484 Moguntiam.

1590 3601 1819 3660 Laudas.

3386 690 3543 752 1053

2490 915 2937 990 Trajectensibus.
2959 918 3023 974 Τ.
3046 918 3090 989 1,
3115 935 3172 992 p.
3201 919 3328 975 756.

2215 1037 2288 1058 -—·
2499 1013 2861 1070 Romanorum
2879 1012 3192 1088 imperator,
3217 1029 3317 1103 pro
3331 1013 3545 1071 abbatia

2494 1108 2678 1166 Sancti
2703 1107 2918 1182 Georgii
2955 1109 3025 1167 de
3063 1109 3318 1168 venetiis.
3356 1111 3420 1166 T.
3450 1108 3543 1179 IV,

2493 1220 2554 1280 p.
2583 1207 2643 1262 34
2653 1207 2706 1263 5.

2082 1302 2139 1360 Η
2141 1301 2357 1358 enricus
2412 1301 2490 1357 VI
2501 1343 2515 1371 ,
2564 1284 2928 1358 Romanorum
2978 1316 3072 1358 rex
3087 1344 3101 1372 ,
3150 1316 3246 1374 pro
3301 1299 3548 1375 hospitali

2161 1396 2343 1457 Sancti
2373 1397 2648 1471 Peregrini
2685 1398 2741 1454 in
2781 1397 3002 1471 Alpibus
3043 1396 3324 1471 Apennini.
3367 1398 3429 1453 Τ.
3475 1398 3542 1466 V,

2144 1509 2207 1567 p.
2235 1493 2362 1550 354.

2085 1588 2401 1647 ivr-‘aerim
2426 1590 2475 1660 1,
2502 1589 2859 1647 Romanorum
2880 1588 3187 1663 imperator,
3211 1607 3312 1664 pro
3327 1591 3550 1649 ecclesia

2504 1684 2789 1758 episcopali
2814 1685 3013 1742 Diensi.
3042 1687 3105 1742 T.
3130 1687 3199 1757 V,
3230 1702 3280 1758 p.
3313 1689 3439 1745 233.

2214 1814 2288 1827 —-
2501 1782 2859 1840 Romanorum
2882 1782 3190 1857 imperator,
3210 1799 3311 1856 pro
3333 1783 3552 1842 ecclesia

2495 1876 2923 1951 archiepiscopali
2979 1877 3294 1936 Arelatensi.
3358 1880 3417 1935 T.
3479 1880 3550 1954 11,

2489 1988 2547 2045 p.
2576 1972 2699 2029 473.

2213 2091 2285 2111 -·-
2496 2067 2853 2125 Remanomm
2871 2067 3178 2141 inperator,
3204 2071 3308 2143 pro
3329 2070 3551 2129 mesia

2499 2162 2785 2237 episcopali
2828 2162 3330 2238 Gratianopolitana.
3377 2168 3440 2224 T.
3481 2167 3545 2238 V,

2491 2274 2551 2333 p.
2584 2261 2709 2316 489.

2214 2383 2288 2400 -·
2496 2357 2856 2415 Romanorum
2878 2356 3188 2431 imperator,
3218 2369 3321 2433 pro
3342 2356 3550 2419 civibus

2501 2451 2861 2527 Spirensibus.
2886 2453 2950 2510 T.
2981 2454 3072 2526 IV,
3102 2470 3160 2527 p.
3189 2455 3317 2511 708.
3637 2445 3647 2452 ’

2213 2577 2285 2590 -
2496 2547 2854 2604 Romanorum
2878 2547 3185 2620 imperator,
3218 2565 3317 2623 pro
3340 2566 3549 2610 monas-

2503 2642 2645 2700 terio
2675 2641 2861 2701 Sancti
2898 2643 3130 2702 Udalrici
3169 2645 3311 2719 apud
3343 2646 3551 2721 Augus·

2502 2745 2634 2796 tam.
2662 2740 2727 2796 T.
2757 2740 2826 2810 V,
2852 2756 2907 2813 p.
2937 2742 3061 2798 997.

2210 2866 2284 2877 -
2494 2835 2858 2893 Romanorum
2891 2834 3197 2910 imperator,
3234 2835 3333 2910 pro'
3377 2840 3549 2897 eccle-

2502 2930 2583 2987 sia
2633 2926 2930 3003 episcopa&
2972 2931 3311 3005 Vapincensi.
3362 2927 3425 2990 Τ.
3483 2936 3549 3007 V,

2501 3043 2558 3100 p.
2590 3029 2717 3086 493.

2217 3150 2290 3163 -
2511 3123 2869 3180 Romanorum
2895 3123 3205 3196 imperator,
3227 3140 3327 3198 pro
3346 3125 3555 3184 abbatia

2506 3218 2687 3277 Sancti
2710 3219 3025 3293 Eugendiin
3050 3220 3302 3278 oemitatu
3318 3208 3556 3296 Bnr'gun-

2507 3313 2646 3371 diae.
2677 3315 2740 3370 T.
2770 3314 2837 3386 V,
2859 3331 2916 3387 p.
2950 3314 3075 3371 ⁴72.

2221 3442 2290 3454 —
2504 3411 2862 3468 Romanorum
2885 3410 3196 3484 imperator,
3225 3428 3326 3486 pro
3348 3428 3559 3474 monas-

2507 3506 2640 3564 terio
2664 3506 3054 3564 Admontenso.
3070 3507 3132 3563 T.
3164 3507 3258 3578 IV,
3286 3524 3340 3581 p.
3370 3510 3496 3567 543.

2224 3632 2296 3644 —
2505 3602 2862 3659 Romanorum
2880 3602 3188 3675 imperator,
3216 3620 3315 3677 pro
3340 3620 3557 3663 monas-

2512 3697 2644 3754 terio
2677 3698 2909 3754 Sanctae
2947 3697 3243 3755 Christiane
3278 3699 3431 3772 Juxta
3460 3701 3555 3758 Pa-

2506 3790 2665 3863 piam.
2695 3791 2757 3846 T.
2792 3792 2883 3855 lv,
2912 3808 2971 3865 p.
3005 3794 3124 3848 305.

2215 3916 2285 3929 -
2496 3885 2853 3943 Romanorum
2878 3886 3187 3959 imperator,
3212 3904 3314 3962 pro
3331 3888 3556 3948 ecclesia

2505 3981 2790 4054 episcopali
2814 3982 3044 4040 Lucana.
3075 3984 3138 4039 T.
3166 3984 3255 4054 VI,
3285 4001 3343 4058 p.
3374 3988 3498 4044 466.

2222 4104 2295 4120 -·
2504 4076 2870 4135 Romnorum
2890 4076 3200 4151 imperator,
3219 4095 3320 4152 pro
3346 4095 3555 4141 monas-

2502 4170 2639 4229 terio
2703 4171 3012 4229 monialium
3068 4173 3446 4234 Montioeuensi
3497 4177 3555 4235 in

2503 4266 2715 4325 Tuscia.
2741 4269 2807 4324 T.
2833 4269 2925 4340 VI,
2951 4284 3008 4341 p.
3038 4269 3163 4326 466.

2089 4364 2357 4422 Hmricus
2378 4365 2446 4422 VI
2464 4407 2479 4436 ,
2508 4365 2866 4422 Romanorum
2936 4379 3033 4421 rex
3055 4407 3070 4437 ,
3144 4381 3242 4438 pro
3311 4365 3557 4442 hospitali

2513 4459 2697 4516 Sancti
2728 4459 2998 4531 Peregrini
3031 4459 3085 4516 in
3109 4459 3353 4535 Alpibus,
3395 4464 3459 4520 T.
3485 4466 3552 4537 V,

2512 4574 2572 4632 p.
2603 4559 2727 4614 355.

2230 4680 2303 4695 --
2515 4652 2877 4710 Romanoru-
2901 4666 3025 4723 rex,
3041 4668 3140 4726 pro
3166 4654 3355 4712 emen
3375 4655 3555 4729 nospi-

2518 4748 2609 4804 tali
2644 4748 2823 4806 Sancti
2875 4747 3147 4821 Peregrini
3201 4749 3258 4805 in
3306 4751 3552 4826 Alpibus.

2518 4844 2582 4902 T.
2613 4843 2681 4915 V,
2714 4860 2770 4916 p.
2801 4846 2926 4902 353.

3124 4925 3235 4979 138
