4525 6031
1780 600 2409 669 ΑυυιΤΑΜΕΝΤΑ.
2914 621 2922 630 ·
3390 599 3519 663 923

681 757 767 812 eo
798 757 966 810 sane
988 728 1179 831 'quod
1208 737 1541 831 scripsisti
1581 749 1647 809 te
1680 750 1968 835 propter
1998 742 2300 834 quedam
2328 741 2792 814 diversimode
2824 740 3175 811 intellecta
3212 739 3300 811 de
3331 747 3517 809 statu

682 862 979 936 civitatis
1023 859 1354 933 Thaurini
1396 859 1533 958 (t),
1577 884 1714 955 que
1754 863 1876 935 tibi
1923 865 2344 937 videbantur
2377 866 2698 958 obliqua,
2735 887 2892 936 cum
2928 884 3178 956 magna
3221 862 3517 933 militum

686 997 758 1059 et
790 987 1102 1082 peditum
1132 986 1459 1058 comitiva
1479 1040 1498 1076 ,
1535 989 1994 1081 personaliter
2021 990 2113 1061 ad
2150 1000 2406 1062 terram
2447 991 2663 1086 ipsam
2702 1012 2979 1082 gressus
3006 998 3160 1060 tuos
3189 1010 3349 1060 cum
3378 990 3516 1059 fes-

687 1104 977 1184 tinantia
1006 1109 1385 1202 direxisse,
1425 1119 1496 1182 et
1524 1111 1783 1185 ibidem
1814 1113 2171 1187 hincinde
2202 1115 2575 1207 diligenter
2609 1113 2971 1207 exquisitis
3019 1122 3090 1183 et
3129 1121 3332 1184 caute
3378 1134 3517 1204 que

684 1236 777 1310 ad
802 1237 1147 1308 cautelam
1193 1235 1634 1307 servitiorum
1674 1249 2071 1310 nostrorum
2119 1240 2561 1332 exquirenda
2621 1239 2958 1335 pensasti,
3001 1238 3342 1330 quosdam
3397 1236 3518 1329 qui

684 1362 1106 1434 videbantur
1145 1360 1366 1452 magis
1408 1381 1560 1432 esse
1598 1363 1936 1457 suspecti,
1991 1384 2118 1457 per
2143 1383 2480 1457 personas
2510 1364 2665 1458 capi
2699 1371 3047 1451 statuens,
3080 1362 3268 1455 ipsos
3306 1361 3518 1432 facias

687 1505 847 1557 cum
881 1484 1239 1577 diligentia
1275 1483 1652 1573 custodiri,
1688 1494 1885 1556 tuum
1914 1487 2172 1559 exinde
2206 1487 2516 1558 studium
2550 1496 2621 1558 et
2650 1460 3056 1587 industriam
3092 1485 3519 1575 evidentem,

688 1629 827 1702 que
855 1608 1039 1679 circa
1067 1616 1303 1678 nostre
1329 1607 1759 1680 celsitudinis
1787 1621 2240 1702 augmentum
2279 1612 2349 1681 in
2381 1611 2491 1681 bis
2520 1620 2592 1681 et
2626 1610 2779 1681 aliis
2826 1621 2894 1680 te
2929 1629 3280 1703 apponere
3314 1610 3521 1703 plene

689 1731 1212 1824 cognoscimuS,
1259 1753 1401 1804 non
1455 1733 1802 1805 immerito
1861 1735 2457 1807 commendamus.
2512 1737 2769 1806 Verum
2823 1756 2982 1806 cum
3043 1744 3182 1804 tam
3238 1745 3524 1828 propter

689 1856 1057 1927 rebellium
1095 1865 1490 1927 nostrorum
1528 1856 2096 1951 depressionem,
2143 1860 2234 1931 ad
2282 1880 2490 1952 quam
2543 1858 2890 1932 efficacius
2959 1857 3390 1929 inferendam
3453 1869 3521 1930 te

689 1976 1080 2051 studiosum
1116 1981 1261 2052 fore
1294 1981 1643 2052 credimus
1687 1991 1759 2052 et
1789 1990 2131 2054 attentum
2157 2036 2177 2074 ,
2221 2006 2431 2076 quam
2468 1995 2751 2078 propter
2782 1981 3092 2055 fidelium
3125 1993 3521 2053 nostrorum

693 2104 1066 2174 salutarem
1107 2103 1616 2195 defensionem,
1665 2106 1918 2177 milites
1959 2116 2074 2178 tue
2102 2107 2603 2199 jurisdictionis
2641 2108 2906 2179 dudum
2937 2107 3294 2200 impositos
3324 2107 3523 2199 equis

696 2235 766 2296 et
795 2225 1006 2296 armis
1036 2227 1361 2298 volumus
1386 2248 1537 2299 esse
1566 2229 1907 2320 munitos,
1948 2230 2042 2301 ita
2071 2232 2260 2322 quod
2288 2253 2416 2325 per
2444 2232 2791 2304 defectum
2819 2251 3171 2301 armorum
3201 2238 3272 2302 et
3304 2251 3523 2321 equo-

697 2371 850 2420 rum
916 2352 1196 2423 servitia
1257 2362 1492 2424 nostra
1549 2375 1691 2425 non
1739 2366 2149 2426 remaneant
2198 2355 2642 2449 imperfecta;
2704 2354 3054 2426 devotioni
3112 2363 3229 2425 tue
3295 2354 3521 2448 preci-

692 2475 953 2570 piendo
1003 2477 1414 2549 mandamus
1454 2488 1802 2570 quatenus
1846 2479 1945 2550 sic
1996 2480 2333 2551 instanter
2361 2501 2690 2576 procures
2716 2491 2788 2551 et
2821 2479 3032 2550 facias
3057 2479 3248 2570 quod
3279 2499 3524 2550 omnes

699 2609 815 2671 tue
850 2600 1316 2692 jurisdictioni
1359 2601 1692 2694 subJecti,
1747 2602 1867 2696 qui
1917 2624 2135 2696 equos
2171 2604 2469 2676 retinere
2503 2604 2763 2675 debent
2795 2613 2864 2674 et
2891 2624 3118 2693 arma,
3148 2601 3286 2672 sint
3316 2602 3516 2696 ipsiS,

697 2732 780 2794 ut
811 2726 1178 2817 convenit,
1226 2725 1376 2797 sine
1426 2748 1616 2798 mora
1654 2727 1966 2819 qualibet
2017 2727 2394 2822 preparati,
2448 2727 2541 2798 ad
2569 2736 2881 2798 nostrum
2908 2726 3267 2798 servitium
3294 2736 3521 2796 tecum

699 2849 1141 2921 laudabiliter
1167 2850 1579 2944 processuri.
1615 2851 1839 2944 Super
1870 2851 2022 2921 aliis
2071 2873 2241 2923 vero
2297 2873 2435 2944 que
2497 2850 2869 2945 scripsisti,
2906 2850 3244 2922 celsitudo
3286 2859 3524 2920 nostra

701 2973 1072 3069 providere
1096 2974 1403 3064 curabit,
1437 2982 1644 3069 prout
1673 2973 1924 3047 honori
1952 2985 2190 3047 nostro
2220 2975 2600 3047 viderimus
2632 2974 2987 3070 expedire.
3024 2976 3125 3046 Tu
3170 2984 3403 3045 autem
3451 2973 3521 3044 in

704 3098 812 3170 his
855 3108 927 3169 et
970 3099 1124 3169 aliis
1168 3099 1467 3171 servitiis
1516 3099 1805 3189 nostriS,
1844 3108 1915 3170 et
1941 3100 2246 3171 maxime
2281 3100 2461 3171 circa
2494 3099 2898 3190 diligentem
2935 3097 3318 3197 custodiam
3356 3098 3525 3169 civi-

681 3223 862 3294 ·tatis
896 3222 1260 3314 Thaurini,
1311 3223 1539 3294 taliter
1585 3223 1877 3318 pervigil
1917 3236 1986 3295 et
2032 3223 2383 3295 studiosus
2422 3223 2776 3313 intendas,
2829 3221 3023 3314 quod
3048 3222 3199 3316 ipsa
3230 3242 3521 3316 operum

703 3356 948 3441 patens
988 3346 1294 3418 efficacia
1333 3347 1403 3417 in
1455 3347 1869 3418 excellentie
1917 3358 2151 3420 nostre
2193 3348 2415 3420 oculis
2445 3357 2511 3419 te
2541 3350 2747 3440 juxta
2776 3347 3056 3419 solitum
3085 3346 3525 3417 commenda-

702 3469 914 3541 bilem
946 3480 1404 3566 representet.

810 3963 1356 4074 Fragmentum
1414 3967 1513 4050 de
1567 3966 1979 4050 rebellione
2026 3976 2104 4050 et
2154 3966 2550 4050 obsidione
2596 3966 2954 4073 Parmae,
3011 3993 3106 4047 ex
3162 3962 3527 4073 scriptore

683 4118 1007 4180 coaevo.

869 4286 1262 4366 (Excerptum
1296 4303 1331 4348 e
1363 4287 1437 4350 F.
1477 4285 1798 4349 Salimbeni
1831 4286 2094 4350 chronic.
2126 4290 2189 4348 in
2221 4286 2376 4348 Bibl.
2407 4289 2724 4365 Vaticana,
2754 4295 2821 4347 n⁰
2852 4293 3006 4347 7260
3025 4329 3042 4363 ,
3077 4294 3138 4345 8⁰
3166 4301 3452 4364 pergam„
3485 4301 3523 4345 a

944 4392 1045 4454 fol.
1079 4404 1195 4455 288
1225 4400 1384 4455 recto
1405 4395 1518 4455 ool.
1553 4403 1588 4454 2
1617 4412 1805 4473 usque
1826 4395 1904 4455 ad
1928 4394 2033 4456 fol.
2058 4402 2173 4455 295
2195 4410 2388 4471 verso,
2420 4395 2650 4454 omissis
2675 4398 2909 4453 tantum
2937 4392 3079 4452 locls
3096 4393 3344 4468 quinon
3371 4398 3526 4451 recte

780 4630 858 4703 (4)
892 4632 972 4689 De
998 4632 1293 4690 rebellione
1321 4633 1435 4690 sive
1460 4638 1610 4691 motu
1629 4632 1867 4690 civitatis
1892 4632 2138 4704 Taurini,
2161 4631 2264 4690 sub
2292 4647 2434 4688 anno
2461 4631 2626 4702 ⁴247,
2659 4629 2731 4689 cl'.
2768 4626 3020 4692 chronio.
3055 4626 3137 4685 ἅθ’
3153 4626 3263 4686 reb.
3295 4629 3358 4684 in
3390 4626 3520 4685 Ital.

711 4735 873 4803 ραι,
895 4746 954 4804 p.
982 4733 1045 4788 2⁴
1057 4732 1109 4803 4,
1138 4736 1193 4789 et
1217 4746 1361 4804 quae
1382 4731 1604 4805 nosipsi
1636 4729 1958 4804 monuimus,
1986 4745 2172 4805 supra,
2202 4746 2261 4803 p.
2291 4732 2397 4786 585
2417 4734 2473 4787 et
2488 4733 2601 4786 not.
2627 4732 2682 4784 ⁴.

3613 3967 3912 4023 [mv-lma
