4525 6031
1054 531 1232 701 ’ἐξ
2075 632 2505 694 rmnnmct
2554 630 2904 695 sncuum
3518 629 3681 714 [Anu.
3716 632 3893 697 1250.

1174 772 1384 844 Primi
1454 771 1763 866 parentis
1826 770 2105 842 incauta
2162 767 2618 860 transgressio
2673 768 2773 839 sic
2835 765 3129 860 posteris
3193 766 3418 859 legem
3484 767 3901 840 conditionis

1075 895 1331 968 indixit
1365 904 1447 966 ut
1477 915 1634 966 eam
1681 914 1810 965 nec
1841 892 2085 965 diluvii
2134 891 2457 986 proclivis
2488 891 2579 962 ad
2622 910 2874 984 penam
2919 886 3161 960 effusio
3201 887 3478 959 effrenis
3520 888 3903 962 abduceret

1076 1041 1209 1092 nec
1244 1017 1678 1113 baptismatis
1712 1026 1852 1087 tam
1893 1015 2216 1104 celebris,
2275 1025 2414 1086 tam
2460 1012 2756 1084 salubris
2805 1011 2999 1084 unda
3057 1010 3287 1082 liniret
3336 1010 3506 1104 quin
3548 1012 3903 1084 fatalitatis

1078 1152 1373 1216 eventus
1431 1138 1839 1211 mortalibus
1893 1138 2318 1211 senescentis
2382 1137 2493 1208 evi
2550 1135 2917 1231 precinctis
2963 1134 3281 1222 lascivia,
3335 1134 3902 1226 transgressionis

1079 1267 1149 1337 in
1194 1285 1444 1359 penam
1488 1264 1694 1358 culpa
1743 1263 2087 1333 transfusa
2132 1271 2464 1353 tanquam
2494 1258 2782 1331 cicatrix
2820 1279 2910 1329 ex
2960 1259 3252 1329 vulnere
3306 1269 3720 1330 remaneret.
3758 1261 3899 1332 Nos

1078 1386 1287 1479 igitur
1315 1385 1704 1457 Fridericus
1737 1385 2084 1456 secundus
2106 1436 2126 1474 ,
2167 1384 2405 1456 divina
2450 1382 2726 1453 favente
2758 1380 3125 1452 clementia
3150 1381 3635 1455 ‚Romanorum
3678 1381 3896 1477 impe·

1078 1519 1266 1580 rator
1316 1530 1592 1604 semper
1641 1518 2010 1600 augustus,
2061 1507 2440 1579 Jerusalem
2480 1515 2551 1577 et
2594 1505 2821 1576 Sicilie
2873 1525 3039 1593 rex,
3092 1525 3435 1576 memores
3482 1504 3898 1579 conditionis

1077 1631 1382 1702 humane
1415 1652 1626 1723 quam
1656 1652 1929 1726 semper
1955 1631 2326 1701 comitatur
2356 1629 2592 1700 innata
2618 1627 2975 1720 fragilitaS,
3014 1627 3178 1699 dum
3207 1627 3351 1699 vite
3381 1628 3582 1699 nobis
3608 1628 3897 1702 instaret

1081 1752 1440 1845 terminus,
1481 1754 1754 1846 loquele
1788 1761 1857 1823 et
1885 1752 2218 1824 memorie
2254 1753 2326 1822 in
2362 1751 2563 1823 nobis
2608 1750 3003 1841 integritate
3035 1751 3354 1843 vigente,
3393 1751 3542 1843 egri
3573 1773 3888 1847 corpore,

1080 1856 1231 1947 Sani
1266 1886 1529 1964 mente,
1563 1875 1661 1947 sic
1688 1876 1917 1948 anime
1951 1886 2187 1947 nostre
2221 1874 2725 1947 consulendum
2759 1873 3217 1968 providimuS,
3245 1874 3344 1945 sic
3372 1873 3462 1945 de
3494 1874 3784 1969 imperio
3824 1886 3895 1947 et

1080 2000 1311 2091 regnis
1343 1999 1593 2072 nostris
1626 1999 1956 2072 duximus
2001 2000 2511 2094 disponendum
2551 2008 2630 2068 ut
2665 1998 2874 2069 rebus
2909 1997 3230 2070 humanis
3270 1998 3616 2093 absumpti
3657 2000 3893 2070 vivere

1079 2124 1470 2213 videamur,
1511 2134 1581 2195 et
1610 2122 1766 2194 filiis
1799 2123 2050 2194 nostris
2098 2123 2354 2216 quibus
2390 2143 2519 2193 nos
2567 2121 2802 2194 divina
2850 2123 3214 2195 clementia
3249 2122 3682 2213 fecundavit,
3720 2145 3894 2217 quos

1079 2247 1383 2341 presenti
1419 2246 1865 2341 dispositione
1899 2254 2134 2316 nostra
2172 2245 2305 2316 sub
2346 2267 2527 2340 pena
2562 2245 3064 2319 benedictionis
3106 2257 3340 2318 nostre
3372 2246 3694 2317 volumus
3743 2268 3892 2319 esse

1078 2380 1476 2460 contentOS,
1535 2369 2009 2461 indignatione
2066 2366 2169 2464 (a)
2234 2369 2506 2440 sublata
2561 2369 2787 2440 omnis
2840 2369 3127 2441 materia
3187 2369 3493 2442 scandali
3553 2369 3883 2464 sopiatur.

1075 2494 1453 2565 Statuimus
1483 2494 1718 2586 itaque
1751 2492 2143 2564 Conradum
2171 2493 2637 2581 Romanorum
2671 2493 2741 2562 in
2770 2514 3006 2585 regem
3036 2495 3334 2565 electum
3369 2503 3439 2565 et
3470 2494 3666 2588 regni
3696 2494 3887 2565 Iero-

1075 2618 1446 2689 solimitani
1479 2615 1835 2705 heredem,
1874 2615 2205 2687 dilectum
2244 2613 2462 2685 filium
2500 2624 2851 2704 nostrum,
2893 2615 3092 2688 nobis
3123 2615 3454 2689 heredem
3493 2617 3565 2687 in
3599 2618 3887 2713 imperio

1076 2752 1147 2812 et
1198 2741 1520 2812 omnibus
1573 2740 1725 2810 aliis
1779 2738 2120 2833 empticiis
2173 2747 2243 2808 et
2292 2739 2786 2830 quoquomodo
2847 2738 3198 2831 acquisitis
3248 2751 3321 2811 et
3372 2740 3762 2835 specialiter
3817 2742 3887 2812 in

1075 2885 1290 2957 regno
1322 2875 1559 2935 nostro
1591 2861 1844 2933 Sicilie.
1878 2860 2100 2945 Quem
2136 2861 2192 2931 si
2225 2860 2563 2933 decedere
2593 2862 2957 2955 contigerit
2990 2862 3139 2934 sine
3172 2862 3436 2953 liberis,
3472 2864 3535 2934 ei
3566 2865 3890 2937 succedat

1072 2987 1432 3059 Heinricus
1472 2984 1653 3057 filius
1688 2993 1958 3075 noster;
1999 3005 2139 3077 quo
2173 2984 2502 3057 defuncto
2540 2984 2688 3056 sine
2728 2984 2985 3075 liberis,
3023 2984 3349 3057 succedat
3397 2985 3459 3057 ei
3493 2984 3887 3059 Manfredus

1075 3109 1255 3182 filius
1309 3120 1569 3182 noster.
1629 3103 1943 3182 Conrado
1998 3119 2231 3180 autem
2301 3119 2621 3179 manente
2677 3109 2748 3179 in
2813 3108 3224 3179 Alamannia
3288 3110 3400 3180 vel
3463 3109 3626 3181 alibi
3692 3121 3885 3181 extra

1077 3256 1403 3324 regnum,
1441 3233 1807 3304 statuimus
1843 3232 2230 3327 predictum
2272 3231 2707 3303 Mant'redum
2752 3232 3014 3302 balium
3060 3230 3225 3302 dicti
3256 3232 3550 3305 Conradi
3591 3232 3658 3302 in
3695 3232 3887 3303 Italia

1077 3365 1148 3427 et
1178 3354 1569 3448 specialiter
1604 3355 1676 3426 in
1717 3374 1933 3445 regno
1973 3354 2200 3424 Sicilie
2240 3351 2367 3448 (b),
2405 3354 2650 3425 dantes
2686 3354 2748 3423 ei
2792 3354 3173 3449 plenariam
3213 3364 3624 3450 potestatem
3657 3355 3886 3427 omnia

1075 3477 1372 3549 faciendi
1403 3498 1541 3569 que
1571 3497 1867 3571 persona
1902 3485 2135 3546 nostra
2169 3477 2397 3547 facere
2436 3487 2669 3570 posset
2700 3477 2755 3547 si
2787 3477 3216 3549 viveremus:
3254 3477 3583 3549 videlicet
3613 3478 3685 3549 in
3717 3500 3882 3550 con-

1074 3601 1407 3672 cedendis
1441 3599 1662 3687 terriS,
1696 3599 1966 3686 castriS,
2001 3599 2208 3688 villis,
2247 3601 2646 3693 parenteliS,
2667 3600 3145 3692 dignitatibus,
3180 3599 3533 3673 beneficiis
3564 3612 3636 3674 et
3662 3602 3884 3673 omni-

1071 3723 1207 3796 bus
1239 3724 1390 3795 aliis
1417 3725 1623 3815 juxta
1653 3722 2173 3816 dispositionem
2222 3743 2417 3793 suam
2453 3733 2687 3817 preter
2721 3724 3006 3817 antiqua
3041 3723 3360 3795 domania
3397 3725 3592 3816 regni
3627 3726 3877 3815 Sicilie,

1075 3857 1147 3920 et
1175 3845 1366 3940 quod
1423 3845 1778 3917 Conradus
1832 3856 1902 3917 et
1957 3845 2320 3917 Heinricus
2369 3847 2660 3941 predicti
2713 3845 2835 3917 filii
2899 3847 3115 3919 nostri
3176 3859 3246 3919 et
3295 3868 3536 3919 eorum
3594 3847 3881 3921 heredes

1073 3970 1306 4044 omnia
1344 3991 1482 4063 que
1523 3969 1672 4064 ipse
1713 3969 1952 4040 fecerit
1982 3967 2181 4040 firma
2227 3979 2299 4040 et
2331 3979 2480 4040 rata
2514 3979 2797 4041 teneant
2842 3980 2913 4041 et
2948 3970 3344 4042 observent.
3378 4011 3479 4025 —
3509 3973 3676 4043 Item
3716 3993 3877 4044 con-

1070 4094 1381 4167 cedimus
1413 4103 1484 4164 et
1514 4090 2004 4165 confirmamus
2036 4092 2223 4163 dicto
2249 4091 2611 4164 Mansredo
2641 4091 2784 4165 filio
2819 4104 3056 4165 nostro
3087 4093 3547 4188 principatum
3574 4094 3876 4186 Tarenti,

1068 4217 1394 4290 videlicet
1438 4238 1482 4289 a
1514 4227 1713 4312 porta
1746 4217 1977 4289 Roseti
2019 4239 2238 4308 usque
2290 4216 2382 4288 ad
2426 4227 2655 4287 ortum
2689 4217 2989 4288 fluminis
3019 4218 3366 4289 Brandani
3398 4240 3559 4290 cum
3594 4219 3877 4291 comita·

1071 4341 1255 4413 tibus
1285 4339 1539 4414 Montis
1569 4340 1851 4411 Caveosi
1873 4392 1893 4430 ,
1935 4340 2255 4411 Tricarici
2294 4351 2365 4412 et
2400 4340 2723 4431 Gravine,
2758 4349 2967 4435 prout
3005 4339 3374 4413 comitatus
3417 4341 3565 4438 ipse
3598 4353 3875 4438 proten·

1152 4511 1235 4591 (a)
1280 4511 1351 4571 In
1376 4510 1514 4572 cod.
1540 4508 1870 4579 ambitione.
1902 4512 2099 4572 minus
2123 4518 2297 4571 recte.

1152 4616 1232 4697 (b)
1275 4616 1386 4694 Ap.
1414 4617 1591 4676 Matt.
1622 4617 1792 4677 Paris
1818 4634 1835 4676 ε
1871 4636 1902 4673 α
1933 4613 2167 4675 Balium
2199 4614 2455 4677 conradi
2479 4617 2546 4676 in
2568 4617 2809 4696 imperio
2833 4633 2874 4675 a
2900 4616 3089 4696 Papia
3109 4623 3168 4680 ct
3191 4618 3343 4679 citra
3375 4623 3433 4680 ct
3479 4634 3658 4698 reqno
3681 4616 3875 4680 Sicilie

1065 4741 1244 4804 ΨΜ
1269 4719 1351 4782 αα
1373 4721 1539 4782 LXX
1558 4737 1764 4796 anm,
1798 4727 2030 4800 excepto
2054 4719 2288 4801 quando
2318 4719 2618 4783 Conradus
2643 4722 2755 4783 erit
2771 4736 3024 4802 pram.
3049 4739 3083 4780 ι
