4525 6031
734 1806 968 1860 netbtpou

707 1862 880 1905 octobri
891 1837 1016 1906 1246.

1100 599 1230 663 944
2199 599 2835 668 anonumum.

1101 734 1193 810 de
1230 736 1595 830 Fuxaraga
1625 746 1969 833 potestate
1998 739 2308 811 Bononie
2341 749 2413 811 et
2453 739 2743 814 domino
2790 741 3181 817 Thomaxio
3223 743 3317 818 de
3362 746 3585 820 Casuli
3638 749 3941 825 Sichona

1103 861 1255 953 ejus
1273 861 1512 953 judice
1549 862 1976 935 insinuatum
2005 862 2367 955 legittime,
2413 873 2483 934 et
2513 885 2637 959 per
2659 885 2776 936 me
2806 866 3325 941 Lambertinum
3360 871 3705 947 Gualandi
3735 887 3937 951 nota·

1102 986 1284 1057 rium
1317 986 1831 1083 infrascriptum
1872 997 1944 1059 et
1974 986 2146 1060 alios
2187 985 2484 1083 scriptos
2524 989 2833 1062 notarios
2861 989 2958 1064 ad
2989 992 3326 1087 originale
3353 1005 3426 1067 et
3455 998 3935 1078 authenticum

1100 1133 1308 1182 suum
1352 1111 1724 1204 diligenter
1773 1121 1844 1182 et
1887 1112 2290 1184 solemniter
2336 1112 2597 1184 lectum
2652 1123 2723 1186 et
2761 1115 3185 1190 ascultatum
3229 1127 3302 1192 et
3332 1120 3540 1216 plene
3590 1144 3753 1198 cum
3781 1127 3943 1224 ipso

1101 1235 1420 1328 originali
1456 1256 1584 1329 per
1612 1236 1845 1307 omnia
1880 1236 2309 1309 concordare
2343 1235 2740 1329 inventum,
2776 1249 2946 1331 etc.,
2983 1249 3120 1314 etc.

1206 1795 1629 1879 Fridericus
1649 1859 1673 1904 ,
1755 1798 2279 1882 Romanorum
2363 1799 2816 1909 imperator,
2894 1800 2994 1882 ad
3077 1799 3523 1884 instantiam
3593 1801 3922 1914 Philippi

1093 1929 1594 2013 Ferrariensis
1626 1930 1993 2039 episcopi,
2037 1930 2393 2014 abbatem
2430 1943 2506 2015 et
2549 1943 3010 2015 conventum
3057 1933 3314 2016 Sancti
3363 1934 3923 2020 Bal-tholomaei

1093 2075 1309 2147 extra
1350 2089 1617 2146 muros
1665 2062 2049 2146 Ferrariae
2087 2063 2231 2146 sub
2287 2091 2427 2148 sua
2479 2065 2943 2175 protectione
2970 2067 3264 2176 recipit,
3309 2067 3570 2179 eisque
3604 2068 3921 2178 privile-

1091 2197 1312 2309 gium
1367 2198 1762 2307 quondam
1810 2224 1860 2279 a
1909 2197 2292 2282 Ludovico
2343 2198 2412 2282 11
2463 2199 3046 2307 praedecessore
3089 2225 3231 2284 suo
3284 2199 3677 2285 indultum
3726 2227 3920 2286 con-

1090 2330 1374 2412 firmat.

1249 2575 1443 2654 (Edit.
1483 2591 1583 2652 ap.
1612 2573 1922 2654 Ueneni,
1952 2569 2090 2635 Ital.
2120 2590 2321 2654 sacra,
2348 2580 2398 2636 t.
2428 2574 2520 2647 Π,
2550 2592 2613 2652 p.
2658 2582 2797 2636 543.
2832 2575 3033 2636 Tener
3058 2574 3328 2649 chartae,
3371 2592 3558 2655 quum
3592 2583 3808 2656 agatur
3840 2577 3919 2650 de>

1327 2682 1601 2759 Philippo
1636 2682 1993 2741 Ferrariensl
2032 2682 2308 2758 episcopo
2336 2682 2400 2740 in
2437 2681 2804 2741 Frldericum
2842 2682 3255 2760 imperatorem
3291 2682 3723 2758 infensissimo,
3754 2685 3917 2748 locus

1324 2788 1448 2848 dati
1479 2788 1821 2848 documenti
1844 2794 1904 2847 et
1934 2802 2153 2846 nomen
2186 2788 2365 2864 primi
2395 2788 2563 2846 testis
2586 2786 2702 2848 hoc
2721 2786 3144 2848 documentum
3171 2790 3471 2868 spurium,
3493 2791 3685 2850 tmesi
3710 2790 3801 2852 fas
3826 2797 3915 2853 est

1321 2891 1516 2953 dicere
1540 2892 1973 2968 spurlssimum,
2003 2906 2131 2952 esse
2156 2889 2611 2970 demonstrant.)

1178 3108 1257 3179 In
1292 3106 1574 3178 nomine
1622 3104 2055 3178 sanctissime
2099 3104 2480 3179 Trinitatis,
2525 3103 2900 3176 Federicus
2929 3102 3317 3196 secundus,
3359 3104 3599 3179 divina
3630 3108 3909 3181 favente

1081 3231 1453 3304 clementia
1494 3232 1964 3303 Romanorum
2004 3229 2384 3323 imperator
2415 3238 2486 3300 et
2518 3249 2648 3300 rex
2688 3226 2918 3300 Sicilie
2957 3204 3235 3324 semper
3265 3239 3627 3321 augustus.
3665 3233 3909 3305 Omni·

1079 3355 1214 3427 bus
1242 3353 1487 3426 Christi
1524 3352 1846 3425 fidelibus
1884 3362 2023 3423 tam
2060 3352 2505 3447 presentibus
2536 3348 2774 3448 [quam
2806 3349 3083 3449 futuris]
3121 3361 3367 3425 notum
3398 3374 3551 3425 esse
3580 3356 3907 3429 volumus

1080 3487 1425 3571 quatenus
1434 3498 1561 3573 pro
1575 3477 1700 3548 Dei
1712 3497 1947 3549 amore
1961 3475 2331 3569 animeque
2345 3483 2581 3546 nostre
2601 3474 2938 3566 remedie,
2965 3476 3060 3548 ad
3078 3476 3475 3549 instantiam
3486 3480 3910 3552 venerabilis

1077 3602 1469 3696 nobilisque
1497 3600 1631 3673 vin·
1659 3599 1956 3695 Philippi
1982 3601 2291 3672 Fontane
2320 3599 2778 3672 Ferrariensis
2809 3599 3115 3695 episcopi
3145 3608 3217 3671 et
3246 3600 3436 3695 apud
3468 3601 3907 3694 maiestatem

1075 3737 1383 3799 nostram
1411 3746 1539 3821 pro
1563 3734 1801 3796 sancta
1823 3725 2134 3797 Romana
2158 3720 2340 3795 Sede
2367 3720 2748 3794 fidelissimi
2768 3723 3003 3815 legati,
3032 3722 3350 3815 Ugonem
3368 3712 3601 3797 Sancti
3617 3727 3906 3801 Bartho-

1073 3850 1284 3924 lomei
1317 3859 1516 3921 extra
1557 3868 1794 3919 muros
1836 3845 2146 3918 Ferrarie
2185 3844 2776 3936 religiosissimum
2824 3846 3150 3918 abbatem
3183 3868 3487 3941 suosque
3520 3849 3909 3922 monachos

1075 3984 1147 4047 et
1175 3974 1527 4065 regulares
1562 3989 1897 4067 personas
1927 3990 2203 4042 necnon
2238 3967 2648 4040 eorumdem
2675 3969 2865 4041 bona
2885 3969 3117 4042 omnia
3148 3980 3289 4043 tam
3314 3973 3662 4066 presentia
3687 3994 3909 4066 quam

1070 4100 1306 4171 futura
1341 4098 1473 4168 sub
1505 4106 1742 4168 nostra
1780 4093 2122 4189 imperiali
2167 4093 2600 4188 protectione
2652 4102 2725 4165 et
2771 4092 3269 4166 mundiburdio
3311 4105 3550 4168 nostro
3589 4098 3903 4193 recipere

1068 4221 1532 4296 decrevimus.
1591 4220 1826 4292 Sciant
1877 4219 2088 4310 igitur
2130 4217 2438 4289 universi
2489 4215 2734 4289 fideles
2781 4218 3001 4290 nostri
3050 4218 3355 4311 qualiter
3398 4221 3897 4294 monasterium

1065 4346 1576 4441 supradictum,
1640 4344 1857 4415 abbas
1880 4395 1901 4432 ,
1957 4341 2283 4415 monachi
2347 4351 2420 4413 et
2473 4340 2775 4433 religiosi
2801 4362 3046 4414 omnes
3075 4341 3245 4414 inibi
3284 4345 3433 4415 Deo
3463 4342 3849 4417 servientes
3869 4397 3895 4435 ,

1063 4478 1314 4542 cuncte
1344 4489 1586 4540 eorum
1612 4466 2109 4561 possessioneS,
2147 4475 2353 4557 terre,
2389 4485 2700 4555 nemora,
2731 4465 2979 4556 valleS,
3018 4466 3459 4560 piscationes,
3492 4467 3897 4541 molendina

1064 4604 1138 4666 et
1172 4604 1402 4666 cetera
1434 4591 1668 4665 omnia
1700 4591 1831 4663 sub
1867 4600 2105 4662 nostra
2153 4591 2226 4660 in
2264 4597 2681 4685 perpetuum
2729 4599 3019 4661 manent
3055 4590 3486 4666 defensione.
3529 4591 3891 4683 Addentes

1060 4719 1346 4816 insuper
1386 4717 1778 4791 eodemmet
1813 4714 2131 4811 Philippo
2168 4714 2529 4786 humiliter
2569 4714 3062 4788 sublimitatem
3104 4725 3415 4790 nostram
3451 4717 3891 4811 supplicante
