<?xml version="1.0" encoding="UTF-8"?>
<!DOCTYPE html PUBLIC "-//W3C//DTD XHTML 1.0 Transitional//EN"
    "http://www.w3.org/TR/xhtml1/DTD/xhtml1-transitional.dtd">
<html xmlns="http://www.w3.org/1999/xhtml" xml:lang="en" lang="en">
 <head>
  <title>
</title>
<meta http-equiv="Content-Type" content="text/html;charset=utf-8" />
  <meta name='ocr-system' content='tesseract 3.04.00' />
  <meta name='ocr-capabilities' content='ocr_page ocr_carea ocr_par ocr_line ocrx_word'/>
</head>
<body>
  <div class='ocr_page' id='page_1' title='image "./historiadiploma01empegoog_0211.png"; bbox 0 0 4525 6031; ppageno 0'>
   <div class='ocr_carea' id='block_1_1' title="bbox 676 637 3499 730">
    <p class='ocr_par' dir='ltr' id='par_1_1' title="bbox 676 637 3499 730">
     <span class='ocr_line' id='line_1_1' title="bbox 676 637 3499 730; baseline -0.005 -20"><span class='ocrx_word' id='word_1_1' title='bbox 676 649 877 710; x_wconf 66' lang='lat' dir='ltr'>Iunior.</span> <span class='ocrx_word' id='word_1_2' title='bbox 912 645 1002 730; x_wconf 90' lang='lat'>8.]</span> <span class='ocrx_word' id='word_1_3' title='bbox 1563 643 1961 707; x_wconf 83' lang='lat' dir='ltr'>HISTORIA</span> <span class='ocrx_word' id='word_1_4' title='bbox 2009 643 2604 706; x_wconf 78' lang='lat' dir='ltr'>DIPLOMATICA.</span> <span class='ocrx_word' id='word_1_5' title='bbox 3378 637 3499 697; x_wconf 81' lang='lat'>753</span> 
     </span>
    </p>
   </div>
   <div class='ocr_carea' id='block_1_2' title="bbox 678 771 3504 1372">
    <p class='ocr_par' dir='ltr' id='par_1_2' title="bbox 678 771 3503 1103">
     <span class='ocr_line' id='line_1_2' title="bbox 678 771 3498 877; baseline -0.005 -22"><span class='ocrx_word' id='word_1_6' title='bbox 678 783 973 877; x_wconf 80' lang='lat' dir='ltr'>argenti,</span> <span class='ocrx_word' id='word_1_7' title='bbox 1005 790 1230 853; x_wconf 88' lang='lat' dir='ltr'>ratam</span> <span class='ocrx_word' id='word_1_8' title='bbox 1251 781 1559 873; x_wconf 80' lang='lat' dir='ltr'>gerimus</span> <span class='ocrx_word' id='word_1_9' title='bbox 1586 789 1658 851; x_wconf 90' lang='lat' dir='ltr'>et</span> <span class='ocrx_word' id='word_1_10' title='bbox 1687 788 2044 875; x_wconf 74' lang='lat' dir='ltr'>acceptam</span> <span class='ocrx_word' id='word_1_11' title='bbox 2075 778 2207 874; x_wconf 71' lang='lat' dir='ltr'>(l).</span> <span class='ocrx_word' id='word_1_12' title='bbox 2249 779 2363 852; x_wconf 87' lang='lat' dir='ltr'>Ad</span> <span class='ocrx_word' id='word_1_13' title='bbox 2396 781 2595 872; x_wconf 86' lang='lat' dir='ltr'>cujus</span> <span class='ocrx_word' id='word_1_14' title='bbox 2626 777 2727 849; x_wconf 89' lang='lat' dir='ltr'>rei</span> <span class='ocrx_word' id='word_1_15' title='bbox 2749 774 3153 848; x_wconf 83' lang='lat' dir='ltr'>memoriam</span> <span class='ocrx_word' id='word_1_16' title='bbox 3186 781 3257 843; x_wconf 88' lang='lat' dir='ltr'>et</span> <span class='ocrx_word' id='word_1_17' title='bbox 3284 771 3498 843; x_wconf 82' lang='lat' dir='ltr'>stabi·</span> 
     </span>
     <span class='ocr_line' id='line_1_3' title="bbox 680 894 3503 999; baseline -0.006 -20"><span class='ocrx_word' id='word_1_18' title='bbox 680 908 818 979; x_wconf 93' lang='lat' dir='ltr'>lem</span> <span class='ocrx_word' id='word_1_19' title='bbox 846 904 1243 977; x_wconf 85' lang='lat' dir='ltr'>firmitatem</span> <span class='ocrx_word' id='word_1_20' title='bbox 1283 924 1571 999; x_wconf 84' lang='lat' dir='ltr'>presens</span> <span class='ocrx_word' id='word_1_21' title='bbox 1597 904 1931 998; x_wconf 91' lang='lat' dir='ltr'>scriptum</span> <span class='ocrx_word' id='word_1_22' title='bbox 1957 900 2106 973; x_wconf 85' lang='lat' dir='ltr'>fieri</span> <span class='ocrx_word' id='word_1_23' title='bbox 2140 911 2213 973; x_wconf 90' lang='lat' dir='ltr'>et</span> <span class='ocrx_word' id='word_1_24' title='bbox 2246 900 2628 994; x_wconf 86' lang='lat' dir='ltr'>majestatis</span> <span class='ocrx_word' id='word_1_25' title='bbox 2657 909 2890 971; x_wconf 89' lang='lat' dir='ltr'>nostre</span> <span class='ocrx_word' id='word_1_26' title='bbox 2926 896 3151 990; x_wconf 90' lang='lat' dir='ltr'>sigillo</span> <span class='ocrx_word' id='word_1_27' title='bbox 3171 894 3503 987; x_wconf 85' lang='lat' dir='ltr'>jussimus</span> 
     </span>
     <span class='ocr_line' id='line_1_4' title="bbox 684 1024 3095 1103; baseline -0.006 0"><span class='ocrx_word' id='word_1_28' title='bbox 684 1027 1124 1103; x_wconf 84' lang='lat' dir='ltr'>communiri.</span> <span class='ocrx_word' id='word_1_29' title='bbox 3092 1024 3095 1031; x_wconf 84' lang='grc'><strong>“</strong></span> 
     </span>
    </p>

    <p class='ocr_par' dir='ltr' id='par_1_3' title="bbox 682 1137 3504 1372">
     <span class='ocr_line' id='line_1_5' title="bbox 777 1137 3504 1243; baseline -0.006 -19"><span class='ocrx_word' id='word_1_30' title='bbox 777 1154 1029 1224; x_wconf 88' lang='lat' dir='ltr'>Datum</span> <span class='ocrx_word' id='word_1_31' title='bbox 1085 1150 1294 1243; x_wconf 89' lang='lat' dir='ltr'>Fogie</span> <span class='ocrx_word' id='word_1_32' title='bbox 1314 1202 1335 1241; x_wconf 89' lang='lat'>‚</span> <span class='ocrx_word' id='word_1_33' title='bbox 1399 1170 1587 1222; x_wconf 92' lang='lat' dir='ltr'>anno</span> <span class='ocrx_word' id='word_1_34' title='bbox 1632 1148 1986 1220; x_wconf 91' lang='lat' dir='ltr'>Dominice</span> <span class='ocrx_word' id='word_1_35' title='bbox 2044 1147 2538 1220; x_wconf 90' lang='lat' dir='ltr'>incarnationis</span> <span class='ocrx_word' id='word_1_36' title='bbox 2600 1145 2968 1217; x_wconf 87' lang='lat' dir='ltr'>millesimo</span> <span class='ocrx_word' id='word_1_37' title='bbox 3026 1137 3504 1215; x_wconf 88' lang='lat' dir='ltr'>ducentesimo</span> 
     </span>
     <span class='ocr_line' id='line_1_6' title="bbox 682 1269 2841 1372; baseline -0.004 -25"><span class='ocrx_word' id='word_1_38' title='bbox 682 1275 1213 1372; x_wconf 87' lang='lat' dir='ltr'>quadragesimo</span> <span class='ocrx_word' id='word_1_39' title='bbox 1239 1294 1463 1364; x_wconf 89' lang='lat' dir='ltr'>nono,</span> <span class='ocrx_word' id='word_1_40' title='bbox 1495 1293 1735 1345; x_wconf 91' lang='lat' dir='ltr'>mense</span> <span class='ocrx_word' id='word_1_41' title='bbox 1763 1271 2107 1362; x_wconf 76' lang='lat' dir='ltr'>octobriS‚</span> <span class='ocrx_word' id='word_1_42' title='bbox 2138 1282 2388 1344; x_wconf 83' lang='lat' dir='ltr'>octave</span> <span class='ocrx_word' id='word_1_43' title='bbox 2419 1269 2841 1342; x_wconf 79' lang='lat' dir='ltr'><strong>indictionis,</strong></span> 
     </span>
    </p>
   </div>
   <div class='ocr_carea' id='block_1_3' title="bbox 1133 1583 3075 1603">
    <p class='ocr_par' dir='ltr' id='par_1_4' title="bbox 1133 1583 3075 1603">
     <span class='ocr_line' id='line_1_7' title="bbox 1133 1583 3075 1603; baseline -0.006 0"><span class='ocrx_word' id='word_1_44' title='bbox 1133 1583 3075 1603; x_wconf 50' lang='lat' dir='ltr'>*cnm—mm</span> 
     </span>
    </p>
   </div>
   <div class='ocr_carea' id='block_1_4' title="bbox 691 1852 3621 2098">
    <p class='ocr_par' dir='ltr' id='par_1_5' title="bbox 691 1852 3621 2098">
     <span class='ocr_line' id='line_1_8' title="bbox 794 1852 3513 1967; baseline 0.001 -31"><span class='ocrx_word' id='word_1_45' title='bbox 794 1852 1060 1936; x_wconf 87' lang='lat' dir='ltr'>Petrus</span> <span class='ocrx_word' id='word_1_46' title='bbox 1095 1854 1350 1938; x_wconf 86' lang='lat' dir='ltr'><strong>Sancti</strong></span> <span class='ocrx_word' id='word_1_47' title='bbox 1387 1856 1690 1967; x_wconf 86' lang='lat' dir='ltr'>Georgii</span> <span class='ocrx_word' id='word_1_48' title='bbox 1728 1857 1828 1939; x_wconf 89' lang='lat' dir='ltr'>ad</span> <span class='ocrx_word' id='word_1_49' title='bbox 1871 1857 2138 1940; x_wconf 90' lang='lat' dir='ltr'>Velum</span> <span class='ocrx_word' id='word_1_50' title='bbox 2176 1857 2516 1940; x_wconf 88' lang='lat' dir='ltr'>Aureum</span> <span class='ocrx_word' id='word_1_51' title='bbox 2548 1855 2991 1959; x_wconf 87' lang='lat' dir='ltr'>cardinalis,</span> <span class='ocrx_word' id='word_1_52' title='bbox 3030 1854 3513 1964; x_wconf 88' lang='lat' dir='ltr'>Apostolicae</span> 
     </span>
     <span class='ocr_line' id='line_1_9' title="bbox 691 1983 3621 2098; baseline 0.003 -31"><span class='ocrx_word' id='word_1_53' title='bbox 691 1983 906 2067; x_wconf 89' lang='lat' dir='ltr'>Sedis</span> <span class='ocrx_word' id='word_1_54' title='bbox 940 1985 1277 2096; x_wconf 78' lang='lat' dir='ltr'>legatae,</span> <span class='ocrx_word' id='word_1_55' title='bbox 1329 2014 1736 2073; x_wconf 91' lang='lat' dir='ltr'>commune</span> <span class='ocrx_word' id='word_1_56' title='bbox 1788 1989 2126 2074; x_wconf 85' lang='lat' dir='ltr'>Civitatis</span> <span class='ocrx_word' id='word_1_57' title='bbox 2160 1989 2417 2075; x_wconf 85' lang='lat' dir='ltr'>Novae</span> <span class='ocrx_word' id='word_1_58' title='bbox 2456 1989 2602 2072; x_wconf 91' lang='lat' dir='ltr'>sub</span> <span class='ocrx_word' id='word_1_59' title='bbox 2639 1990 3105 2098; x_wconf 87' lang='lat' dir='ltr'>protectione</span> <span class='ocrx_word' id='word_1_60' title='bbox 3138 1988 3515 2071; x_wconf 84' lang='lat' dir='ltr'>Ecclesiae</span> <span class='ocrx_word' id='word_1_61' title='bbox 3564 2033 3621 2075; x_wconf 63' lang='grc' dir='ltr'>αι</span> 
     </span>
    </p>
   </div>
   <div class='ocr_carea' id='block_1_5' title="bbox 688 2116 3515 2363">
    <p class='ocr_par' dir='ltr' id='par_1_6' title="bbox 688 2116 3515 2363">
     <span class='ocr_line' id='line_1_10' title="bbox 688 2116 3515 2230; baseline 0.001 -31"><span class='ocrx_word' id='word_1_62' title='bbox 688 2116 988 2225; x_wconf 86' lang='lat' dir='ltr'>recipit,</span> <span class='ocrx_word' id='word_1_63' title='bbox 1029 2117 1290 2229; x_wconf 89' lang='lat' dir='ltr'>eisque</span> <span class='ocrx_word' id='word_1_64' title='bbox 1316 2120 1536 2230; x_wconf 85' lang='lat' dir='ltr'>jura,</span> <span class='ocrx_word' id='word_1_65' title='bbox 1570 2124 1904 2206; x_wconf 90' lang='lat' dir='ltr'>honores</span> <span class='ocrx_word' id='word_1_66' title='bbox 1954 2133 2030 2207; x_wconf 91' lang='lat' dir='ltr'>et</span> <span class='ocrx_word' id='word_1_67' title='bbox 2064 2123 2650 2206; x_wconf 87' lang='lat' dir='ltr'>consuetudines</span> <span class='ocrx_word' id='word_1_68' title='bbox 2699 2123 3145 2229; x_wconf 85' lang='lat' dir='ltr'>confirmat,</span> <span class='ocrx_word' id='word_1_69' title='bbox 3184 2121 3377 2203; x_wconf 91' lang='lat' dir='ltr'>dum</span> <span class='ocrx_word' id='word_1_70' title='bbox 3435 2121 3515 2202; x_wconf 95' lang='lat' dir='ltr'>in</span> 
     </span>
     <span class='ocr_line' id='line_1_11' title="bbox 692 2245 1979 2363; baseline 0.006 -35"><span class='ocrx_word' id='word_1_71' title='bbox 692 2245 1055 2334; x_wconf 80' lang='lat' dir='ltr'>fidelitate</span> <span class='ocrx_word' id='word_1_72' title='bbox 1079 2251 1457 2335; x_wconf 82' lang='lat' dir='ltr'>Ecclesiae</span> <span class='ocrx_word' id='word_1_73' title='bbox 1491 2253 1979 2363; x_wconf 84' lang='lat' dir='ltr'>perstiterint.</span> 
     </span>
    </p>
   </div>
   <div class='ocr_carea' id='block_1_6' title="bbox 855 2464 3297 2548">
    <p class='ocr_par' dir='ltr' id='par_1_7' title="bbox 855 2464 3297 2548">
     <span class='ocr_line' id='line_1_12' title="bbox 855 2464 3297 2548; baseline 0.002 -22"><span class='ocrx_word' id='word_1_74' title='bbox 855 2464 1056 2543; x_wconf 75' lang='lat' dir='ltr'>(Edtd.</span> <span class='ocrx_word' id='word_1_75' title='bbox 1093 2466 1499 2543; x_wconf 68' lang='lat' dir='ltr'>Mumeom,</span> <span class='ocrx_word' id='word_1_76' title='bbox 1528 2467 1768 2530; x_wconf 77' lang='lat' dir='ltr'>Memor.</span> <span class='ocrx_word' id='word_1_77' title='bbox 1797 2485 1948 2530; x_wconf 76' lang='lat' dir='ltr'>sacr.</span> <span class='ocrx_word' id='word_1_78' title='bbox 1980 2486 2012 2528; x_wconf 75' lang='lat' dir='ltr'>e</span> <span class='ocrx_word' id='word_1_79' title='bbox 2038 2465 2189 2529; x_wconf 66' lang='lat' dir='ltr'>civil.</span> <span class='ocrx_word' id='word_1_80' title='bbox 2221 2466 2284 2527; x_wconf 78' lang='lat' dir='ltr'>di</span> <span class='ocrx_word' id='word_1_81' title='bbox 2320 2468 2513 2529; x_wconf 68' lang='lat' dir='ltr'>Civica</span> <span class='ocrx_word' id='word_1_82' title='bbox 2538 2468 2724 2541; x_wconf 78' lang='lat' dir='ltr'>Nova,</span> <span class='ocrx_word' id='word_1_83' title='bbox 2757 2467 2862 2528; x_wconf 81' lang='lat' dir='ltr'>lib.</span> <span class='ocrx_word' id='word_1_84' title='bbox 2891 2467 3004 2546; x_wconf 91' lang='lat'>111,</span> <span class='ocrx_word' id='word_1_85' title='bbox 3034 2486 3096 2545; x_wconf 89' lang='lat' dir='ltr'>p.</span> <span class='ocrx_word' id='word_1_86' title='bbox 3127 2469 3297 2548; x_wconf 79' lang='lat'>272.)</span> 
     </span>
    </p>
   </div>
   <div class='ocr_carea' id='block_1_7' title="bbox 694 2650 3521 3858">
    <p class='ocr_par' dir='ltr' id='par_1_8' title="bbox 694 2650 3521 3858">
     <span class='ocr_line' id='line_1_13' title="bbox 790 2650 3513 2745; baseline 0.001 -21"><span class='ocrx_word' id='word_1_87' title='bbox 790 2652 1035 2725; x_wconf 87' lang='lat' dir='ltr'>Petrus</span> <span class='ocrx_word' id='word_1_88' title='bbox 1073 2652 1521 2725; x_wconf 87' lang='lat' dir='ltr'>miseratione</span> <span class='ocrx_word' id='word_1_89' title='bbox 1566 2653 1806 2725; x_wconf 85' lang='lat' dir='ltr'>divina</span> <span class='ocrx_word' id='word_1_90' title='bbox 1855 2653 2087 2726; x_wconf 91' lang='lat' dir='ltr'>Sancti</span> <span class='ocrx_word' id='word_1_91' title='bbox 2111 2651 2390 2745; x_wconf 80' lang='lat' dir='ltr'>Georgii</span> <span class='ocrx_word' id='word_1_92' title='bbox 2431 2650 2523 2723; x_wconf 89' lang='lat' dir='ltr'>ad</span> <span class='ocrx_word' id='word_1_93' title='bbox 2556 2652 2804 2724; x_wconf 87' lang='lat' dir='ltr'>Velum</span> <span class='ocrx_word' id='word_1_94' title='bbox 2831 2653 3141 2723; x_wconf 88' lang='lat' dir='ltr'>Aureum</span> <span class='ocrx_word' id='word_1_95' title='bbox 3176 2651 3513 2727; x_wconf 89' lang='lat' dir='ltr'>diaconus</span> 
     </span>
     <span class='ocr_line' id='line_1_14' title="bbox 694 2773 3515 2871; baseline 0.001 -23"><span class='ocrx_word' id='word_1_96' title='bbox 694 2774 1093 2865; x_wconf 80' lang='lat' dir='ltr'>cardinaliS,</span> <span class='ocrx_word' id='word_1_97' title='bbox 1122 2775 1521 2871; x_wconf 87' lang='lat' dir='ltr'>Apostolice</span> <span class='ocrx_word' id='word_1_98' title='bbox 1550 2776 1752 2849; x_wconf 85' lang='lat' dir='ltr'>Sedis</span> <span class='ocrx_word' id='word_1_99' title='bbox 1781 2777 2078 2869; x_wconf 74' lang='lat' dir='ltr'>legatu8‚</span> <span class='ocrx_word' id='word_1_100' title='bbox 2110 2773 2382 2847; x_wconf 90' lang='lat' dir='ltr'>dilectis</span> <span class='ocrx_word' id='word_1_101' title='bbox 2409 2774 2483 2845; x_wconf 93' lang='lat' dir='ltr'>in</span> <span class='ocrx_word' id='word_1_102' title='bbox 2519 2773 2789 2847; x_wconf 85' lang='lat' dir='ltr'>Christo</span> <span class='ocrx_word' id='word_1_103' title='bbox 2822 2775 3176 2846; x_wconf 92' lang='lat' dir='ltr'>communi</span> <span class='ocrx_word' id='word_1_104' title='bbox 3206 2776 3515 2850; x_wconf 88' lang='lat' dir='ltr'>Civitatis</span> 
     </span>
     <span class='ocr_line' id='line_1_15' title="bbox 694 2898 3515 2994; baseline 0.001 -23"><span class='ocrx_word' id='word_1_105' title='bbox 694 2899 889 2973; x_wconf 90' lang='lat' dir='ltr'>Nove</span> <span class='ocrx_word' id='word_1_106' title='bbox 920 2902 1216 2972; x_wconf 88' lang='lat' dir='ltr'>salutem</span> <span class='ocrx_word' id='word_1_107' title='bbox 1253 2901 1322 2971; x_wconf 93' lang='lat' dir='ltr'>in</span> <span class='ocrx_word' id='word_1_108' title='bbox 1353 2901 1673 2973; x_wconf 92' lang='lat' dir='ltr'>Domino.</span> <span class='ocrx_word' id='word_1_109' title='bbox 1715 2900 2161 2972; x_wconf 88' lang='lat' dir='ltr'>Intendentes</span> <span class='ocrx_word' id='word_1_110' title='bbox 2195 2920 2566 2994; x_wconf 86' lang='lat' dir='ltr'>corporum</span> <span class='ocrx_word' id='word_1_111' title='bbox 2606 2907 2677 2970; x_wconf 90' lang='lat' dir='ltr'>et</span> <span class='ocrx_word' id='word_1_112' title='bbox 2707 2898 3093 2969; x_wconf 87' lang='lat' dir='ltr'>animarum</span> <span class='ocrx_word' id='word_1_113' title='bbox 3128 2910 3515 2974; x_wconf 87' lang='lat' dir='ltr'>vestrarum</span> 
     </span>
     <span class='ocr_line' id='line_1_16' title="bbox 694 3021 3515 3119; baseline 0 -22"><span class='ocrx_word' id='word_1_114' title='bbox 694 3034 986 3119; x_wconf 87' lang='lat' dir='ltr'>paterno</span> <span class='ocrx_word' id='word_1_115' title='bbox 1039 3023 1270 3096; x_wconf 83' lang='lat' dir='ltr'>studio</span> <span class='ocrx_word' id='word_1_116' title='bbox 1328 3046 1566 3096; x_wconf 88' lang='lat' dir='ltr'>curam</span> <span class='ocrx_word' id='word_1_117' title='bbox 1606 3024 1866 3097; x_wconf 90' lang='lat' dir='ltr'>habere</span> <span class='ocrx_word' id='word_1_118' title='bbox 1925 3024 2292 3097; x_wconf 87' lang='lat' dir='ltr'>sollicitam</span> <span class='ocrx_word' id='word_1_119' title='bbox 2344 3034 2424 3095; x_wconf 90' lang='lat' dir='ltr'>ut</span> <span class='ocrx_word' id='word_1_120' title='bbox 2463 3022 2685 3115; x_wconf 85' lang='lat' dir='ltr'>adjuti</span> <span class='ocrx_word' id='word_1_121' title='bbox 2733 3043 2925 3094; x_wconf 85' lang='lat' dir='ltr'>nexu</span> <span class='ocrx_word' id='word_1_122' title='bbox 2969 3021 3162 3094; x_wconf 85' lang='lat' dir='ltr'>filiali</span> <span class='ocrx_word' id='word_1_123' title='bbox 3210 3024 3515 3098; x_wconf 86' lang='lat' dir='ltr'>Ecclesie</span> 
     </span>
     <span class='ocr_line' id='line_1_17' title="bbox 695 3146 3520 3242; baseline 0.001 -22"><span class='ocrx_word' id='word_1_124' title='bbox 695 3147 934 3220; x_wconf 90' lang='lat' dir='ltr'>matris</span> <span class='ocrx_word' id='word_1_125' title='bbox 981 3146 1450 3241; x_wconf 78' lang='lat' dir='ltr'>amplexibus,</span> <span class='ocrx_word' id='word_1_126' title='bbox 1497 3148 1713 3242; x_wconf 87' lang='lat' dir='ltr'>ipsius</span> <span class='ocrx_word' id='word_1_127' title='bbox 1756 3148 2050 3241; x_wconf 84' lang='lat' dir='ltr'>gratiam</span> <span class='ocrx_word' id='word_1_128' title='bbox 2097 3148 2306 3242; x_wconf 91' lang='lat' dir='ltr'>plene</span> <span class='ocrx_word' id='word_1_129' title='bbox 2355 3146 2878 3240; x_wconf 88' lang='lat' dir='ltr'>consequamini</span> <span class='ocrx_word' id='word_1_130' title='bbox 2900 3156 2971 3219; x_wconf 91' lang='lat' dir='ltr'>et</span> <span class='ocrx_word' id='word_1_131' title='bbox 3003 3168 3312 3220; x_wconf 86' lang='lat' dir='ltr'>amorem</span> <span class='ocrx_word' id='word_1_132' title='bbox 3336 3201 3356 3239; x_wconf 93' lang='lat'>,</span> <span class='ocrx_word' id='word_1_133' title='bbox 3392 3171 3520 3222; x_wconf 83' lang='lat' dir='ltr'>vos</span> 
     </span>
     <span class='ocr_line' id='line_1_18' title="bbox 696 3270 3516 3366; baseline 0.001 -23"><span class='ocrx_word' id='word_1_134' title='bbox 696 3270 1059 3344; x_wconf 83' lang='lat' dir='ltr'>universos</span> <span class='ocrx_word' id='word_1_135' title='bbox 1086 3280 1158 3342; x_wconf 90' lang='lat' dir='ltr'>et</span> <span class='ocrx_word' id='word_1_136' title='bbox 1186 3272 1496 3363; x_wconf 91' lang='lat' dir='ltr'>singulos</span> <span class='ocrx_word' id='word_1_137' title='bbox 1528 3271 1780 3344; x_wconf 86' lang='lat' dir='ltr'>affectu</span> <span class='ocrx_word' id='word_1_138' title='bbox 1813 3272 2160 3344; x_wconf 88' lang='lat' dir='ltr'>benevolo</span> <span class='ocrx_word' id='word_1_139' title='bbox 2195 3270 2523 3366; x_wconf 88' lang='lat' dir='ltr'>prosequi</span> <span class='ocrx_word' id='word_1_140' title='bbox 2556 3270 2878 3342; x_wconf 91' lang='lat' dir='ltr'>volumus</span> <span class='ocrx_word' id='word_1_141' title='bbox 2913 3279 2985 3342; x_wconf 91' lang='lat' dir='ltr'>et</span> <span class='ocrx_word' id='word_1_142' title='bbox 3027 3272 3266 3360; x_wconf 82' lang='lat' dir='ltr'>favore</span> <span class='ocrx_word' id='word_1_143' title='bbox 3296 3275 3516 3366; x_wconf 87' lang='lat' dir='ltr'>gratie</span> 
     </span>
     <span class='ocr_line' id='line_1_19' title="bbox 697 3388 3519 3485; baseline 0.001 -23"><span class='ocrx_word' id='word_1_144' title='bbox 697 3390 1041 3485; x_wconf 81' lang='lat' dir='ltr'>specialiS‚</span> <span class='ocrx_word' id='word_1_145' title='bbox 1085 3399 1165 3462; x_wconf 93' lang='lat' dir='ltr'>ut</span> <span class='ocrx_word' id='word_1_146' title='bbox 1217 3398 1410 3462; x_wconf 89' lang='lat' dir='ltr'>tanto</span> <span class='ocrx_word' id='word_1_147' title='bbox 1457 3389 1786 3461; x_wconf 88' lang='lat' dir='ltr'>libentius</span> <span class='ocrx_word' id='word_1_148' title='bbox 1835 3389 2018 3462; x_wconf 89' lang='lat' dir='ltr'>dicte</span> <span class='ocrx_word' id='word_1_149' title='bbox 2067 3388 2309 3461; x_wconf 86' lang='lat' dir='ltr'>matris</span> <span class='ocrx_word' id='word_1_150' title='bbox 2359 3389 2814 3484; x_wconf 89' lang='lat' dir='ltr'>beneplacitis</span> <span class='ocrx_word' id='word_1_151' title='bbox 2872 3388 3211 3482; x_wconf 84' lang='lat' dir='ltr'>adherere</span> <span class='ocrx_word' id='word_1_152' title='bbox 3265 3394 3519 3465; x_wconf 88' lang='lat' dir='ltr'>curetis</span> 
     </span>
     <span class='ocr_line' id='line_1_20' title="bbox 697 3512 3521 3612; baseline 0.001 -26"><span class='ocrx_word' id='word_1_153' title='bbox 697 3524 960 3608; x_wconf 92' lang='lat' dir='ltr'>quanto</span> <span class='ocrx_word' id='word_1_154' title='bbox 1011 3513 1457 3587; x_wconf 82' lang='lat' dir='ltr'>favorabilius</span> <span class='ocrx_word' id='word_1_155' title='bbox 1501 3512 1733 3585; x_wconf 90' lang='lat' dir='ltr'>scietis</span> <span class='ocrx_word' id='word_1_156' title='bbox 1779 3513 2000 3608; x_wconf 91' lang='lat' dir='ltr'>ipsam</span> <span class='ocrx_word' id='word_1_157' title='bbox 2048 3522 2281 3585; x_wconf 88' lang='lat' dir='ltr'>vestra</span> <span class='ocrx_word' id='word_1_158' title='bbox 2325 3513 2687 3586; x_wconf 86' lang='lat' dir='ltr'>commoda</span> <span class='ocrx_word' id='word_1_159' title='bbox 2739 3534 3176 3609; x_wconf 83' lang='lat' dir='ltr'>promovere.</span> <span class='ocrx_word' id='word_1_160' title='bbox 3231 3516 3521 3612; x_wconf 86' lang='lat' dir='ltr'>Propter</span> 
     </span>
     <span class='ocr_line' id='line_1_21' title="bbox 699 3611 3519 3733; baseline 0.001 -23"><span class='ocrx_word' id='word_1_161' title='bbox 699 3636 890 3732; x_wconf 89' lang='lat' dir='ltr'>quod</span> <span class='ocrx_word' id='word_1_162' title='bbox 919 3659 1048 3709; x_wconf 88' lang='lat' dir='ltr'>vos</span> <span class='ocrx_word' id='word_1_163' title='bbox 1081 3645 1152 3709; x_wconf 90' lang='lat' dir='ltr'>et</span> <span class='ocrx_word' id='word_1_164' title='bbox 1188 3647 1443 3708; x_wconf 87' lang='lat' dir='ltr'>terram</span> <span class='ocrx_word' id='word_1_165' title='bbox 1473 3646 1777 3708; x_wconf 85' lang='lat' dir='ltr'>vestram</span> <span class='ocrx_word' id='word_1_166' title='bbox 1819 3611 2231 3731; x_wconf 77' lang='lat' dir='ltr'>recipientes</span> <span class='ocrx_word' id='word_1_167' title='bbox 2268 3637 2401 3707; x_wconf 91' lang='lat' dir='ltr'>sub</span> <span class='ocrx_word' id='word_1_168' title='bbox 2433 3635 2862 3732; x_wconf 88' lang='lat' dir='ltr'>protectione</span> <span class='ocrx_word' id='word_1_169' title='bbox 2893 3635 3287 3733; x_wconf 86' lang='lat' dir='ltr'>Apostolice</span> <span class='ocrx_word' id='word_1_170' title='bbox 3321 3641 3519 3713; x_wconf 84' lang='lat' dir='ltr'>Sedis</span> 
     </span>
     <span class='ocr_line' id='line_1_22' title="bbox 703 3760 3519 3858; baseline -0.001 -23"><span class='ocrx_word' id='word_1_171' title='bbox 703 3774 773 3837; x_wconf 91' lang='lat' dir='ltr'>et</span> <span class='ocrx_word' id='word_1_172' title='bbox 802 3773 1037 3837; x_wconf 86' lang='lat' dir='ltr'>nostra</span> <span class='ocrx_word' id='word_1_173' title='bbox 1058 3760 1341 3852; x_wconf 88' lang='lat' dir='ltr'>,omnia</span> <span class='ocrx_word' id='word_1_174' title='bbox 1360 3761 1522 3854; x_wconf 87' lang='lat' dir='ltr'>jura</span> <span class='ocrx_word' id='word_1_175' title='bbox 1551 3768 1820 3851; x_wconf 85' lang='lat' dir='ltr'>vestra,</span> <span class='ocrx_word' id='word_1_176' title='bbox 1853 3760 2195 3852; x_wconf 79' lang='lat' dir='ltr'>honoreS‚</span> <span class='ocrx_word' id='word_1_177' title='bbox 2231 3783 2401 3832; x_wconf 88' lang='lat' dir='ltr'>usus</span> <span class='ocrx_word' id='word_1_178' title='bbox 2430 3769 2502 3831; x_wconf 90' lang='lat' dir='ltr'>et</span> <span class='ocrx_word' id='word_1_179' title='bbox 2534 3760 3075 3833; x_wconf 88' lang='lat' dir='ltr'>consuetudines</span> <span class='ocrx_word' id='word_1_180' title='bbox 3102 3763 3519 3858; x_wconf 88' lang='lat' dir='ltr'>approbatas</span> 
     </span>
    </p>
   </div>
   <div class='ocr_carea' id='block_1_8' title="bbox 703 4065 3523 4822">
    <p class='ocr_par' dir='ltr' id='par_1_9' title="bbox 703 4065 3523 4822">
     <span class='ocr_line' id='line_1_23' title="bbox 776 4065 3515 4144; baseline -0 -17"><span class='ocrx_word' id='word_1_181' title='bbox 776 4070 848 4144; x_wconf 75' lang='grc'>(4)</span> <span class='ocrx_word' id='word_1_182' title='bbox 883 4071 1124 4141; x_wconf 76' lang='lat' dir='ltr'>Muchar,</span> <span class='ocrx_word' id='word_1_183' title='bbox 1151 4068 1340 4130; x_wconf 75' lang='lat' dir='ltr'>Geseh.</span> <span class='ocrx_word' id='word_1_184' title='bbox 1366 4067 1461 4124; x_wconf 79' lang='lat' dir='ltr'>der</span> <span class='ocrx_word' id='word_1_185' title='bbox 1489 4067 1852 4136; x_wconf 62' lang='lat' dir='ltr'>Summam,</span> <span class='ocrx_word' id='word_1_186' title='bbox 1880 4085 1937 4141; x_wconf 90' lang='lat' dir='ltr'>p.</span> <span class='ocrx_word' id='word_1_187' title='bbox 1967 4068 2102 4137; x_wconf 73' lang='lat'>224,</span> <span class='ocrx_word' id='word_1_188' title='bbox 2132 4065 2507 4138; x_wconf 85' lang='lat' dir='ltr'>obligationem</span> <span class='ocrx_word' id='word_1_189' title='bbox 2542 4066 2611 4122; x_wconf 87' lang='lat' dir='ltr'>de</span> <span class='ocrx_word' id='word_1_190' title='bbox 2647 4081 2752 4137; x_wconf 87' lang='lat' dir='ltr'>qua</span> <span class='ocrx_word' id='word_1_191' title='bbox 2786 4065 2875 4122; x_wconf 91' lang='lat' dir='ltr'>hic</span> <span class='ocrx_word' id='word_1_192' title='bbox 2907 4066 3108 4122; x_wconf 90' lang='lat' dir='ltr'>mentio</span> <span class='ocrx_word' id='word_1_193' title='bbox 3137 4066 3224 4138; x_wconf 83' lang='lat' dir='ltr'>fit,</span> <span class='ocrx_word' id='word_1_194' title='bbox 3259 4083 3325 4125; x_wconf 86' lang='lat' dir='ltr'>ex</span> <span class='ocrx_word' id='word_1_195' title='bbox 3364 4068 3515 4126; x_wconf 87' lang='lat' dir='ltr'>Saal-</span> 
     </span>
     <span class='ocr_line' id='line_1_24' title="bbox 703 4162 3516 4239; baseline -0.001 -13"><span class='ocrx_word' id='word_1_196' title='bbox 703 4169 849 4227; x_wconf 88' lang='lat' dir='ltr'>buch</span> <span class='ocrx_word' id='word_1_197' title='bbox 882 4169 941 4226; x_wconf 93' lang='lat' dir='ltr'>S.</span> <span class='ocrx_word' id='word_1_198' title='bbox 981 4167 1252 4225; x_wconf 86' lang='lat' dir='ltr'>Lamberti</span> <span class='ocrx_word' id='word_1_199' title='bbox 1281 4165 1515 4223; x_wconf 82' lang='lat' dir='ltr'>extraxit</span> <span class='ocrx_word' id='word_1_200' title='bbox 1537 4170 1594 4221; x_wconf 83' lang='lat' dir='ltr'>et</span> <span class='ocrx_word' id='word_1_201' title='bbox 1620 4164 1845 4222; x_wconf 83' lang='lat' dir='ltr'>inseruit</span> <span class='ocrx_word' id='word_1_202' title='bbox 1876 4181 1889 4218; x_wconf 87' lang='lat'>:</span> <span class='ocrx_word' id='word_1_203' title='bbox 1928 4183 1954 4217; x_wconf 77' lang='grc' dir='ltr'><strong>α</strong></span> <span class='ocrx_word' id='word_1_204' title='bbox 1983 4165 2094 4221; x_wconf 87' lang='lat' dir='ltr'>Nos</span> <span class='ocrx_word' id='word_1_205' title='bbox 2129 4163 2475 4220; x_wconf 69' lang='lat' dir='ltr'>meinhardus</span> <span class='ocrx_word' id='word_1_206' title='bbox 2502 4177 2684 4218; x_wconf 81' lang='lat' dir='ltr'>comes</span> <span class='ocrx_word' id='word_1_207' title='bbox 2716 4162 2944 4233; x_wconf 88' lang='lat' dir='ltr'>Goritie,</span> <span class='ocrx_word' id='word_1_208' title='bbox 2983 4164 3292 4237; x_wconf 87' lang='lat' dir='ltr'>capitaneus</span> <span class='ocrx_word' id='word_1_209' title='bbox 3317 4166 3516 4239; x_wconf 80' lang='lat' dir='ltr'>styrie,</span> 
     </span>
     <span class='ocr_line' id='line_1_25' title="bbox 704 4257 3519 4334; baseline -0 -13"><span class='ocrx_word' id='word_1_210' title='bbox 704 4271 790 4321; x_wconf 89' lang='lat' dir='ltr'>etc</span> <span class='ocrx_word' id='word_1_211' title='bbox 795 4303 1164 4322; x_wconf 90' lang='lat'>.......</span> <span class='ocrx_word' id='word_1_212' title='bbox 1203 4264 1285 4320; x_wconf 83' lang='lat' dir='ltr'>Rx</span> <span class='ocrx_word' id='word_1_213' title='bbox 1327 4262 1566 4333; x_wconf 79' lang='lat' dir='ltr'>iniuncto</span> <span class='ocrx_word' id='word_1_214' title='bbox 1615 4260 1770 4317; x_wconf 88' lang='lat' dir='ltr'>nobis</span> <span class='ocrx_word' id='word_1_215' title='bbox 1811 4259 2074 4333; x_wconf 86' lang='lat' dir='ltr'>imperiali</span> <span class='ocrx_word' id='word_1_216' title='bbox 2118 4259 2371 4317; x_wconf 88' lang='lat' dir='ltr'>mandato</span> <span class='ocrx_word' id='word_1_217' title='bbox 2417 4259 2784 4332; x_wconf 84' lang='lat' dir='ltr'>capitaneatus</span> <span class='ocrx_word' id='word_1_218' title='bbox 2819 4257 2991 4316; x_wconf 84' lang='lat' dir='ltr'>officio</span> <span class='ocrx_word' id='word_1_219' title='bbox 3043 4260 3246 4334; x_wconf 83' lang='lat' dir='ltr'>Styrie‚</span> <span class='ocrx_word' id='word_1_220' title='bbox 3305 4262 3519 4320; x_wconf 89' lang='lat' dir='ltr'>domino</span> 
     </span>
     <span class='ocr_line' id='line_1_26' title="bbox 704 4354 3518 4435; baseline -0.001 -17"><span class='ocrx_word' id='word_1_221' title='bbox 704 4360 1009 4418; x_wconf 77' lang='lat' dir='ltr'>Hermanno</span> <span class='ocrx_word' id='word_1_222' title='bbox 1036 4360 1203 4417; x_wconf 89' lang='lat' dir='ltr'>nobili</span> <span class='ocrx_word' id='word_1_223' title='bbox 1229 4359 1409 4418; x_wconf 87' lang='lat' dir='ltr'>comiti</span> <span class='ocrx_word' id='word_1_224' title='bbox 1435 4359 1505 4416; x_wconf 84' lang='lat' dir='ltr'>de</span> <span class='ocrx_word' id='word_1_225' title='bbox 1532 4357 1874 4415; x_wconf 88' lang='lat' dir='ltr'>Ortenburch</span> <span class='ocrx_word' id='word_1_226' title='bbox 1900 4355 2216 4413; x_wconf 85' lang='lat' dir='ltr'>auctoritate</span> <span class='ocrx_word' id='word_1_227' title='bbox 2249 4354 2515 4426; x_wconf 86' lang='lat' dir='ltr'>imperiali</span> <span class='ocrx_word' id='word_1_228' title='bbox 2542 4355 2790 4428; x_wconf 89' lang='lat' dir='ltr'>predium</span> <span class='ocrx_word' id='word_1_229' title='bbox 2820 4356 3091 4426; x_wconf 85' lang='lat' dir='ltr'>provincie</span> <span class='ocrx_word' id='word_1_230' title='bbox 3126 4357 3178 4412; x_wconf 90' lang='lat' dir='ltr'>in</span> <span class='ocrx_word' id='word_1_231' title='bbox 3217 4358 3518 4435; x_wconf 83' lang='lat' dir='ltr'>Grazzlupp</span> 
     </span>
     <span class='ocr_line' id='line_1_27' title="bbox 704 4451 3522 4531; baseline 0 -17"><span class='ocrx_word' id='word_1_232' title='bbox 704 4473 806 4530; x_wconf 80' lang='lat' dir='ltr'>pm</span> <span class='ocrx_word' id='word_1_233' title='bbox 831 4458 1063 4531; x_wconf 87' lang='lat' dir='ltr'>quadam</span> <span class='ocrx_word' id='word_1_234' title='bbox 1090 4472 1302 4514; x_wconf 86' lang='lat' dir='ltr'>summa</span> <span class='ocrx_word' id='word_1_235' title='bbox 1329 4456 1554 4530; x_wconf 84' lang='lat' dir='ltr'>pecunie</span> <span class='ocrx_word' id='word_1_236' title='bbox 1583 4454 1961 4526; x_wconf 83' lang='lat' dir='ltr'>obligavimus,</span> <span class='ocrx_word' id='word_1_237' title='bbox 1986 4458 2050 4509; x_wconf 91' lang='lat' dir='ltr'>ut</span> <span class='ocrx_word' id='word_1_238' title='bbox 2074 4452 2289 4509; x_wconf 87' lang='lat' dir='ltr'>domino</span> <span class='ocrx_word' id='word_1_239' title='bbox 2317 4458 2499 4508; x_wconf 87' lang='lat' dir='ltr'>nostro</span> <span class='ocrx_word' id='word_1_240' title='bbox 2527 4451 2769 4525; x_wconf 86' lang='lat' dir='ltr'>preclaro</span> <span class='ocrx_word' id='word_1_241' title='bbox 2797 4452 3102 4526; x_wconf 84' lang='lat' dir='ltr'>imperatori</span> <span class='ocrx_word' id='word_1_242' title='bbox 3127 4455 3345 4512; x_wconf 84' lang='lat' dir='ltr'>servitia</span> <span class='ocrx_word' id='word_1_243' title='bbox 3370 4457 3522 4514; x_wconf 80' lang='lat' dir='ltr'>exbi-</span> 
     </span>
     <span class='ocr_line' id='line_1_28' title="bbox 705 4548 3523 4627; baseline -0.001 -14"><span class='ocrx_word' id='word_1_244' title='bbox 705 4553 836 4613; x_wconf 77' lang='lat' dir='ltr'>beat</span> <span class='ocrx_word' id='word_1_245' title='bbox 859 4561 1010 4627; x_wconf 85' lang='lat' dir='ltr'>grata</span> <span class='ocrx_word' id='word_1_246' title='bbox 1037 4560 1091 4610; x_wconf 84' lang='lat' dir='ltr'>et</span> <span class='ocrx_word' id='word_1_247' title='bbox 1117 4560 1341 4627; x_wconf 84' lang='lat' dir='ltr'>accepta</span> <span class='ocrx_word' id='word_1_248' title='bbox 1371 4595 1388 4611; x_wconf 94' lang='lat'>.</span> <span class='ocrx_word' id='word_1_249' title='bbox 1431 4594 1446 4609; x_wconf 95' lang='lat'>.</span> <span class='ocrx_word' id='word_1_250' title='bbox 1489 4593 1506 4609; x_wconf 93' lang='lat'>.</span> <span class='ocrx_word' id='word_1_251' title='bbox 1531 4553 1726 4609; x_wconf 84' lang='lat' dir='ltr'>Datum</span> <span class='ocrx_word' id='word_1_252' title='bbox 1751 4553 1822 4608; x_wconf 73' lang='lat'>24</span> <span class='ocrx_word' id='word_1_253' title='bbox 1861 4549 2069 4622; x_wconf 87' lang='lat' dir='ltr'>augusti</span> <span class='ocrx_word' id='word_1_254' title='bbox 2108 4550 2180 4606; x_wconf 74' lang='lat' dir='ltr'>M.</span> <span class='ocrx_word' id='word_1_255' title='bbox 2201 4548 2300 4606; x_wconf 87' lang='lat' dir='ltr'>CC.</span> <span class='ocrx_word' id='word_1_256' title='bbox 2321 4549 2515 4607; x_wconf 85' lang='lat' dir='ltr'>XLIX.</span> <span class='ocrx_word' id='word_1_257' title='bbox 2547 4567 2574 4601; x_wconf 73' lang='grc' dir='ltr'>ιι</span> <span class='ocrx_word' id='word_1_258' title='bbox 2603 4548 2945 4607; x_wconf 77' lang='lat' dir='ltr'>Meinhardus</span> <span class='ocrx_word' id='word_1_259' title='bbox 2981 4557 3170 4624; x_wconf 72' lang='lat' dir='ltr'>postea</span> <span class='ocrx_word' id='word_1_260' title='bbox 3204 4553 3523 4625; x_wconf 80' lang='lat' dir='ltr'>capitaneus</span> 
     </span>
     <span class='ocr_line' id='line_1_29' title="bbox 706 4645 3521 4724; baseline -0 -15"><span class='ocrx_word' id='word_1_261' title='bbox 706 4651 763 4708; x_wconf 89' lang='lat' dir='ltr'>in</span> <span class='ocrx_word' id='word_1_262' title='bbox 790 4651 1006 4709; x_wconf 78' lang='lat' dir='ltr'>Austria</span> <span class='ocrx_word' id='word_1_263' title='bbox 1030 4651 1186 4707; x_wconf 89' lang='lat' dir='ltr'>simul</span> <span class='ocrx_word' id='word_1_264' title='bbox 1208 4658 1263 4707; x_wconf 87' lang='lat' dir='ltr'>et</span> <span class='ocrx_word' id='word_1_265' title='bbox 1288 4651 1342 4707; x_wconf 91' lang='lat' dir='ltr'>in</span> <span class='ocrx_word' id='word_1_266' title='bbox 1366 4650 1546 4724; x_wconf 85' lang='lat' dir='ltr'>Styria</span> <span class='ocrx_word' id='word_1_267' title='bbox 1568 4648 1890 4717; x_wconf 89' lang='lat' dir='ltr'>nominatur,</span> <span class='ocrx_word' id='word_1_268' title='bbox 1918 4652 2043 4722; x_wconf 85' lang='lat' dir='ltr'>post</span> <span class='ocrx_word' id='word_1_269' title='bbox 2063 4646 2218 4703; x_wconf 86' lang='lat' dir='ltr'>ducis</span> <span class='ocrx_word' id='word_1_270' title='bbox 2243 4646 2500 4704; x_wconf 86' lang='lat' dir='ltr'>Bavariae</span> <span class='ocrx_word' id='word_1_271' title='bbox 2523 4645 2960 4719; x_wconf 83' lang='lat' dir='ltr'>resignationem.</span> <span class='ocrx_word' id='word_1_272' title='bbox 2991 4647 3071 4705; x_wconf 76' lang='lat' dir='ltr'>Cf.</span> <span class='ocrx_word' id='word_1_273' title='bbox 3102 4648 3521 4709; x_wconf 81' lang='lat' dir='ltr'>instrumentum</span> 
     </span>
     <span class='ocr_line' id='line_1_30' title="bbox 709 4744 2176 4822; baseline -0.004 -17"><span class='ocrx_word' id='word_1_274' title='bbox 709 4749 776 4805; x_wconf 76' lang='lat'>20</span> <span class='ocrx_word' id='word_1_275' title='bbox 802 4748 1026 4822; x_wconf 86' lang='lat' dir='ltr'>januarii</span> <span class='ocrx_word' id='word_1_276' title='bbox 1051 4751 1211 4819; x_wconf 72' lang='lat'>⁴250,</span> <span class='ocrx_word' id='word_1_277' title='bbox 1242 4747 1384 4820; x_wconf 88' lang='lat' dir='ltr'>apud</span> <span class='ocrx_word' id='word_1_278' title='bbox 1413 4749 1668 4816; x_wconf 68' lang='lat' dir='ltr'>mucan,</span> <span class='ocrx_word' id='word_1_279' title='bbox 1697 4744 1929 4815; x_wconf 72' lang='lat' dir='ltr'>ibidem,</span> <span class='ocrx_word' id='word_1_280' title='bbox 1962 4760 2015 4817; x_wconf 88' lang='lat' dir='ltr'>p.</span> <span class='ocrx_word' id='word_1_281' title='bbox 2048 4747 2176 4802; x_wconf 74' lang='lat'>227.</span> 
     </span>
    </p>
   </div>
   <div class='ocr_carea' id='block_1_9' title="bbox 3643 1871 3845 2032">
    <p class='ocr_par' dir='ltr' id='par_1_10' title="bbox 3643 1871 3845 2032">
     <span class='ocr_line' id='line_1_31' title="bbox 3645 1871 3838 1968; baseline 0.01 -1"><span class='ocrx_word' id='word_1_282' title='bbox 3645 1871 3838 1968; x_wconf 55' lang='lat' dir='ltr'>effi..</span> 
     </span>
     <span class='ocr_line' id='line_1_32' title="bbox 3643 1978 3845 2032; baseline 0 -11"><span class='ocrx_word' id='word_1_283' title='bbox 3643 1978 3818 2021; x_wconf 70' lang='lat' dir='ltr'>Novam</span> <span class='ocrx_word' id='word_1_284' title='bbox 3828 2007 3845 2032; x_wconf 90' lang='lat'>,</span> 
     </span>
    </p>
   </div>
   <div class='ocr_carea' id='block_1_10' title="bbox 3658 2031 3931 2075">
    <p class='ocr_par' dir='ltr' id='par_1_11' title="bbox 3658 2031 3931 2075">
     <span class='ocr_line' id='line_1_33' title="bbox 3658 2031 3931 2075; baseline -0.004 0"><span class='ocrx_word' id='word_1_285' title='bbox 3658 2031 3908 2075; x_wconf 72' lang='lat' dir='ltr'>novembri·</span> <span class='ocrx_word' id='word_1_286' title='bbox 3918 2059 3931 2074; x_wconf 90' lang='lat'>.</span> 
     </span>
    </p>
   </div>
  </div>
 </body>
</html>
