4525 6031
1827 604 2469 674 Annrraunurm
3445 607 3579 674 9⁶5

723 741 918 838 quod
949 740 1394 840 privilegium
1426 738 1783 834 quoddam
1812 762 1855 813 a
1888 741 2056 816 divo
2085 743 2439 817 Ludovico
2464 745 2521 817 11
2548 743 3043 839 predecessore
3073 751 3310 817 nostro
3337 764 3571 838 quon-

721 867 886 941 dam
927 865 1420 960 augustissimo
1461 863 1881 960 imperatore
1930 866 2161 938 eidem
2202 869 2633 941 monasterio
2678 869 3082 961 elargitum,
3123 889 3313 941 nunc
3354 869 3566 942 duxi-

718 1014 879 1064 mus
919 990 1315 1087 specialiter
1353 988 1946 1081 confirmandum,
2006 1001 2218 1086 prout
2274 993 2364 1065 de
2419 995 2600 1067 facto
2647 990 3140 1065 confirmamus
3188 1003 3569 1089 nostraque

722 1114 1067 1212 imperiali
1101 1112 1515 1185 auctoritate
1549 1113 2108 1185 corroboramus.
2148 1114 2400 1187 Nullus
2431 1117 2644 1210 igitur
2682 1117 2868 1207 dux,
2902 1115 3250 1207 marchio,
3289 1137 3559 1208 comeS,

719 1238 1151 1328 vicecomes,
1191 1235 1616 1326 sculdasius,
1652 1236 2026 1329 castaldio,
2067 1260 2323 1331 magna
2367 1240 2515 1312 sive
2561 1261 2778 1337 parva
2817 1261 3117 1336 persona
3151 1239 3567 1333 jamdictum

722 1362 1221 1435 monasterium
1247 1413 1272 1452 ,
1326 1345 1685 1454 religiosos
1735 1369 1809 1431 et
1856 1383 2020 1434 suos
2077 1385 2519 1437 successores
2555 1386 2938 1458 eorumque
2976 1364 3163 1437 bona
3195 1365 3566 1436 molestare

721 1487 1013 1577 audeat,
1053 1494 1178 1558 aut
1211 1484 1272 1558 si
1299 1484 1596 1574 detinet,
1633 1484 1706 1555 in
1739 1494 2097 1579 posterum
2120 1487 2341 1560 libere
2380 1499 2452 1561 et
2484 1489 2636 1561 sine
2659 1490 2804 1560 ulla
2827 1488 3375 1561 contradictione
3400 1487 3565 1559 red-

727 1610 881 1702 dat;
918 1610 1231 1704 alioquin
1270 1618 1581 1682 nostram
1616 1608 2168 1702 indignationem
2206 1613 2650 1685 incursurum
2689 1614 2887 1686 sciat.
2928 1613 3178 1684 Nullus
3208 1620 3568 1707 presentes

725 1734 1110 1807 monachos
1144 1742 1217 1806 et
1255 1735 1528 1805 futuros
1563 1754 1990 1828 suorumque
2022 1737 2363 1829 vasa1103,
2413 1737 2974 1829 commendatos,
3020 1757 3300 1827 servos,
3345 1735 3568 1809 ancil·

725 1861 865 1952 las,
901 1858 1218 1930 ald10nes
1264 1866 1338 1930 et
1375 1867 1609 1930 cetera
1642 1858 1879 1930 omnia
1913 1857 2305 1932 disturbare
2354 1870 2425 1933 et
2467 1862 2856 1953 inquietare
2897 1871 3289 1956 presumat,
3335 1881 3569 1953 neque

724 2004 846 2056 eos
912 1982 1363 2074 distringere,
1400 2003 1695 2074 gravare
1734 1992 1859 2055 aut
1923 1984 2287 2076 angariare
2352 1985 2647 2076 audeat,
2710 1986 2840 2058 sed
2900 1985 3134 2079 quiete
3194 1993 3266 2056 et
3323 2004 3565 2057 secure

726 2105 996 2178 vivant:
1036 2104 1174 2189 Qui
1225 2114 1460 2177 autem
1506 2115 1832 2200 proterva
1891 2108 2280 2180 temeritate
2332 2107 2469 2181 hoc
2513 2111 2743 2181 facere
2799 2107 3209 2198 tentaverit,
3265 2108 3438 2180 sciat
3487 2129 3563 2180 se

727 2228 1311 2322 compositurum,
1367 2238 1575 2324 prout
1628 2229 1701 2301 in
1761 2230 2160 2324 supradicto
2223 2231 2589 2326 privilegio
2654 2232 2943 2324 dicitur,
3003 2232 3156 2303 auri
3213 2232 3561 2327 purissimi

728 2351 940 2424 libras
977 2360 1296 2442 centum,
1332 2352 1779 2425 medietatem
1806 2376 2082 2427 camere
2118 2364 2359 2427 nostre
2404 2364 2475 2427 et
2505 2356 2798 2430 alteram
2831 2355 3279 2430 medietatem
3321 2356 3573 2430 abbati-

730 2483 802 2545 et
831 2474 1167 2546 fratribus
1199 2476 1513 2567 ejusdem
1549 2476 1965 2549 sanctissimi
1992 2478 2395 2551 monasterii
2432 2500 2561 2573 per
2601 2488 2920 2573 tempora
2951 2480 3396 2553 successuris·

823 2597 1046 2690 Hujus
1067 2598 1169 2669 rei
1203 2608 1412 2670 testes
1434 2609 1643 2672 sunt:
1677 2600 2015 2673 Henricus
2044 2623 2175 2674 rex
2199 2603 2670 2674 Romanorum
2700 2603 2989 2694 electus,
3016 2602 3104 2678 A.
3134 2604 3560 2677 Coloniensis

729 2719 1134 2816 episcopus,
1167 2723 1254 2794 N.
1289 2720 1442 2795 dux
1470 2724 2113 2817 LunenburgensiS,
2149 2746 2385 2797 comes
2419 2725 2795 2817 GofreduS,
2835 2736 2906 2799 et
2936 2727 3079 2798 alii.

826 2844 1032 2930 Quod
1079 2854 1160 2917 ut
1207 2856 1619 2941 perpetuam
1677 2846 2076 2920 firmitatem
2122 2848 2414 2939 habeat,
2463 2870 2752 2943 presens
2805 2849 3245 2945 privilegium
3293 2848 3443 2922 fieri
3487 2861 3561 2923 et

729 2967 956 3061 sigillo
986 2970 1366 3063 majestatis
1395 2981 1633 3045 nostre
1657 2973 1990 3065 jussimus
2019 2973 2456 3047 communiri.

826 3093 1082 3165 Actum
1119 3095 1479 3192 Herbipoli
1516 3096 1835 3190 feliciter,
1871 3118 2058 3171 anno
2092 3097 2337 3171 salutis
2371 3108 2607 3171 nostre
2650 3098 2744 3172 M.
2770 3098 3154 3191 CC.XLVI,
3187 3098 3278 3172 de
3315 3119 3556 3170 mense

730 3217 1058 3289 octobris,

832 3337 1150 3435 (Signum
1186 3340 1449 3415 domini
1480 3344 1810 3418 Friderici
1844 3346 1939 3438 11,
1973 3347 2442 3418 Romanorum
2482 3346 2916 3440 imperatoris
2960 3345 3237 3439 augusti
3275 3353 3345 3417 et
3382 3344 3563 3437 regis

732 3461 1024 3559 Sicilie.)

838 4022 1304 4133 FridericuS,
1362 4027 1881 4110 Romanorum
1940 4028 2382 4136 imperator,
2440 4025 3064 4109 ministerialibus
3118 4034 3193 4108 et
3242 4025 3566 4133 provin-

733 4156 1054 4241 cialibus
1088 4159 1186 4241 de
1223 4158 1474 4270 Styria
1521 4170 1835 4243 renovat
1869 4160 2379 4271 privilegium
2401 4160 2497 4241 de
2532 4157 3011 4241 libertatibus
3049 4157 3148 4240 ab
3190 4158 3565 4242 Ottokaro

733 4289 1008 4375 ultimo
1042 4293 1238 4375 duce
1274 4292 1569 4403 Styriae
1603 4293 1892 4377 eisdem
1930 4318 2132 4376 anno
2175 4294 2413 4400 1186,
2452 4294 2546 4373 17
2589 4291 2923 4401 augusti,
2962 4291 3352 4373 indultum
3390 4290 3557 4399 (1);

809 4637 879 4710 (1)
913 4637 1156 4696 Ottokari
1197 4639 1432 4713 diploma
1457 4640 1527 4698 de
1562 4656 1669 4714 quo
1701 4654 1809 4697 non
1836 4638 1990 4696 adest
2018 4639 2167 4711 justa
2205 4638 2512 4713 suspicandi
2539 4652 2703 4696 causa
2742 4641 2892 4694 extat
2924 4652 3014 4710 ap.
3048 4636 3247 4709 Lumo,
3275 4635 3560 4694 Reichsar-

734 4734 883 4806 chio,
912 4740 952 4792 t.
979 4736 1103 4808 vn,
1128 4753 1185 4810 p.
1220 4739 1347 4794 ΗΟ.

3662 4042 3911 4086 Cremonae
3920 4072 3938 4093 .

3616 4096 3675 4139 20
3688 4096 3843 4150 aprilis
3856 4096 3975 4138 1249.
