4525 6031
688 654 1015 731 Iuntcr.7.]
1570 656 1965 717 HISTORIA
2014 658 2611 721 DIPLOMATICA.
3383 658 3504 719 *113

687 789 978 880 angelis,
1011 789 1203 883 quod
1242 811 1335 861 ex
1371 790 1676 885 ipsorum
1710 792 1980 864 actibus
2024 792 2387 884 colligatur
2426 795 2862 888 exemplum,
2897 793 2953 863 si
2997 793 3128 864 sub
3174 793 3504 887 patientie

686 913 895 1006 pallio
934 913 1147 985 iidem
1194 925 1429 986 nostre
1468 915 1912 1007 benignitatis
1953 916 2205 1007 ingrati
2245 918 2471 990 cauda
2511 939 2641 989 nos
2678 917 2963 1004 feriant,
3009 917 3066 987 si
3110 916 3500 1006 religionis,

688 1058 898 1132 quam
944 1037 1095 1109 solo
1146 1034 1449 1129 figurant
1498 1037 1775 1129 habitu,
1813 1039 2081 1133 pudore
2123 1040 2543 1134 postposito,
2582 1042 2673 1112 ab
2723 1061 2806 1112 ea
2846 1039 3209 1111 deviantes
3248 1039 3506 1132 pietate

686 1181 895 1256 quam
941 1161 1327 1256 predicant,
1363 1162 1668 1254 negociis
1707 1162 1975 1234 bellicis
2020 1164 2490 1258 temporaliter
2542 1186 2616 1236 se
2662 1163 3101 1234 immiscent?
3134 1164 3358 1257 Super
3398 1162 3508 1233 his

683 1284 932 1359 honori
959 1294 1220 1374 vestro,
1262 1286 1443 1357 sicut
1468 1286 1821 1375 convenit,
1855 1286 2262 1381 providete3
2315 1288 2630 1359 attendat
2654 1286 3103 1359 nihilominus
3128 1295 3361 1357 vestre
3394 1306 3505 1356 se·

685 1409 998 1482 renitatis
1027 1409 1321 1500 affectio,
1360 1410 1417 1481 si
1448 1420 1612 1481 sunt
1641 1409 1774 1480 hec
1804 1430 1997 1481 arma
2028 1409 2459 1505 pontificum,
2500 1410 2559 1480 si
2598 1409 2783 1481 Petri
2824 1409 3276 1480 subambulus
3317 1405 3509 1500 quod
3591 1414 3595 1420 '

683 1533 895 1606 debet
925 1535 998 1604 in
1028 1533 1353 1625 gentibus
1383 1535 1616 1605 oleum
1648 1534 1920 1629 pietatis
1962 1535 2315 1622 infundat,
2355 1534 2414 1605 si
2449 1533 2695 1607 Christi
2722 1532 3023 1604 vicarius
3048 1531 3291 1604 Christi
3318 1531 3508 1603 vices

681 1659 1081 1754 adimpleat,
1115 1658 1282 1730 dum
1317 1659 1454 1730 illis
1494 1658 1877 1753 dispendiis
1906 1658 2182 1731 incaute
2211 1680 2287 1730 se
2317 1658 2662 1753 implicat,
2703 1679 2797 1728 ex
2838 1657 3092 1751 quihus
3134 1654 3508 1727 homicidia

680 1783 1209 1876 sanguinolenta
1234 1782 1678 1877 proveniunt,
1703 1792 1775 1854 et
1799 1782 2185 1854 animarum
2216 1782 2625 1877 multiplicia
2651 1782 3070 1854 detrimenta
3095 1789 3498 1852 nascuntur.

677 1907 818 1979 Nos
864 1907 1049 1990 enim
1094 1907 1215 1999 qui
1256 1907 1531 2001 pondus
1578 1906 1849 2012 incudis
1887 1906 2224 1978 hactenus
2268 1906 2613 2000 patienter
2654 1916 2725 1977 et
2776 1905 3029 1978 devote
3073 1904 3458 1975 subivimus
3479 1957 3498 1993 ,

677 2031 991 2101 nolentes
1016 2030 1310 2102 ulterius
1335 2052 1463 2126 per
1492 2029 1895 2125 patientiam
1923 2038 2232 2102 nostram
2264 2030 2452 2118 ledi,
2504 2030 2594 2102 de
2628 2037 2861 2100 cetero
2888 2027 3033 2122 pati
3062 2027 3503 2122 nequivimus

676 2154 845 2248 quin
887 2175 1166 2226 causam
1211 2163 1519 2226 nostram
1560 2152 2005 2226 defendendo
2043 2152 2334 2224 viriliter
2375 2152 2604 2223 mallei
2652 2159 3161 2244 consequenter
3197 2150 3500 2223 officium

676 2275 1147 2349 adsumamus.

770 2891 1227 2976 Bertholdus
1280 2890 1708 3001 patriarcha
1753 2888 2286 3000 Aquilegensis
2329 2898 2406 2969 et
2452 2884 2889 2968 Mainardus
2947 2892 3202 2965 co'mes
3252 2881 3490 2964 Gori-
3610 2898 3657 2938 1·
3675 2895 3846 2950 wrm·-

596 3032 619 3055 “
666 3027 826 3110 ciae
885 3028 968 3107 in
1032 3025 1358 3110 arbitros
1420 3035 1495 3108 et
1557 3022 1994 3106 amicabiles
2065 3020 2611 3129 compositores
2694 3000 3319 3126 compromittunt
3396 3014 3495 3097 de

665 3159 1020 3245 omnibus
1064 3159 1368 3241 damnis
1415 3159 1772 3268 utrinque
1821 3156 2020 3238 datis
2066 3164 2240 3264 post
2294 3152 2499 3236 diem
2548 3162 2862 3258 treugae
2913 3149 3243 3231 indictae
3297 3148 3494 3230 inter

662 3292 966 3377 eosdem
1004 3290 1517 3401 patriarcham
1561 3299 1635 3372 et
1676 3288 2031 3374 comitem
2075 3312 2210 3396 per
2259 3285 2619 3369 nuntium
2669 3282 2955 3367 Guecili
3000 3282 3097 3364 de
3143 3281 3370 3363 Prata
3419 3288 3494 3361 et

661 3424 947 3509 Ecelini
992 3427 1090 3507 de
1123 3424 1496 3507 Romano.
1570 3480 1579 3484 ι

821 3665 1026 3745 (Edid.
1058 3668 1296 3739 Cmn,
1341 3666 1553 3725 Fontes
1580 3679 1700 3724 rer.
1735 3661 1969 3735 Amtr„
1998 3660 2443 3737 diplomataria,
2473 3673 2612 3734 pars
2637 3658 2699 3734 1,
2733 3673 2793 3734 p.
2831 3665 2937 3734 14,
2972 3671 3047 3715 ex
3076 3653 3241 3715 arch.
3291 3655 3487 3716 Cesar.

897 3772 1263 3847 vindobon.)

751 3990 828 4061 In
855 3989 1135 4063 nomine
1158 3987 1433 4060 Domini
1465 3985 1594 4056 Dei
1615 3982 1834 4056 nostri
1864 3983 1900 4053 J
1904 4003 2027 4054 esu
2058 3979 2332 4069 Christi,
2360 3999 2547 4050 anno
2577 3976 2893 4069 ejusdem
2918 3974 3298 4047 nativitatis
3324 3975 3485 4045 mil-

653 4115 895 4187 lesimo
949 4111 1426 4186 ducentesimo
1473 4105 2002 4203 quadragesimo
2051 4124 2238 4176 nono
2255 4158 2276 4195 ,
2333 4101 2711 4175 indictione
2758 4098 3050 4193 septima
3076 4150 3095 4186 ,
3147 4096 3262 4168 die
3302 4098 3486 4188 jovis

652 4240 878 4335 primo
920 4237 1186 4332 aprilis,
1236 4235 1311 4306 in
1356 4252 1735 4328 campanea
1788 4228 2103 4303 Menzani
2145 4227 2331 4298 ultra
2379 4244 2668 4317 aquam,
2713 4221 3152 4317 presentibus
3197 4219 3484 4292 domino

648 4362 878 4437 Olrico
921 4361 1248 4456 episcopo
1283 4356 1702 4450 Trigestino,
1740 4353 2022 4426 domino
2064 4351 2362 4422 Henrico
2392 4345 2881 4418 archidiacono
2912 4343 3255 4416 Paduensi
3272 4396 3293 4435 ,
3327 4363 3477 4415 ma-

558 4530 561 4531 r
647 4489 865 4582 gistro
907 4484 1285 4559 Bertholdo
1334 4479 1671 4554 canonico
1714 4473 2187 4571 Aquilegiensi
2205 4524 2225 4561 ,
2280 4472 2565 4544 domino
2591 4468 3030 4543 Buzacavino
3076 4467 3167 4540 de
3208 4466 3475 4556 Padua,

626 4613 931 4689 *domino
961 4609 1274 4683 Iohanne
1301 4607 1392 4679 de
1420 4605 1643 4676 Diana
1661 4602 1842 4695 juris
1867 4598 2294 4689 doctoribus,
2325 4595 2628 4669 Antonio
2659 4593 2886 4666 scriba
2915 4591 3178 4665 domini
3205 4591 3477 4665 comitis

565 4806 594 4828 ,,
649 4737 739 4811 de
769 4735 1041 4809 Gorioia
1074 4744 1144 4805 et
1172 4732 1363 4821 aliis,
1399 4710 1724 4802 dominus
1751 4724 2168 4798 Bettholdus
2196 4721 2325 4793 nei
2358 4722 2582 4814 gratia
2619 4726 2858 4793 sancte
2884 4716 3069 4791 sedis
3106 4715 3471 4810 Aquilegie
