4525 6031
800 650 1004 713 tamer.
1031 649 1120 735 8.]
1709 648 2103 711 HISTORIA
2150 649 2741 716 ulrLoMA'ncA.
3503 646 3624 708 757

1599 1001 1825 1065 ANNO
1878 1001 2082 1065 1250.
2125 1037 2207 1048 —
2241 1001 2734 1066 INDICTIONE
2775 1002 2837 1064 8.

916 1453 1349 1564 Stephanus
1412 1451 1678 1561 Capud
1730 1452 1828 1534 de
1883 1451 2098 1534 Picza
2156 1450 2253 1534 de
2318 1449 2596 1535 Sancto
2658 1452 3038 1536 Germano
3060 1512 3083 1558 ,
3152 1452 3252 1533 ad
3305 1452 3631 1565 delega-
3741 1465 3996 1575 „5⁰53-

810 1586 1095 1671 tionem
1159 1584 1448 1670 Nicolai
1511 1583 1771 1668 Rufuli
1826 1583 2241 1693 imperialis
2296 1584 2644 1694 magistri
2707 1584 3103 1666 camerarii
3162 1586 3637 1696 Principatus

812 1730 889 1802 et
938 1720 1212 1802 Terrae
1255 1717 1572 1801 Laboris
1593 1780 1618 1825 ,
1656 1716 1916 1827 vigore
1967 1718 2310 1799 mandati
2367 1716 2781 1827 imperialis
2835 1717 3055 1825 cujus
3109 1726 3324 1802 tenor
3357 1718 3639 1802 inscri-

815 1849 1053 1957 bitur,
1107 1849 1471 1932 rescindit
1523 1848 2160 1958 permutationem
2213 1849 2497 1931 factam
2546 1876 2684 1959 per
2736 1851 3128 1958 quondam
3185 1852 3638 1960 magistrum

812 1982 1121 2065 Petrum
1186 1984 1281 2065 de
1335 1981 1574 2064 Vinea
1636 1983 1733 2065 de
1797 1982 2134 2092 quadam
2196 1984 2428 2065 domo
2473 1982 2551 2062 in
2601 1982 2879 2065 Sancto
2931 1983 3349 2091 Germano,
3404 2010 3642 2092 quam

818 2115 1250 2198 Gualterius
1310 2141 1566 2198 comes
1609 2114 2020 2224 Manupelli
2085 2114 2334 2198 eidem
2407 2116 2629 2198 Petro
2681 2116 2993 2199 dederat
3029 2126 3104 2199 et
3138 2116 3341 2200 idem
3376 2117 3642 2202 Petrus

817 2256 1415 2362 commutaverat
1449 2273 1587 2356 pro
1623 2248 1963 2357 quadam
1997 2248 2200 2357 petia
2236 2258 2480 2331 terrae
2525 2249 2732 2358 apud
2771 2248 3139 2357 Capuam.

985 2461 1233 2541 (Inedlt.
1265 2460 1625 2550 ap3archiv.
1657 2462 1850 2523 Mont.
1881 2463 2073 2538 Cass.‚
2105 2466 2318 2540 regest.
2346 2477 2607 2538 pergam.
2639 2460 2899 2521 Thomae
2939 2460 3178 2538 decani,
3207 2471 3275 2521 n’
3305 2471 3403 2540 52,
3435 2462 3539 2525 fol.
3569 2472 3642 2526 85

1060 2567 1285 2646 verso.)

918 2759 997 2830 In
1041 2756 1324 2829 nomine
1352 2755 1627 2827 Domini
1660 2754 1879 2827 nostri
1920 2753 2132 2826 Jhesu
2175 2753 2452 2845 Christi,
2492 2774 2678 2825 anno
2708 2753 3202 2826 incarnationis
3238 2755 3390 2846 ejus
3421 2755 3647 2827 mille·

821 2882 999 2956 simo
1031 2880 1510 2954 ducentesimo
1545 2879 2121 2973 quinquagesimo
2155 2888 2226 2949 et
2254 2877 2599 2950 tricesimo
2625 2898 2813 2950 anno
2840 2878 3112 2973 imperii
3137 2878 3403 2950 domini
3430 2879 3650 2951 nostri

822 3006 1168 3081 Frederici
1201 3006 1327 3078 Dei
1350 3004 1572 3098 gratia
1600 3003 2030 3077 invictissimi
2061 3006 2530 3077 Romanorum
2573 3003 3007 3098 imperatoris
3039 3024 3317 3098 semper
3341 3004 3644 3096 augusti,

823 3132 1206 3205 Jerusalem
1235 3140 1306 3202 et
1336 3129 1563 3201 Sicilie
1593 3130 1803 3221 regia,
1834 3127 1948 3200 die
1977 3128 2254 3200 veneris
2280 3140 2529 3199 octavo
2558 3126 2828 3198 decimo
2857 3127 3113 3198 mensis
3141 3127 3379 3219 madii,
3404 3136 3652 3202 octave

827 3255 1248 3346 indictioni8‚
1283 3274 1415 3325 nos
1445 3252 1797 3326 Iohannes
1828 3252 2036 3345 hujus
2062 3253 2386 3347 Capuane
2414 3251 2711 3323 civitatis
2735 3249 2959 3344 judex
2986 3263 3058 3322 et
3085 3251 3442 3323 Pascasius
3464 3253 3652 3345 ejus·-

824 3379 990 3451 dem
1041 3378 1339 3451 civitatis
1380 3377 1699 3473 publicus
1738 3376 2053 3448 notarius
2101 3375 2409 3472 presenti
2452 3375 2710 3470 scripto
2750 3374 3188 3447 declaramus
3236 3375 3654 3470 prudentem

828 3503 1054 3574 virum
1095 3502 1506 3594 magistrum
1538 3499 1966 3595 Stephanum
2006 3500 2247 3593 Capud
2266 3499 2356 3571 de
2391 3499 2589 3571 Picza
2630 3499 2719 3570 de
2749 3500 3003 3571 Sancto
3043 3499 3389 3571 Germano
3419 3510 3653 3572 osten-

830 3626 1015 3698 disse
1070 3636 1142 3696 et
1184 3635 1698 3720 representasse
1748 3623 1952 3695 nobis
2012 3622 2352 3716 quasdam
2407 3622 2671 3693 litteras
2707 3621 2838 3693 sibi
2882 3623 3316 3694 transmissas
3353 3644 3399 3694 a
3441 3623 3659 3695 nobili

830 3749 983 3822 viro
1032 3748 1314 3821 domino
1360 3749 1604 3820 Nicolo
1632 3748 1912 3836 Rutulo,
1957 3746 2296 3841 imperiali
2342 3746 2673 3839 magistro
2705 3747 3086 3818 camerario
3118 3746 3550 3841 principatus
3588 3756 3660 3818 et

831 3876 1040 3946 Terre
1063 3873 1374 3964 LaboriS,
1409 3872 1635 3964 sigillo
1663 3871 1982 3963 ejusdem
2007 3870 2271 3944 domini
2313 3871 2621 3963 magistri
2657 3870 3017 3942 camerarii
3052 3870 3383 3961 munitaS,
3428 3871 3657 3943 conti·

834 3999 1070 4069 nentie
1105 3997 1260 4068 talis
1294 4023 1312 4067 ε

931 4120 1264 4193 Prudenti
1307 4120 1459 4191 viro
1500 4118 1828 4210 magistro
1867 4117 2219 4211 Stephano
2255 4115 2496 4210 Capud
2525 4115 2615 4186 de
2647 4114 2846 4187 Pioea
2888 4113 2978 4185 de
3019 4115 3274 4186 Sancto
3311 4116 3659 4187 Germano

836 4244 1090 4317 dilecto
1107 4244 1332 4315 amico
1357 4264 1511 4332 suc,
1529 4242 1858 4314 Nicolaus
1882 4241 2202 4329 RufuluS‚
2246 4238 2624 4335 imperialis
2646 4237 2976 4330 magister
3008 4238 3429 4311 camerarius
3461 4239 3658 4311 Prin-

835 4367 1107 4461 cipatus
1121 4381 1192 4439 et
1208 4369 1415 4439 Terre
1441 4365 1752 4455 Laboris,
1771 4366 2068 4437 salutem
2093 4374 2161 4436 et
2180 4363 2619 4436 dilectionem
2645 4362 3010 4433 sinceram.
3043 4362 3285 4457 Nuper
3309 4384 3355 4434 a
3382 4362 3663 4436 domino

838 4500 1076 4562 nostro
1127 4489 1570 4562 serenissimo
1636 4489 2054 4584 imperatore
2114 4487 2502 4582 recepimus
2570 4507 2730 4557 suas
2790 4507 3020 4559 sacras
3073 4486 3339 4559 litteras
3401 4488 3473 4557 in
3534 4486 3665 4560 hac

841 4615 1070 4687 forma
1115 4642 1132 4684 ε

819 4823 824 4826 ,
937 4736 1345 4808 fredericus
1379 4736 1502 4808 Dei
1530 4733 1779 4828 gratia,
1813 4744 1982 4822 etc„
2022 4734 2271 4806 Nicolo
2296 4734 2580 4824 Rutulo,
2617 4742 2752 4805 etc.
2787 4732 3218 4829 Supplicavit
3252 4733 3669 4807 excellentie

1002 4858 1109 4918 VI.
1154 4873 1266 4918 Par·
1285 4877 1331 4919 2.
3274 4864 3350 4918 96
