4525 6031
1036 668 1161 730 978
1655 619 1660 624 ⁸
1970 661 2224 721 murex
2272 658 2969 721 nocam-:monuit

1067 870 1291 947 1250
1732 897 1747 945 a

1891 992 2152 1051 taverint
2178 992 2241 1049 ln
2264 988 2620 1050 Lombardia
2645 987 2805 1065 apud
2831 987 3138 1060 Parmam,
3168 988 3231 1047 in
3259 985 3523 1047 Marchia
3549 986 3712 1063 apud
3737 984 3881 1047 Cin-

1892 1090 2100 1165 gulum
2128 1093 2190 1146 et
2215 1093 2421 1146 contra
2446 1086 2776 1145 Januenses
2803 1084 2963 1160 apud
2992 1084 3270 1144 saonam.
3762 1093 3872 1145 791

1091 1189 1272 1269 [circa
1352 1228 1781 1248 .......
1813 1218 1893 1229 —-
1934 1184 2279 1262 Congaudet
2322 1182 2396 1242 de
2448 1184 2696 1241 victoria
2752 1197 2935 1257 quam
2979 1180 3286 1241 Conradus
3330 1180 3732 1241 Romanorum
3774 1197 3882 1241 rex

1084 1283 1262 1364 sept.]
1893 1280 2050 1341 iliius
2080 1298 2222 1341 suus
2256 1280 2330 1339 de
2357 1281 2569 1339 comite
2597 1279 2946 1338 Hollandiae
2975 1285 3038 1337 et
3069 1281 3198 1355 ejus
3228 1277 3579 1354 sequacibus
3616 1283 3883 1354 reporta·

1895 1380 2010 1447 vit,
2044 1392 2195 1452 quos
2220 1382 2360 1435 ante
2387 1375 2595 1434 faciem
2623 1390 2797 1434 suam
2823 1374 3175 1452 profugavit.
3765 1382 3881 1434 794

1073 1489 1137 1542 11
1168 1484 1286 1539 oct.
1483 1476 1661 1554 Apud
1817 1507 1894 1518 —-
1934 1475 2269 1533 Iustitiario
2322 1472 2702 1549 capitanatae
2752 1471 2995 1531 mandat
3068 1478 3139 1531 nt
3205 1473 3631 1532 monasterium
3683 1471 3881 1532 Cassi-

1390 1573 1732 1635 Venusiam.
1894 1586 2075 1629 nense
2108 1585 2284 1644 super
2317 1569 2563 1628 ccclesia
2588 1568 2789 1628 Sancti
2816 1568 3029 1644 Angeli
3056 1568 3132 1627 de
3157 1568 3430 1646 Rodingo
3465 1574 3526 1628 et
3558 1570 3881 1644 possessio-

1894 1667 2071 1726 nibus
2096 1667 2227 1726 aliis
2260 1683 2409 1742 quas
2435 1665 2614 1725 habet
2648 1667 2712 1724 in
2739 1667 2916 1742 Troja
2944 1682 3063 1724 non
3094 1666 3387 1738 molestet,
3416 1666 3645 1725 nullum
3680 1670 3883 1725 tamen

1894 1764 2150 1822 incolam
2196 1764 2291 1822 vel
2320 1763 2638 1822 oriundum
2667 1761 2740 1821 de
2771 1761 2948 1839 Troja
2970 1778 3075 1838 pro
3114 1762 3209 1823 his
3244 1762 3705 1839 possessionibus
3739 1779 3882 1839 pro·

1894 1859 2171 1919 curandis
2197 1875 2501 1918 remanere
2522 1861 2935 1934 permissurus.
3764 1867 3880 1919 798

1051 1960 1294 2022 octobri.
1429 1955 1711 2034 Poggiae.
1822 1989 1894 2001 -
1935 1956 2224 2016 Ubertum
2268 1955 2662 2014 marchionem
2700 1954 3103 2014 Pelavicinum
3136 1958 3197 2013 et
3234 1970 3601 2014 successores
3637 1956 3767 2031 eJus
3803 1955 3881 2015 ab

1895 2055 2057 2113 omni
2088 2053 2371 2129 pedagio,
2402 2052 2674 2111 theloneo
2691 2096 2709 2125 ‚
2739 2051 2985 2110 collecta
3011 2056 3071 2109 et
3095 2055 3439 2127 gravamine
3465 2052 3724 2128 quolibet
3750 2056 3883 2112 exi-

1896 2153 2154 2210 mittam
2182 2152 2245 2208 in
2273 2147 2611 2209 civitatibus
2637 2149 2870 2221 Parma,
2894 2147 3177 2207 Cremona
3203 2154 3263 2207 et
3289 2144 3588 2209 Placentia
3613 2164 3796 2224 quam
3822 2152 3884 2209 ln

1894 2248 2028 2307 aliis
2053 2249 2223 2305 terris
2248 2245 2642 2306 Lombardiae
2667 2253 2728 2304 et
2753 2246 3032 2316 Tusciae,
3063 2251 3177 2305 etc.
3767 2255 3883 2306 798

1071 2360 1141 2413 io
1168 2351 1291 2412 dec.
1483 2344 1665 2422 Apud
1820 2377 1898 2389 -
1932 2345 2085 2421 Eger
2118 2360 2391 2420 corpore,
2432 2359 2613 2402 sanus
2648 2348 2880 2413 mente,
2920 2346 3339 2402 testamentum
3377 2358 3553 2402 suum
3595 2343 3887 2404 conscribi

1366 2443 1774 2503 Florentinum
1889 2441 2088 2518 jubet,
2137 2458 2258 2517 quo
2304 2440 2495 2500 filium
2541 2456 2714 2499 suum
2759 2439 3093 2499 conradum
3139 2440 3539 2499 Romanorum
3587 2442 3650 2500 in
3687 2458 3885 2517 regem

1353 2540 1784 2615 incapitanata.
1895 2540 2146 2598 electum
2203 2538 2512 2597 haeredem
2576 2553 2749 2597 suum
2807 2538 2871 2595 in
2930 2538 3175 2613 imperio
3228 2543 3288 2595 et
3348 2538 3543 2614 regnis
3593 2540 3882 2611 institam

1897 2634 2169 2694 Conrado
2195 2637 2325 2693 sine
2352 2635 2551 2693 liberis
2597 2631 2933 2705 deficiente,
2977 2634 3252 2694 succedat
3286 2634 3340 2691 ei
3380 2634 3721 2711 Heinricus3
3767 2652 3887 2710 quo

1897 2735 2072 2790 etiam
2113 2731 2395 2790 defuncto
2435 2733 2559 2790 sine
2597 2729 2799 2790 liberis
2817 2772 2836 2801 ,
2875 2730 3153 2790 succedat
3198 2733 3252 2789 ei
3295 2729 3631 2791 Manfridus
3678 2734 3888 2792 tertius

2222 2874 2236 2891 .
3766 2839 3843 2889 80

1043 2933 1327 3017 [tempore
1357 2970 1787 2991 .......
1819 2832 2250 2989 -ωῑίῖἓῗὲοῗιῑιοω
2280 2928 2635 2988 Graecorum
2670 2930 3081 3004 imperatorem
3108 2928 3317 2986 acriter
3350 2926 3629 3004 objurgat
3659 2928 3820 3003 quod
3849 2838 3888 2988 1⁵1

1047 3034 1326 3108 incerto.]
1900 3026 2130 3086 foedere
2156 3027 2486 3085 dilectionis
2511 3032 2824 3084 consuetae
2853 3025 3128 3085 defecerit
3143 3066 3159 3094 ,
3202 3040 3449 3083 monens
3474 3030 3542 3083 ut
3567 3041 3670 3100 per
3706 3026 3885 3084 semi·

1901 3129 1993 3182 tas
2017 3123 2196 3198 hujus
2222 3123 2435 3181 erroris
2462 3122 2713 3196 amplius
2740 3120 3042 3180 ambulare
3070 3119 3357 3180 dediscat.
3768 3129 3877 3182 921

1049 3224 1328 3307 [tempore
1360 3262 1377 3278 .
1444 3260 1789 3280 ......
1822 3250 1902 3264 --
1941 3220 2185 3278 Vatacio
2212 3218 2404 3277 eidem
2430 3220 2555 3277 sive
2581 3218 2970 3294 Calojohanni
2995 3218 3372 3277 commendat
3405 3216 3753 3294 quemdam,
3785 3234 3889 3278 ro-

1049 3318 1330 3402 incerto.]
1904 3331 2052 3392 gans
2083 3321 2154 3374 ut
2187 3316 2241 3373 ei
2280 3331 2524 3374 uxorem
2560 3321 2620 3374 et
2658 3315 2811 3375 iiiios
2851 3317 3145 3374 remittere
3184 3314 3330 3374 velit
3372 3315 3466 3374 vel
3506 3316 3780 3376 eumdem
3820 3317 3886 3375 in

1900 3425 2070 3470 suam
2098 3412 2351 3487 gratiam
2379 3426 2673 3470 revocare.
3768 3420 3884 3472 937

1084 3762 1310 3838 ¹243
2196 3708 2620 3779 Innocentius
2651 3712 2767 3793 IV,
2805 3731 3099 3779 summus
3128 3709 3449 3801 pontifeoe
3479 3733 3501 3777 .·

1071 3900 1147 3950 26
1175 3906 1313 3967 aug.
1415 3880 1741 3957 Anagniae.
1829 3905 1905 3917 -
1945 3873 2182 3932 Nuntiis
2229 3876 2354 3933 suis
2399 3874 2474 3933 ad
2526 3876 2933 3950 imperatorem
2984 3876 3175 3934 missis
3232 3872 3577 3950 respondet,
3623 3873 3888 3949 querelas

1907 3973 2184 4047 principis
2209 3971 2558 4048 refellend03
2589 3989 2688 4031 eos
2715 3979 2917 4032 monet
2955 3973 3113 4049 quod
3156 3971 3316 4047 apud
3350 3987 3486 4030 eum
3527 3976 3597 4030 ut
3632 3972 3707 4031 de
3749 3988 3890 4048 pace

1907 4068 2218 4127 salubriter
2245 4068 2552 4144 provideat
2585 4070 2892 4142 insistant;
2933 4076 2994 4128 et
3021 4071 3135 4128 nisi
3171 4085 3234 4128 se
3266 4084 3406 4128 cum
3438 4068 3770 4128 humilitate
3794 4072 3886 4128 in-

1908 4166 2251 4241 clinaverit,
2281 4167 2549 4239 protinus
2576 4164 2840 4224 redeant.
3777 4173 3888 4234 113

1086 4286 1119 4336 2
1154 4281 1303 4351 sept.
1417 4265 1741 4343 Anagniae.
1828 4294 1907 4304 —
1949 4262 2400 4338 Archlepiscopo
2443 4263 2887 4338 Rotomagensi,
2922 4264 3193 4338 episcopo
3233 4261 3551 4321 Mutinensi
3591 4267 3651 4320 et
3689 4261 3891 4321 abbati

1906 4358 2108 4418 Sancti
2140 4359 2404 4418 Facundi
2440 4360 2683 4418 mandat
2721 4365 2787 4440 ut
2825 4361 3051 4418 nuntiis
3085 4360 3365 4434 principis
3401 4358 3479 4417 ad
3519 4375 3690 4419 suam
3720 4376 3890 4437 prae·

1908 4456 2160 4513 sentiam
2188 4456 2507 4514 accessuris
2532 4461 2593 4515 ct
2617 4457 2790 4515 etiam
2830 4457 2941 4531 ipsi
2977 4456 3394 4515 Panormitano
3417 4455 3884 4533 archiepiscopo,

1907 4552 2044 4610 licet
2069 4555 2385 4623 immerito,
2417 4551 2770 4612 beneficium
2799 4552 3182 4611 absolutionis
3211 4552 3578 4626 impendant.
3772 4561 3799 4611 1
3813 4562 3837 4611 1
3851 4562 3886 4612 8

1075 4664 1149 4716 23
1171 4660 1319 4731 sept.
1419 4651 1740 4729 Anagniae.
1831 4681 1911 4690 —
1950 4648 2229 4724 Gregorio
2274 4649 2348 4708 de
2392 4650 2767 4726 MonteIongo
2808 4649 3179 4725 Apostolicae
3214 4648 3380 4708 Sedis
3416 4648 3609 4726 legato
3646 4650 3890 4709 mandat

1912 4744 2072 4822 quod
2094 4761 2228 4804 cum
2254 4749 2448 4805 nuntii
2469 4748 2746 4822 principis
2772 4746 2989 4807 infecto
3010 4748 3246 4822 penitus
3272 4747 3432 4821 pacis
3455 4747 3689 4823 negotio
3716 4761 3755 4806 a
3779 4761 3890 4806 sua
