4525 6031
679 664 880 724 Iunci.
910 663 1004 740 2.]
1568 662 1961 724 HISTORIA
2010 661 2595 724 DIPLOMATICA.
3361 660 3485 721 847

681 819 887 900 gers,
926 792 1377 876 Bubenrode
1412 802 1486 874 et
1531 793 2110 877 Germanisdorf
2145 818 2284 902 pro
2323 803 2721 874 numerata
2766 791 3081 897 pecunia
3129 792 3477 896 redemit,

680 951 917 1033 quam
972 926 1337 1033 recepisse
1381 924 1681 1032 publice
1728 952 1986 1008 coram
2030 952 2110 1007 se
2163 924 2480 1033 professi
2526 932 2704 1005 sunt
2754 923 2805 1002 ii
2860 922 3141 1033 quibus
3181 922 3480 1007 fuerant

677 1055 1043 1165 obligata.

841 1267 1027 1348 (Edit.
1057 1286 1155 1344 ap.
1190 1269 1454 1328 Hortum.
1483 1269 1684 1346 Boion,
1715 1275 1762 1329 t.
1797 1268 2027 1346 XXXI,
2056 1286 2192 1346 pars
2218 1269 2283 1343 1,
2312 1286 2374 1344 p.
2405 1276 2548 1345 578,
2577 1284 2648 1327 ex
2681 1267 2811 1327 cod.
2841 1268 3054 1343 coptal.
3084 1268 3475 1348 Babenberg.‚

915 1391 1032 1435 sec.
1063 1375 1230 1449 XIII,
1260 1374 1364 1434 fol.
1403 1382 1515 1434 116
1543 1374 1605 1434 b.
1635 1382 1944 1434 memorat.
1975 1390 2075 1450 ap.
2111 1370 2464 1435 oesmtcher
2487 1371 2630 1433 ilber-
2663 1370 3057 1451 Timaei-fild,
3089 1372 3177 1452 4.)

768 1558 1209 1646 Chunradus,
1249 1559 1392 1631 divi
1424 1560 1700 1653 augusti
1739 1558 2172 1654 imperatoris
2200 1558 2528 1631 Friderici
2554 1557 2772 1648 filius,
2812 1559 2935 1629 Dei
2974 1561 3196 1648 gratia
3225 1560 3474 1632 Roma-

674 1701 925 1753 norum
981 1681 1052 1751 in
1112 1702 1344 1771 regem
1397 1682 1691 1770 electuS,
1740 1703 2016 1775 semper
2070 1692 2407 1773 augustus
2450 1692 2522 1752 et
2566 1681 2768 1752 heres
2824 1682 3016 1773 regni
3064 1683 3469 1754 Jerusalem.

673 1804 1034 1877 Constituti
1062 1825 1294 1875 coram
1324 1804 1522 1876 nobis
1557 1804 1922 1898 subscripti
1958 1804 2232 1897 publice
2270 1812 2432 1875 sunt
2460 1805 2792 1897 professi:
2825 1804 3151 1875 videlicet
3179 1805 3371 1897 quod
3404 1805 3476 1876 in

673 1926 910 2019 primis
952 1928 1324 1998 Ravelinus
1376 1927 1463 1999 de
1508 1926 1907 2000 Ravinstein
1949 1948 2075 2020 pro
2120 1925 2519 1997 hominibus
2566 1925 2656 1997 de
2711 1924 3115 1997 Affholdere'
3159 1936 3232 1999 et
3284 1927 3478 1999 curia

669 2048 1015 2139 Meingers
1057 2050 1396 2143 receperit
1440 2050 1530 2120 ab
1578 2048 1898 2121 Heinrico
1925 2049 2307 2120 venerabili
2342 2048 2898 2139 Babenbergensi
2937 2050 3184 2139 elect0,
3220 2049 3474 2122 dilecto

669 2171 980 2265 principe
1015 2182 1282 2261 nostro,
1317 2172 1680 2263 sexaginta
1712 2192 1839 2243 sex
1868 2171 2076 2243 libras
2100 2171 2697 2261 Babenbergensis
2730 2180 3034 2259 monete,
3071 2191 3195 2263 pro
3222 2172 3475 2265 quibus

670 2293 916 2365 eadem
961 2294 1092 2365 sibi
1145 2295 1420 2366 fuerant
1461 2295 1788 2386 obligata.
1838 2295 2010 2365 Item
2055 2293 2465 2365 Cbunradus
2510 2292 2692 2364 filius
2725 2293 3080 2385 quondam
3122 2295 3475 2386 butiglarii

669 2417 757 2489 de
789 2418 1262 2489 Nuremberch
1300 2418 1644 2490 fatebatur
1678 2438 1755 2489 se
1800 2417 2142 2511 recepisse
2178 2438 2305 2511 pro
2340 2414 2817 2509 redemptione
2847 2416 3189 2489 bonorum
3227 2417 3298 2486 in
3333 2418 3471 2488 Bu·

667 2538 978 2613 henrode
1023 2541 1267 2612 decem
1309 2542 1520 2613 libras
1548 2540 2183 2630 Nurembergenses
2217 2539 2310 2610 ab
2336 2538 2616 2627 eodem;
2656 2539 2821 2610 item
2856 2540 3274 2611 wolframus
3311 2542 3468 2636 pin-

667 2680 876 2733 cerna
916 2663 1261 2734 fatebatur
1290 2685 1364 2734 se
1397 2662 1742 2756 recepisse
1776 2683 1904 2755 pro
1937 2660 2415 2755 redemptione
2453 2660 2641 2731 curie
2677 2661 3197 2733 Germanisdorf
3226 2663 3471 2756 viginti

666 2804 958 2875 marcas,
996 2807 1133 2877 que
1170 2786 1299 2857 sibi
1337 2786 1651 2857 similiter
1686 2786 1911 2856 fuerat
1946 2784 2276 2876 obligata.
2320 2785 2493 2855 Item
2535 2785 2769 2855 relicta
2800 2785 3163 2875 Cigenonis
3205 2787 3468 2859 fateba-

667 2915 778 2978 tur
805 2928 881 2978 se
907 2909 1253 3001 recepisse
1291 2930 1418 3003 pro
1446 2907 1920 3002 redemptione
1952 2908 2295 2980 bonorum
2325 2908 2395 2976 in
2426 2907 2878 2981 Loubendorf
2892 2909 3174 2981 XXXIV
3203 2930 3471 2982 marcas

666 3041 738 3102 et
761 3052 973 3102 unam
1006 3031 1251 3103 libram
1288 3031 1903 3124 Nurembergensis
1932 3041 2238 3104 monete.
2269 3031 2356 3102 Et
2386 3052 2474 3101 ne
2508 3032 2576 3101 in
2613 3041 2965 3125 posterum
2994 3033 3241 3125 aliquis
3265 3032 3468 3104 dubi-

664 3154 941 3225 tationis
985 3157 1350 3249 scrupulus
1393 3176 1602 3248 super
1652 3154 2000 3248 premissis
2050 3156 2284 3226 valeat
2327 3154 2656 3243 suboriri,
2698 3156 2904 3245 juxta
2951 3155 3470 3248 requisitionem

666 3285 806 3347 tam
859 3278 1063 3348 electi
1106 3299 1318 3369 quam
1368 3278 1578 3348 etiam
1633 3276 2128 3370 predictorum,
2187 3288 2582 3370 presentem
2613 3278 2938 3372 paginam
2970 3277 3196 3370 sigillo
3253 3278 3469 3350 nostri

665 3401 985 3472 culminis
1016 3402 1302 3473 fecimus
1334 3400 1767 3474 communiri.

764 3523 1016 3595 Actum
1059 3525 1249 3618 apud
1296 3523 1797 3613 Nuremberch‚
1832 3544 2019 3594 anno
2060 3523 2332 3621 Domini
2373 3523 2467 3595 M.
2491 3522 2615 3595 CC.
2639 3523 2870 3614 XLIII,
2919 3523 3138 3596 XXIV
3178 3545 3470 3596 novem·

667 3645 844 3735 bris,
881 3646 1185 3719 secunde
1221 3646 1639 3720 indictionis.

771 4157 1162 4240 Conradus
1183 4220 1206 4265 ,
1264 4158 1343 4238 in
1389 4157 1907 4239 Romanorum
1953 4183 2212 4267 regem
2255 4158 2536 4239 electus
2583 4169 2659 4241 et
2699 4159 2962 4240 haeres
3009 4161 3225 4268 regni
3271 4160 3463 4241 Hie-
3561 4236 3603 4278 n
3606 4182 3844 4288 „2133sp

661 4288 1027 4393 rusalem‚
1058 4291 1481 4371 custodiam
1510 4290 1736 4371 castri
1765 4290 2158 4373 Ascalonis
2192 4316 2369 4371 cum
2397 4290 2865 4398 pertinentiis
2902 4290 3067 4399 ejus
3104 4292 3466 4400 magistro
3517 4291 3573 4332 ³⁰
3611 4290 3880 4331 ¹²⁰'‘¹¹²¹’‘¹⁸·

662 4430 737 4503 et
789 4420 1152 4502 fratribus
1205 4420 1598 4530 hospitalis
1656 4420 1910 4503 Sancti
1973 4413 2334 4503 Johann'is
2386 4421 3022 4503 Hierosolimitani
3085 4423 3463 4505 commis—

664 4578 830 4633 sam
866 4565 942 4635 et
975 4552 1125 4634 alia
1163 4555 1420 4635 omnia
1456 4579 1651 4664 quae
1694 4551 2011 4661 proinde
2051 4553 2145 4634 de
2188 4553 2425 4661 patris
2477 4555 2594 4636 sui
2642 4553 3109 4661 beneplacito
3153 4581 3467 4664 proces-

664 4696 951 4791 serunt,
992 4696 1157 4766 rata
1193 4683 1528 4767 habetet
1562 4710 1656 4766 ex
1700 4695 1902 4767 certa
1937 4683 2243 4766 scientia
2278 4711 2416 4767 sua
2450 4684 2877 4767 confirmat.
