4525 6031
677 677 877 737 iunior.
908 675 1042 753 -15.]
1560 673 1955 737 HISTORIA
2003 675 2593 739 mPLOMATch.
3366 677 3490 740 823

678 811 1174 884 monasterium
1205 811 1277 881 in
1306 808 1575 882 Biunde
1618 831 1777 882 cum
1816 812 2138 884 omnibus
2171 810 2720 907 possessionibus
2748 812 2898 902 ejus
2928 832 3103 904 quas
3128 809 3339 883 habet
3372 814 3487 884 vel

677 934 989 1026 habehit,
1038 935 1129 1007 ab
1171 934 1361 1007 omni
1395 933 1888 1006 advocatorum
1923 937 2187 1009 ratione
2218 944 2428 1028 atque
2455 933 2815 1005 exactione
2843 943 2984 1005 tam
3019 934 3109 1006 de
3137 936 3488 1006 communi

676 1058 939 1129 ordinis
996 1058 1316 1129 libertate
1370 1078 1581 1150 quam
1632 1057 1722 1129 de
1779 1058 2086 1152 presenti
2144 1067 2380 1131 nostra
2430 1056 2873 1129 concessione
2924 1057 3013 1127 sit
3061 1057 3356 1129 liberum
3417 1068 3489 1130 et

677 1192 1107 1276 exemptum.
1154 1181 1312 1252 Paci
1350 1179 1634 1275 insuper
1684 1186 1755 1252 et
1798 1180 2218 1252 immunitati
2245 1181 2459 1275 ipsius
2496 1180 2584 1252 de
2616 1181 2806 1272 regia
2841 1181 3209 1252 clementia
3250 1182 3485 1276 provi-

677 1304 948 1396 denteS,
973 1303 1367 1375 inhibemus
1401 1304 1686 1376 omnino
1711 1326 1801 1376 ne
1838 1306 2202 1398 quisquam
2242 1303 2534 1399 predicti
2569 1304 2968 1375 monasterii
2991 1315 3112 1375 aut
3142 1304 3350 1376 ullius
3380 1306 3487 1376 sui

676 1427 902 1521 predii
929 1427 1365 1499 advocatiam
1394 1427 1466 1498 in
1494 1427 1703 1500 feudo
1730 1450 1772 1499 a
1795 1450 2149 1522 quoquam
2176 1427 2434 1499 habeat
2458 1427 2571 1498 vel
2601 1426 2859 1498 habere
2897 1428 3039 1498 ullo
3061 1428 3340 1500 nomine
3367 1438 3490 1501 aut

669 1549 826 1641 jure
860 1550 1115 1642 valeat,
1152 1570 1283 1621 nec
1321 1550 1714 1622 donationis
1741 1551 2033 1644 alicujus
2060 1552 2283 1648 predii
2309 1551 2575 1623 ratione
2603 1573 2726 1622 seu
2749 1552 3112 1623 commisse
3129 1562 3252 1623 aut
3270 1575 3487 1648 expe·

680 1672 800 1744 tite
841 1672 1262 1745 defensionis
1306 1674 1670 1746 occasione
1711 1696 1964 1745 nomen
2010 1686 2079 1746 et
2116 1675 2231 1766 jus
2267 1674 2589 1747 advocati
2632 1674 2704 1745 in
2742 1674 2927 1746 idem
2968 1676 3337 1746 cenobium
3374 1676 3490 1748 vel

678 1798 829 1891 ejus
863 1798 1044 1869 bona
1072 1797 1201 1868 sibi
1229 1797 1571 1892 quispiam
1606 1797 1934 1869 vendicet
1962 1809 2084 1869 aut
2124 1807 2458 1886 assumat,
2497 1796 2622 1869 sed
2651 1798 3140 1890 quodcumque
3173 1799 3491 1891 predium

678 1921 908 1994 eidem
940 1920 1359 1993 monasterio
1389 1932 1495 1992 est
1511 1920 1848 1993 hactenus
1877 1923 1990 1994 vel
2014 1921 2270 1993 amodo
2298 1921 2506 1992 fuerit
2536 1920 2608 1991 in
2638 1922 3085 1993 elemosinam
3104 1922 3346 1994 datum
3371 1933 3494 1996 aut

669 2043 876 2136 justis
903 2043 1125 2115 modis
1160 2043 1313 2114 aliis
1339 2042 1780 2135 acquisitum,
1806 2063 1890 2114 eo
1912 2042 2062 2136 ipso
2092 2042 2282 2135 regie
2320 2042 2593 2113 tuitioni
2620 2042 2995 2134 subjaceat,
3028 2044 3192 2136 quia
3219 2066 3494 2117 monas-

679 2166 832 2236 terii
866 2187 1015 2237 esse
1054 2166 1262 2260 cepit.
1300 2166 1680 2238 Statuimus
1714 2186 1881 2257 ergo
1910 2176 1980 2237 et
2011 2167 2317 2260 presenti
2345 2166 2721 2238 sanctimus
2752 2166 2980 2239 edicto
3010 2177 3089 2239 ut
3119 2169 3310 2239 nulla
3340 2190 3495 2265 per-

675 2311 845 2361 sona
887 2289 1166 2361 humilis
1193 2290 1301 2360 vel
1335 2291 1503 2379 alta,
1540 2289 2002 2361 ecclesiastica
2030 2291 2142 2360 vel
2176 2291 2559 2380 mundana,
2583 2290 2968 2385 predictum
2999 2292 3492 2363 monasterium

675 2422 798 2484 aut
828 2434 1162 2509 personas
1191 2413 1262 2483 in
1297 2434 1381 2484 eo
1412 2413 1708 2484 Domino
1740 2413 2153 2485 famulantes
2176 2423 2419 2485 contra
2451 2423 2761 2485 tenorem
2784 2415 3124 2508 presentis
3154 2415 3495 2510 privilegii

676 2547 1032 2631 presumat
1063 2537 1500 2629 aliquatenus
1535 2537 1971 2631 perturbare.
2010 2536 2213 2622 Quod
2251 2536 2373 2630 qui
2405 2537 2900 2632 presumpserit
2936 2537 3170 2610 divine
3211 2539 3494 2610 ultionis

674 2661 984 2753 gladium
1039 2661 1110 2732 in
1156 2661 1462 2755 presenti
1515 2671 1585 2732 et
1627 2661 1859 2731 futuro
1906 2661 2142 2732 seculo
2179 2659 2622 2754 pertimescat
2661 2682 2745 2731 ac
2786 2670 3021 2733 nostre
3067 2661 3494 2734 celsitudinis

675 2785 849 2856 iram
882 2793 954 2855 et
977 2783 1526 2877 indignationem
1557 2805 1632 2856 se
1664 2784 1937 2855 noverit
1967 2783 2272 2876 graviter
2300 2784 2764 2872 incursurum,
2799 2785 3226 2857 correctione
3261 2784 3496 2857 debita

675 2929 817 2979 non
858 2909 1167 2978 exclusa.
1202 2906 1312 2980 Ad
1345 2906 1550 3000 hujus
1584 2907 1816 2999 itaque
1846 2906 1946 2977 rei
1985 2906 2406 2978 evidentiam
2436 2918 2507 2978 et
2541 2907 2857 2978 stabilem
2883 2904 3302 2998 firmitatem,
3337 2930 3497 3003 pre-

675 3053 836 3105 sens
868 3032 1304 3128 privilegium
1339 3032 1678 3103 conscribi
1728 3031 2016 3103 fecimus
2060 3042 2132 3104 et
2166 3032 2391 3125 sigillo
2427 3043 2661 3103 nostre
2701 3032 3125 3104 celsitudinis
3158 3033 3490 3105 roborari.

772 3158 1028 3228 Datum
1060 3155 1249 3250 apud
1273 3155 1542 3228 Biunde
1573 3153 1633 3251 (l
1651 3153 1711 3252 )‚
1737 3176 1922 3227 anno
1956 3155 2300 3228 dominice
2336 3155 2829 3227 incarnationis
2859 3156 3220 3227 millesimo
3240 3156 3502 3228 'ducen-

674 3280 919 3351 tesimo
961 3279 1494 3372 quadragesimo
1535 3279 1760 3375 primo
1780 3332 1800 3370 ,
1846 3301 2086 3351 mense
2129 3279 2432 3352 octobris
2452 3335 2472 3373 ,
2510 3280 3022 3373 quintedecime
3061 3274 3494 3371 indictioniS‚

676 3401 994 3476 feliciter.
1027 3403 1279 3474 Amen.

789 3989 1186 4072 Conradus
1209 4050 1233 4096 ,
1323 3991 1401 4071 in
1467 3989 1991 4075 Romanorum
2069 4016 2327 4100 regem
2415 3990 2694 4073 electus
2720 4051 2744 4095 ,
2829 3991 3196 4099 oppidum
3271 4017 3499 4075 suum
3594 4031 3867 4127 tcggffiu

678 4119 935 4204 Diiren
996 4149 1135 4231 pro
1195 4123 1457 4205 decem
1531 4123 1873 4206 millibus
1938 4148 2371 4205 marcarum
2435 4122 2724 4231 argenti
2794 4122 3184 4206 Willelmo
3238 4125 3495 4206 comiti
3810 4114 3819 4126 “

675 4254 1079 4338 Juliacensi
1116 4255 1435 4365 obligat,
1473 4281 1564 4339 ea
1609 4256 2038 4340 conditione
2075 4268 2162 4339 ut
2197 4281 2378 4338 cum
2416 4280 2463 4337 a
2499 4281 2580 4338 se
2632 4252 2752 4336 vel
2788 4280 2833 4335 a
2873 4256 3031 4338 suis
3089 4282 3492 4340 successo-

676 4387 889 4470 ribus
956 4389 1054 4470 de
1119 4388 1522 4496 praedictis
1595 4388 1872 4470 marcis
1934 4388 2164 4470 fuerit
2234 4387 2572 4497 plenarie
2646 4387 3119 4471 satisfactum
3147 4451 3172 4497 ,
3240 4389 3492 4498 ipsum

676 4521 900 4628 oppid
911 4545 1043 4603 um
1079 4519 1316 4604 libere
1351 4522 1450 4603 ad
1485 4520 1892 4630 imperium
1931 4530 2380 4604 revertatur.

749 4782 822 4856 (t)
859 4781 1031 4840 Hodie
1052 4780 1281 4854 Baindt,
1311 4784 1584 4856 quondam
1605 4792 1904 4843 conventus
1931 4784 1984 4841 in
2009 4783 2206 4842 Suevia
2228 4785 2385 4857 juxta
2409 4785 2785 4860 Ravensburg.
