4525 6031
650 644 852 703 lxntcr.
884 640 980 718 6.]
1559 636 1951 699 HISTORIA
1999 637 2590 699 DIPLOMATICA.
3361 635 3484 696 603

657 786 796 849 tem
830 784 902 847 et
934 772 1270 868 quicquid
1307 779 1539 867 potest
1569 772 1843 844 servicii
1876 782 1948 844 et
1979 771 2286 845 honoris,
2327 772 2439 844 Ex
2473 771 2811 844 relatione
2842 771 3150 844 veridica
3198 773 3480 845 nuntio-

654 921 811 970 rum
860 917 1088 992 nuper
1129 895 1562 968 certitudinis
1602 896 2086 991 experimento
2130 897 2539 988 collegimus
2588 895 2780 991 quod
2829 896 3206 991 imperator
3248 907 3487 969 noster

656 1021 873 1096 hostis
901 1031 974 1092 et
1000 1021 1273 1092 emulus
1311 1020 1615 1092 intendit
1652 1020 1723 1090 in
1767 1021 2001 1091 futura
2040 1020 2228 1092 veris
2266 1021 2600 1115 temperie
2642 1021 2950 1092 collectis
2974 1020 3241 1092 viribus
3273 1020 3485 1093 undi-

657 1168 794 1240 que
848 1145 941 1218 ad
1001 1144 1436 1217 obsidionem
1498 1154 1734 1216 nostre
1797 1145 2095 1216 civitatis
2152 1145 2506 1236 ingentem
2573 1144 2962 1216 exercitum
3021 1165 3484 1237 congregare,

658 1291 956 1362 cumque
964 1322 1311 1340 .....
1342 1248 1394 1340 ’.
1457 1323 1474 1339 .
1536 1321 1554 1339 .
1619 1323 1636 1339 .
1692 1270 1965 1363 previsa
1991 1270 2228 1362 Jacula
2266 1269 2493 1341 minus
2525 1267 2819 1340 afferant
2850 1269 3165 1357 lesionis,
3199 1269 3484 1340 univer-

657 1396 929 1467 sitatem
956 1402 1260 1467 vestram
1289 1415 1382 1465 ex
1407 1392 1646 1465 federe
1668 1414 1808 1487 quo
1837 1401 2156 1465 tenemur
2183 1393 2599 1486 requirimus
2629 1402 2702 1464 et
2731 1402 3042 1463 ortamur
3064 1401 3136 1464 et
3162 1414 3255 1464 ex
3280 1393 3494 1465 dilec-

660 1520 866 1591 tionis
894 1518 1178 1589 vinculo
1212 1538 1355 1610 quo
1388 1517 1752 1610 jungimur
1791 1517 2250 1611 deprecamur
2280 1526 2624 1611 quatenus
2655 1517 2754 1588 sic
2789 1517 3001 1588 armis
3037 1526 3107 1589 et
3133 1518 3332 1611 equis
3362 1538 3491 1590 vos

660 1642 1057 1739 premunire
1081 1641 1312 1714 velitis
1346 1641 1537 1733 quod
1567 1641 1660 1713 ad
1696 1641 2215 1734 requisitionem
2249 1649 2764 1731 nostram,cum
2799 1641 3182 1735 expediens
3216 1649 3492 1735 tempus

661 1768 891 1857 fuerit,
915 1767 1066 1838 sine
1098 1765 1432 1838 dilatione
1465 1765 1698 1857 aliqua
1729 1766 1861 1838 sub
1896 1766 2113 1837 felicis
2149 1767 2424 1838 fortune
2447 1766 2680 1838 omine
2713 1788 2871 1838 cum
2906 1765 3172 1860 potenti
3206 1764 3493 1837 brachio

662 1891 1102 1980 succurratiS,
1141 1898 1220 1961 ut
1252 1890 1501 1962 vestris
1534 1898 1604 1961 et
1629 1889 1924 1962 aliorum
1958 1891 2339 1962 amicorum
2381 1900 2778 1961 nostrorum
2812 1891 3076 1962 viribus
3108 1888 3491 1962 circumflui

663 2026 900 2089 contra
934 2014 1220 2087 hostiles
1253 2014 1554 2086 insultus
1593 2013 2017 2085 fortitudinis
2050 2014 2368 2109 spiritum
2396 2023 2831 2086 assumentes
2859 2014 3177 2086 insistere
3204 2014 3495 2087 viriliter

662 2142 1040 2212 valeamus·

1604 2290 1965 2382 Responsio
2015 2290 2191 2383 quod
2242 2290 2543 2361 libenter.

760 2438 1156 2534 Significata
1197 2438 1582 2510 litterarum
1619 2448 2009 2510 vestrarum
2046 2438 2285 2511 debito
2320 2440 2585 2512 honore
2625 2441 3071 2536 recipienteS,
3111 2442 3204 2514 ad
3247 2444 3491 2514 eadem

668 2565 894 2638 taliter
920 2563 1424 2658 respondemus
1450 2563 1642 2655 quod
1673 2563 1968 2634 faciente
2000 2563 2119 2634 illo
2151 2563 2272 2656 qui
2302 2564 2507 2635 docet
2534 2564 2623 2635 ad
2654 2565 2917 2636 bellum
2942 2574 3212 2637 vestros
3239 2566 3495 2658 digitos

669 2699 735 2762 et
764 2689 858 2761 ad
893 2688 1110 2784 prelia
1144 2708 1394 2758 manus
1423 2696 1721 2776 vestraS,
1765 2687 1989 2758 taliter
2018 2687 2244 2776 vobiS,
2283 2687 2476 2780 quod
2506 2687 2712 2778 absit,
2751 2688 2919 2759 dum
2970 2700 3241 2785 tempus
3272 2690 3490 2763 affue-

668 2814 779 2904 rit,
810 2832 1295 2884 succurremus
1344 2831 1503 2881 cum
1558 2810 2021 2882 ducentorum
2064 2810 2379 2905 peditum
2428 2820 2499 2882 et
2543 2812 2841 2882 militum
2893 2813 3259 2886 comictiva
3287 2795 3492 2908 'quod

666 2938 926 3010 nedum
962 2935 1053 3006 ab
1088 2932 1321 3006 hostili
1363 2933 1674 3028 nequitia
1705 2955 1834 3006 vos
1869 2934 2046 3006 tueri
2077 2934 2432 3030 poteritis,
2466 2956 2709 3005 verum
2750 2958 2911 3006 cum
2942 2936 3109 3032 ipsis
3141 2936 3210 3007 in
3245 2960 3492 3034 campo

668 3062 916 3134 martio
947 3059 1302 3132 dimicare.

772 3587 1193 3699 Raynerius
1254 3586 1574 3669 Sanctae
1633 3585 1915 3669 Mariae
1976 3587 2056 3667 in
2132 3586 2586 3670 Cosmedino
2656 3588 3023 3673 diaconus
3086 3594 3494 3675 cardinalis

669 3721 835 3804 fuse
870 3730 1132 3804 narrat
1175 3720 1564 3829 quomodo
1612 3718 2063 3801 Marcelinus
2101 3719 2460 3801 Aretinus
2514 3721 2913 3829 episcopus
2961 3722 3274 3831 jubente
3318 3726 3494 3807 Fri-

669 3855 920 3937 derico
956 3855 1411 3961 imperatore
1456 3877 1503 3931 a
1547 3850 1941 3933 Saracenis
1978 3852 2485 3959 ignominiose
2531 3878 2946 3961 suspensus
3001 3855 3265 3964 fuerit,
3307 3860 3487 3940 vio-

668 3987 1108 4096 lentamque
1142 4011 1404 4067 necem
1443 3984 1883 4067 Geracensis
1932 3992 2006 4064 et
2046 3983 2564 4066 Cefaludensis
2602 3986 3126 4094 episcoporum
3174 4016 3488 4072 memo-

669 4129 824 4226 rat,
862 4120 944 4200 in
982 4130 1398 4228 tyrannum
1435 4115 1752 4225 ejusque
1790 4141 2149 4225 sequaces
2186 4116 2489 4199 acribus
2529 4116 2778 4199 verbis
2815 4118 3180 4202 invectus.

833 4326 1102 4406 (Edldcr.
1134 4326 1343 4387 Mur.
1372 4325 1585 4402 Pinus,
1615 4325 1771 4385 Hist.
1800 4325 1942 4405 maj.
1965 4322 2240 4406 Anqlor„
2273 4325 2351 4385 ad
2377 4341 2521 4386 ann.
2559 4334 2733 4405 1249,
2763 4345 2824 4405 p.
2847 4337 2991 4401 510,
3026 4338 3164 4408 511,
3195 4336 3255 4391 et
3273 4334 3489 4409 partlm

907 4434 1257 4510 mmm„
1277 4426 1500 4489 Annal.
1526 4427 1709 4490 eccles.
1740 4430 1818 4490 ad
1842 4447 1980 4490 ann.
2015 4439 2192 4505 1248,
2213 4431 2248 4508 S
2272 4431 2435 4509 XX.)

764 4617 1153 4713 Raynerius
1181 4616 1433 4689 Sancte
1471 4617 1687 4690 Marie
1724 4617 1796 4687 in
1830 4615 2242 4688 Cosmedino
2276 4617 2614 4691 diaconus
2643 4621 3038 4713 cardinaliS,
3061 4633 3193 4696 etc.
3213 4628 3490 4703 Grande

673 4744 1050 4839 piaculum,
1080 4741 1382 4823 nefanda
1418 4742 1872 4837 presumptio,
1910 4741 2130 4812 ferina
2169 4742 2568 4837 crudelitaS,
2606 4745 2995 4818 inauditum
3032 4751 3282 4844 scelus,
3319 4774 3488 4826 exe-

3618 3604 3841 3657 [Martio]
