4525 6031
1034 663 1153 724 *118
2031 661 2456 724 ramulum
2503 660 2852 723 suenum
3464 659 3629 738 [Anu.
3665 659 3842 721 1249.

1449 984 1657 994 -ο
1668 985 2604 998 —c———n—-Q—-u———m-

620 1231 980 1342 *vfgfffigym
1139 1211 1595 1320 FridericuS,
1617 1213 2137 1297 Romanorum
2169 1214 2610 1323 imperator,
2642 1213 3049 1298 Guillelmo
3087 1212 3441 1296 Turrioni
3478 1213 3843 1323 magistro

1030 1345 1443 1428 camerario
1514 1344 1790 1427 Terrae
1872 1345 2185 1429 Laboris
2266 1347 2584 1428 mandat
2663 1347 2871 1456 quod
2940 1350 3339 1429 conventui
3415 1344 3844 1428 Cassinensi

1029 1479 1349 1561 domum
1383 1504 1621 1562 unam
1658 1478 1861 1587 apud
1899 1478 2264 1562 Sanctum
2303 1480 2767 1572 Germanum
2802 1505 3038 1588 quam
3075 1478 3425 1562 Taffurus
3459 1480 3556 1562 de
3585 1478 3842 1586 Capua

1027 1610 1420 1721 quondam
1489 1609 1853 1694 violenter
1908 1622 2454 1720 occupaverat,
2498 1611 2723 1693 faciat
2757 1611 3125 1720 resignari
3143 1673 3170 1719 ‚
3231 1611 3330 1693 ad
3402 1637 3596 1720 opus
3661 1610 3841 1692 dicti

1025 1741 1462 1824 monasterii
1535 1741 1730 1823 sicut
1808 1742 1962 1824 alia
2040 1742 2206 1851 ejus
2283 1743 2487 1825 bona
2565 1744 3152 1851 procurandam.
3232 1741 3457 1839 Quod
3529 1741 3838 1850 quidem

1020 1874 1399 1958 lohannes
1433 1874 1724 1958 Russus
1741 1875 1839 1958 de
1859 1874 2145 1957 Isernia
2165 1874 2431 1984 judex,
2463 1901 2544 1957 re
2570 1875 2784 1983 prius
2805 1900 2940 1983 per
2965 1873 3435 1957 ordinarium
3466 1873 3837 1982 judicium

1019 2014 1240 2090 caute
1274 2008 1619 2090 discussa
1639 2067 1664 2110 ‚
1712 2006 2255 2090 sententialiter
2290 2007 2755 2116 exsequitur.

1180 2221 1432 2301 (Inedlt.
1459 2224 1527 2283 in
1553 2222 1719 2283 arch.
1746 2229 2001 2285 monast.
2023 2222 2249 2285 Cassin.
2283 2239 2360 2284 ex
2386 2225 2624 2301 Regest.
2656 2222 2921 2284 Thomas
2945 2220 3153 2282 decani
3170 2221 3340 2293 Mss„
3365 2220 3477 2283 sub
3502 2237 3660 2282 anno
3686 2228 3836 2281 1279

1257 2335 1520 2401 exarato,
1550 2327 1654 2388 fol.
1684 2337 1784 2404 34,
1815 2338 1882 2387 n⁰
1913 2327 2041 2404 ⁵1.)

1113 2541 1190 2611 In
1230 2540 1512 2614 nomine
1549 2539 1795 2613 Christi
1833 2564 2063 2613 amen.
2102 2540 2309 2612 Anno
2340 2541 2430 2612 ab
2466 2540 2940 2611 incarnatione
2975 2541 3125 2631 ejus
3164 2538 3527 2611 millesimo
3568 2538 3833 2609 ducen-

1019 2663 1264 2737 tesimo
1314 2664 1845 2757 quadragesimo
1891 2686 2113 2754 nono,
2172 2665 2286 2737 die
2329 2663 2599 2734 sabbati
2656 2662 3175 2756 quintodecimo
3231 2662 3478 2751 madii,
3545 2663 3831 2757 septime

1016 2785 1410 2859 indictionis
1435 2838 1455 2875 ‚
1509 2785 1899 2882 imperante
1941 2786 2224 2859 domino
2268 2793 2506 2859 nostro
2542 2786 2910 2858 Frederieo
2948 2786 3076 2858 Dei
3117 2786 3341 2878 gratia
3379 2784 3829 2856 invictissimo

1012 2911 1480 2983 Romanorum
1510 2910 1927 3005 imperatore
1951 2930 2226 3004 semper
2246 2920 2569 3001 augusto,
2590 2911 2971 2981 Jerusalem
2993 2918 3065 2981 et
3091 2908 3321 2981 Sicilie
3352 2930 3544 3000 rege,
3561 2909 3831 3003 imperii

1016 3035 1169 3127 ejus
1188 3054 1374 3106 anno
1403 3032 1736 3106 vicesimo
1764 3054 1951 3106 nono
1971 3084 1991 3123 ,
2017 3035 2327 3128 presenti
2372 3034 2631 3128 scripto
2667 3034 2951 3106 declaro
2984 3054 3117 3124 ego
3135 3033 3463 3105 notarius
3484 3033 3835 3105 Iohannes

1016 3156 1106 3230 de
1136 3156 1396 3230 Isernia
1426 3176 1540 3226 me
1572 3156 1916 3251 recepisse
1948 3178 1992 3229 a
2026 3157 2355 3251 prudenti
2385 3158 2540 3229 viro
2567 3157 2806 3249 judice
2843 3156 3211 3229 Guillelmo
3242 3156 3578 3228 Turrione
3603 3157 3823 3251 impe-

1012 3277 1168 3351 riali
1195 3278 1527 3369 magistro
1557 3278 1940 3351 camerario
1975 3288 2157 3350 terre
2188 3279 2472 3353 Laboris
2504 3287 2577 3350 et
2601 3280 2970 3352 comitatus
3007 3279 3284 3370 Molisii‚
3327 3280 3665 3373 quasdam
3693 3279 3826 3353 ‹lic-

1015 3410 1200 3472 teras
1234 3399 1460 3493 sigillo
1511 3400 1824 3491 ejusdem
1855 3401 2120 3473 domini
2152 3402 2464 3493 magistri
2494 3402 2858 3474 camerarii
2895 3402 3261 3493 sigillataS‚
3305 3424 3602 3495 quarum
3632 3412 3829 3476 tenor

1010 3543 1137 3619 per
1167 3522 1402 3596 omnia
1451 3523 1603 3594 talis
1635 3532 1787 3595 erat
1820 3549 1840 3594 ε
1873 3562 1974 3578 -
1998 3524 2325 3597 Prudenti
2361 3524 2513 3596 viro
2545 3525 2814 3597 notario
2854 3524 3153 3598 Iohanni
3186 3526 3409 3598 Russo
3445 3526 3537 3597 de
3567 3526 3827 3597 Isernia

1008 3646 1234 3720 amico
1280 3667 1410 3719 suo
1432 3664 1433 3667 ’
1446 3646 1677 3737 judex
1729 3646 2136 3719 Guillelmus
2185 3648 2540 3721 Turrionis
2596 3649 2972 3743 imperialis
3022 3648 3351 3741 magister
3407 3649 3827 3721 camerarius

1006 3780 1192 3842 terre
1219 3770 1511 3843 Laboris
1538 3781 1611 3842 et
1641 3771 2009 3843 comitatus
2035 3772 2283 3843 Molisii
2312 3773 2607 3844 salutem
2626 3781 2697 3844 et
2721 3793 3035 3845 amorem
3058 3772 3430 3844 sincerum.
3463 3773 3575 3844 Ab
3603 3773 3825 3867 impe-

1005 3894 1158 3966 riali
1187 3895 1605 3967 excellentia
1642 3915 1876 3965 sacras
1917 3895 2306 3990 recepimus
2345 3895 2620 3967 lieteras
2653 3896 2723 3966 in
2770 3896 2903 3968 hac
2939 3896 3159 3968 forma
3197 3923 3215 3967 ε
3263 3895 3668 3968 Fredericus
3698 3896 3825 3967 Dei

1002 4017 1225 4112 gratia
1246 4070 1267 4109 ,
1305 4026 1477 4107 etc.,
1521 4018 1852 4109 magistro
1886 4018 2269 4091 camerario
2303 4028 2483 4091 terre
2525 4018 2811 4090 Laboris
2844 4028 2915 4090 et
2954 4018 3321 4091 comitatus
3349 4018 3597 4092 Molisii
3623 4070 3643 4108 ‚
3680 4026 3815 4091 etc.

1003 4141 1135 4214 Pro
1168 4150 1367 4237 parte
1409 4141 1656 4212 decani
1698 4148 1769 4212 et
1805 4151 2190 4214 conventus
2224 4141 2625 4214 monasterii
2657 4141 3045 4214 Casinensis
3075 4152 3473 4214 nostrorum
3502 4140 3822 4213 fidelium

1002 4265 1136 4337 fuit
1185 4286 1411 4359 nuper
1452 4263 1851 4358 expositum
1901 4286 2135 4337 coram
2179 4265 2382 4336 nobis
2418 4264 2609 4359 quod
2659 4286 2816 4336 cum
2859 4265 3024 4337 olim
3067 4265 3380 4336 Taffurus
3415 4264 3505 4336 de
3540 4265 3772 4360 Capua
3798 4316 3818 4354 ‚

1003 4386 1173 4459 dum
1206 4386 1278 4457 in
1304 4387 1531 4459 Rocca
1556 4388 1801 4458 Ianule
1834 4389 2238 4460 castellanie
2265 4389 2568 4460 officium
2603 4388 3011 4480 exercebat,
3054 4386 3342 4459 domum
3377 4407 3589 4457 unam
3622 4386 3823 4458 sitam

1002 4510 1072 4582 in
1107 4510 1358 4582 Sancto
1391 4502 1738 4582 Germano
1773 4519 1844 4581 et
1871 4532 1982 4582 res
2019 4511 2190 4582 alias
2222 4512 2315 4584 ad
2344 4522 2766 4583 conventum
2808 4511 3036 4606 ipsum
3074 4509 3575 4582 rationabiliter
3609 4509 3823 4603 perti-

1000 4642 1247 4706 nentes
1275 4632 1621 4705 violenter
1656 4644 1728 4704 et
1753 4643 1994 4705 contra
2019 4634 2362 4725 justitiam
2389 4655 2472 4707 ac
2500 4633 2859 4706 monachis
2892 4634 3058 4730 ipsis
3097 4633 3331 4704 invitis
3363 4641 3436 4703 et
3465 4632 3818 4705 contradi-

1001 4756 1320 4828 centibus
1350 4765 1786 4851 occupasset,
1841 4765 1912 4828 et
1970 4777 2160 4828 nunc
2204 4756 2451 4829 eodem
2516 4757 2789 4830 Taffuro
2846 4756 2937 4829 de
3006 4756 3337 4829 mandato
3389 4753 3820 4828 celsitudinis
