4525 6031
982 611 1106 676 654
1979 613 2409 681 ramatum
2459 572 2803 681 saeuum
3418 620 3583 698 [Anu.
3621 611 3797 685 1248.

582 1230 914 1340 „pffigffml
1092 1204 1556 1311 WillelmuS‚
1595 1231 1729 1288 rex
1764 1206 2326 1310 Romanorum,
2365 1203 3051 1320 Mediolanensibus
3090 1206 3350 1289 scribit
3380 1207 3590 1315 quod
3624 1232 3801 1290 cum

984 1337 1146 1446 ipse
1188 1339 1557 1448 nequiens
1607 1339 1705 1420 ad
1752 1359 1881 1420 eos
1935 1338 2045 1419 ire
2091 1347 2400 1446 propter
2447 1335 2921 1420 obsidionem
2976 1338 3450 1448 Aquensem‚
3509 1339 3804 1421 consti-

983 1470 1250 1552 tuisset
1280 1471 1647 1554 vicarium
1683 1470 1979 1579 imperii
2023 1469 2349 1552 electum
2390 1468 2821 1577 Spirensem
2858 1481 2933 1552 et
2967 1471 3109 1553 iste
3142 1471 3469 1553 vicarius
3505 1469 3652 1552 sibi
3703 1471 3804 1554 sit

983 1605 1492 1711 necessarius,
1551 1602 1925 1712 disposuit
1978 1602 2214 1684 alium
2268 1600 2726 1684 substituere
2771 1604 3182 1712 vicarium,
3233 1604 3516 1690 scilicet
3558 1606 3655 1686 R.
3705 1605 3804 1687 de

985 1734 1324 1844 Suppino
1358 1736 1714 1819 comitem
1747 1734 2279 1838 Romaniolae,
2322 1760 2571 1843 usque
2607 1735 2706 1816 ad
2735 1736 3145 1819 adventum
3170 1760 3427 1818 suum.

1147 1948 1378 2027 (Edidit
1397 1950 1587 2010 ann.
1610 1950 1821 2024 mnu,
1855 1949 1983 2008 Vct.
2008 1955 2066 2009 et
2088 1953 2305 2010 recent.
2335 1963 2590 2008 montem,
2615 1943 2887 2027 collectio,
2909 1952 2956 2008 t.
2975 1948 3031 2027 1,
3053 1950 3234 2010 litter.
3261 1950 3513 2027 princip.
3541 1954 3602 2011 et
3619 1951 3798 2011 viror.

1221 2055 1466 2131 illustr„
1494 2072 1553 2131 p.
1589 2062 1879 2131 255-257,
1914 2063 1983 2113 n⁰
2014 2052 2141 2131 31.)

1079 2240 1512 2333 WilhelmuS,
1548 2241 1673 2313 Dei
1704 2241 1923 2334 gratia
1959 2240 2031 2311 in
2068 2261 2308 2332 regem
2341 2239 2810 2313 Romanorum
2838 2239 3103 2314 electus
3129 2260 3407 2335 semper
3430 2251 3798 2336 augustuS,

980 2365 1331 2437 nobilibus
1359 2376 1429 2437 et
1460 2365 1920 2460 prudentibus
1944 2365 2113 2437 viris
2145 2365 2495 2458 potestati,
2527 2364 2817 2437 consilio
2832 2376 2903 2436 et
2922 2365 3248 2437 universo
3269 2366 3805 2460 populoMedio-

984 2488 1252 2559 lanensi
1299 2489 1567 2560 dilectis
1615 2487 1939 2560 fidelibus
1984 2488 2126 2559 suis
2166 2489 2460 2579 gratiam
2502 2510 2698 2560 suam
2732 2501 2803 2559 et
2834 2489 3088 2560 bonam
3120 2490 3573 2561 voluntatem.
3610 2491 3804 2563 Post·

982 2634 1194 2706 quam
1239 2634 1504 2683 summe
1550 2610 2123 2683 considerationis
2152 2611 2511 2705 dispositio
2541 2610 2904 2682 ineffabilis
2931 2633 3069 2705 que
3101 2611 3391 2705 provide
3433 2614 3674 2684 statuit
3713 2615 3804 2686 ab

911 2798 922 2807 .
980 2746 1222 2808 eterno
1250 2746 1328 2807 ut
1353 2758 1479 2808 suo
1510 2736 1855 2807 ducantur
1882 2735 2069 2806 nodo
2110 2733 2465 2826 regiminis
2506 2734 2858 2823 universa,
2894 2755 3022 2805 nos
3054 2733 3146 2805 ad
3173 2756 3377 2805 suum
3409 2744 3481 2806 et
3516 2736 3800 2809 univer-

978 2860 1141 2933 salis
1165 2859 1469 2934 Ecclesie
1501 2859 1856 2931 servitium
1885 2858 2243 2947 evocavit,
2281 2857 2446 2929 licet
2475 2855 2964 2930 insufficientes
2991 2858 3221 2930 forent
3252 2867 3490 2930 nostre
3520 2861 3805 2953 possibi-

977 2986 1189 3059 litatis
1231 2982 1507 3055 humeri
1561 3004 1688 3077 pro
1742 2981 2061 3084 culminis
2116 2976 2290 3053 tanti
2345 2980 2611 3053 sarcina
2654 2978 3056 3075 subeunda,
3105 2980 3177 3052 in
3224 2983 3375 3074 ejus
3416 2991 3647 3055 tamen
3687 2983 3802 3057 cui

979 3108 1239 3203 placuit
1265 3109 1707 3201 juventutem
1739 3116 2048 3178 nostram
2080 3105 2422 3177 extollere
2454 3107 2690 3177 favore
2726 3102 2995 3196 confisi,
3032 3126 3199 3176 cura
3225 3105 3417 3198 vigili
3445 3106 3515 3177 in
3543 3107 3799 3180 sollici·

982 3230 1219 3302 tudine
1280 3230 1529 3300 mentis
1582 3228 1856 3300 assidua
1922 3227 2155 3299 radios
2207 3228 2446 3300 totalis
2487 3238 2721 3300 nostre
2770 3227 3169 3300 intentionis
3220 3229 3663 3302 extendimus
3712 3230 3802 3303 ad

978 3363 1230 3424 cuncta
1270 3374 1408 3446 que
1438 3352 1918 3445 Redemptoris
1959 3351 2281 3443 gloriam,
2321 3352 2534 3447 ipsius
2562 3352 3040 3425 defensionem
3075 3354 3382 3451 Ecclesie
3410 3375 3492 3426 ac
3527 3365 3799 3428 nostro-

976 3498 1133 3547 rum
1164 3473 1472 3547 fidelium
1503 3475 1793 3544 salutem
1831 3473 2200 3568 respiciant
2227 3483 2297 3544 et
2324 3474 2655 3566 quietem.
2686 3475 2827 3546 Vos
2858 3474 3069 3566 igitur
3096 3476 3216 3568 qui
3248 3497 3373 3569 per
3405 3476 3565 3548 facti
3598 3499 3805 3573 expe·

977 3600 1300 3670 rientiam
1328 3598 1634 3669 favorem
1662 3607 1973 3669 nostrum
2004 3598 2186 3668 inter
2220 3599 2393 3670 alios
2423 3598 2666 3671 fideles
2697 3600 2967 3694 imperii
3001 3608 3072 3670 et
3101 3598 3394 3689 gratiam
3425 3601 3799 3691 meruistiS,

977 3720 1303 3817 amplecti
1343 3730 1577 3794 nostre
1622 3720 2048 3792 celsitudinis
2091 3721 2394 3793 brachiis
2440 3718 2881 3794 intendentes
2931 3734 3005 3794 et
3041 3722 3257 3793 vestri
3296 3722 3489 3794 velut
3527 3724 3802 3795 illorum

977 3868 1153 3939 quos
1192 3846 1265 3916 in
1306 3844 1572 3936 gremio
1602 3844 1787 3936 regie
1817 3834 2205 3916 serenitatis
2238 3845 2663 3916 intendimus
2689 3855 3033 3942 perpetuo
3065 3866 3521 3934 conservare,
3560 3866 3802 3938 gerere

969 3969 1511 4043 'sollicitudinem
1543 3969 1857 4040 volentes
1890 3977 1961 4038 et
1993 3990 2226 4039 curam
2246 4021 2266 4059 ‚
2307 3976 2388 4037 ut
2418 3968 3210 4062 membradispositione
3256 3968 3500 4062 capitis
3522 3990 3803 4041 conser-

857 4108 869 4116 '
972 4103 1255 4184 ventur,
1291 4090 1383 4165 ad
1413 4090 1939 4186 opprimendam
1968 4091 2245 4162 illorum
2279 4091 2594 4163 sevitiam
2622 4114 2750 4186 per
2774 4114 2950 4184 quos
2981 4093 3198 4162 multa
3228 4101 3297 4163 et
3320 4093 3513 4164 varia
3545 4091 3806 4165 diutius

975 4218 1502 4311 oppressionum
1546 4237 1799 4307 genera
1826 4214 2132 4288 subiistis
2164 4226 2234 4287 et
2261 4216 2895 4310 recompensandos
2923 4204 3196 4288 labores
3225 4225 3494 4287 vestros
3520 4217 3808 4288 retribu-

974 4340 1162 4411 tione
1202 4349 1572 4410 munerum
1624 4338 1920 4429 liberali,
1958 4338 2050 4409 ad
2094 4350 2327 4433 partes
2359 4339 2551 4409 Italic
2578 4338 2769 4430 regia
2813 4339 3075 4411 vexilla
3110 4338 3477 4410 victoriose
3508 4338 3806 4432 dirigere

974 4462 1306 4534 duximus
1336 4461 1873 4556 disponendum.
1898 4461 2039 4531 Sed
2069 4461 2235 4532 dum
2265 4461 2533 4533 obsidio
2557 4461 2857 4534 civitatis
2882 4462 3228 4556 Aquensis
3255 4472 3569 4534 nostrum
3591 4472 3808 4533 retar-

976 4587 1176 4658 daret
1206 4586 1615 4676 adventum,
1643 4564 1975 4655 dilectum
2010 4585 2388 4678 principem
2419 4596 2735 4656 nostrum
2754 4587 3050 4656 electum
3067 4584 3800 4680 Spirensemimperia-

972 4710 1059 4780 lis
1104 4710 1263 4780 aule
1307 4708 1795 4781 cancellarium
1837 4705 1925 4777 ad
1971 4707 2251 4778 easdem
2293 4717 2524 4803 partes
2568 4709 3000 4803 providimus
3037 4708 3553 4782 destinandum.
3592 4709 3805 4802 Cujus
