4525 6031
1587 647 1843 709 INDEX
1891 647 2586 712 DOCUMENTORUM.
3381 661 3505 724 967

675 846 944 961 ,12-42

1521 973 1825 1050 quondam
1859 973 2091 1035 civibus
2130 973 2564 1039 Viennensibus
2602 979 2900 1042 indultum
2942 988 3002 1043 et
3036 984 3198 1060 quod
3233 985 3360 1047 dux
3395 990 3507 1050 iste

1523 1069 1757 1130 sublata
1797 1086 1975 1130 aurea
2018 1070 2184 1130 bulla
2227 1081 2587 1143 cassaverat,
2642 1075 2719 1135 ad
2763 1092 2972 1137 eorum
3015 1079 3505 1155 supplicationem

1523 1173 1770 1226 renovat
1799 1171 1860 1225 et
1885 1166 2194 1226 inserendo
2220 1167 2556 1230 confirmat.
3388 1189 3506 1240 524

698 1259 917 1337 [aprili.
1008 1263 1373 1344 Cremonae.]
1443 1294 1525 1307 —
1564 1264 1814 1324 Cuidam
1828 1264 2089 1324 Alsatiae
2114 1267 2340 1325 civitati
2356 1267 2432 1326 ab
2456 1268 2883 1346 Argentinense
2912 1272 3182 1349 episcopo
3208 1275 3508 1351 proditore

1522 1376 1631 1421 suo
1642 1360 1916 1421 obsessae
1925 1361 2255 1421 subsidium
2269 1363 2599 1442 pollicetur,
2610 1381 2856 1426 monens
2866 1368 3071 1442 'quoda
3080 1368 3368 1433 Cremona
3378 1389 3507 1434 ver-

1521 1473 1624 1516 sus
1642 1456 2056 1518 Alemanniam
2077 1460 2187 1517 iter
2205 1476 2381 1518 suum
2408 1462 2470 1518 in
2494 1462 2738 1521 instanti
2762 1463 3013 1540 dirigere
3038 1469 3331 1543 proponit.
3390 1478 3505 1531 526

714 1548 901 1625 [maio
980 1599 1327 1618 ......
1392 1599 1409 1617 .
1441 1586 1524 1598 -
1561 1553 1779 1615 Scribit
1803 1556 2045 1632 Hugoni
2075 1558 2278 1615 comiti
2315 1556 2513 1617 Sancti
2553 1558 2720 1619 Pauli
2761 1576 2825 1620 se
2860 1561 2939 1621 ad
2972 1561 3332 1625 offerendam
3366 1584 3507 1643 pur·

686 1644 948 1729 ineunt.]
1525 1654 1823 1730 gationem
1853 1652 2213 1729 Lugdunum
2249 1670 2389 1713 mox
2421 1657 2675 1730 iturum,
2709 1662 2770 1718 et
2805 1660 3183 1734 postmodum
3220 1663 3508 1740 solempni

1520 1749 1821 1825 colloquio,
1858 1749 2151 1809 celebrato
2195 1751 2573 1812 Germaniam
2625 1756 2981 1830 petiturum,
3018 1756 3403 1837 hortaturque
3442 1767 3512 1821 ut

1526 1844 1638 1905 sibi
1665 1861 1802 1905 cum
1829 1845 2160 1905 honorabili
2190 1849 2470 1908 comitiva
2497 1857 2789 1911 occurrat.
3394 1865 3507 1916 528

698 1949 734 2003 5
761 1943 924 2001 maii.
1020 1941 1362 2006 Cremonae.
1447 1972 1527 1985 -
1567 1943 1634 2002 B.
1677 1942 1752 2001 de
1791 1941 2014 2002 Pelude
2051 1944 2283 2019 imperii
2319 1947 2537 2004 vicario
2566 1963 2602 2005 a
2628 1947 2812 2022 Papia
2851 1952 3121 2024 superius
3155 1954 3398 2013 mandat
3442 1961 3512 2014 ut

1526 2038 1687 2097 cives
1731 2037 2042 2114 Papienses
2070 2041 2120 2098 si
2151 2055 2389 2099 necesse
2415 2040 2593 2100 fuerit
2626 2028 2993 2120 constringat
3016 2046 3093 2105 ad
3127 2061 3371 2108 censum
3408 2066 3511 2125 per

1528 2151 1630 2194 eos
1666 2151 1771 2211 pro
1814 2135 1941 2193 loco
1977 2136 2170 2195 Besati
2209 2139 2563 2197 monasterio
2606 2136 2809 2198 Sancti
2850 2138 3173 2202 Salvatoris
3218 2143 3292 2202 de
3329 2145 3512 2221 Papia

1527 2230 1789 2291 debitum
1814 2231 2262 2293 exsolvendum.
2433 2255 2463 2319 .'
3158 2247 3273 2298 532
3303 2247 3364 2300 et
3393 2248 3508 2302 920

701 2337 737 2388 8
759 2331 924 2390 maii.
1020 2330 1362 2392 Cremonae.
1445 2360 1528 2372 —
1568 2328 1875 2388 Pactiones
1929 2343 1966 2386 a
2011 2327 2313 2387 Gualtcrio
2350 2328 2426 2388 de
2469 2328 2623 2389 Ocra
2671 2347 2781 2391 suo
2830 2333 3082 2408 generali
3136 2342 3512 2410 procuratore

1526 2440 1664 2485 cum
1692 2423 1955 2484 Amedeo
1979 2427 2195 2484 comite
2217 2423 2547 2486 Sabaudiae
2572 2429 2750 2487 initas
2774 2426 3107 2507 confirmat,
3133 2436 3258 2490 tam
3284 2431 3360 2491 de
3386 2448 3512 2493 res-

1527 2523 1804 2582 titutione
1829 2524 2005 2581 castri
2035 2523 2376 2599 Ripolarum
2407 2540 2586 2600 quam
2614 2524 2689 2584 de
2728 2527 3102 2585 matrimonio
3141 2529 3297 2587 inter
3328 2531 3512 2590 Man-

1525 2618 1756 2679 fredum
1803 2617 1995 2678 fllium
2044 2635 2218 2678 suum
2262 2625 2326 2679 et
2366 2620 2692 2681 Beati-icem
2746 2622 3010 2699 ejusdem
3051 2626 3283 2684 comitis
3326 2625 3511 2686 filiam

1527 2714 1951 2776 contrahendo.
3393 2730 3509 2781 535

690 2809 939 2891 [jun10.]
986 2855 1005 2875 .
1053 2857 1073 2876 .
1121 2857 1138 2875 .
1183 2855 1204 2875 .
1253 2856 1272 2876 .
1320 2859 1339 2877 .
1402 2859 1418 2875 .
1450 2844 1532 2856 —
1571 2813 1803 2873 Pisanis
1846 2812 2064 2888 gratias
2111 2813 2235 2888 agit
2273 2812 2434 2889 quod
2490 2812 2567 2873 ad
2615 2815 3058 2890 requisitionem
3106 2813 3386 2877 FriderIci
3438 2817 3514 2878 de

1528 2908 1848 2970 Antiochia
1900 2909 1962 2967 in
2003 2907 2218 2968 Tuscia
2264 2911 2499 2987 vicarii,
2541 2911 2604 2969 in
2654 2909 3165 2987 depopulationem
3208 2913 3514 2974 rebellium

1527 3006 1948 3066 Perusinorum
1975 3005 2220 3065 viriliter
2245 3009 2647 3082 processerint.
3395 3021 3510 3073 539

691 3100 945 3185 [Junio.]
987 3148 1006 3168 .
1054 3149 1072 3169 .
1120 3148 1141 3169 .
1182 3150 1199 3168 .
1249 3151 1267 3171 .
1325 3150 1344 3170 .
1401 3151 1418 3169 .
1450 3135 1531 3149 —
1570 3103 1789 3163 scribit
1828 3102 2064 3164 cuidam
2101 3105 2405 3179 capitaneo
2443 3111 2513 3165 ut
2548 3104 2677 3166 iieri
2720 3106 2900 3167 faciat
2952 3107 3394 3184 inquisitionem
3435 3111 3512 3170 de

1527 3201 1786 3279 quodam
1804 3201 2046 3259 Aretino
2060 3202 2162 3276 qui
2181 3200 2403 3261 dicitur
2418 3201 2630 3276 fidelis,
2650 3208 2821 3279 capto
2837 3204 3051 3263 inermi
3074 3205 3228 3263 inter
3242 3203 3511 3267 infideles

1526 3301 1869 3360 Perusinos.
3393 3311 3509 3365 540

706 3392 909 3468 junio.
1111 3395 1289 3458 Carii.
1446 3428 1530 3443 —
1564 3395 1923 3457 Monasteria
1951 3394 2121 3455 vallis
2146 3398 2303 3456 Pesii
2329 3412 2467 3456 cum
2492 3396 2854 3474 hominibus,
2876 3398 3152 3474 grangiis,
3177 3402 3512 3474 possessio—

1527 3492 1705 3553 nibus
1737 3498 1799 3552 et
1825 3492 2102 3553 omnibus
2136 3492 2307 3553 bonis
2335 3496 2464 3569 ejus
2499 3492 2612 3553 sub
2647 3495 3005 3569 protectione
3036 3510 3146 3554 sua
3180 3496 3418 3572 recipit,
3451 3502 3513 3556 et

1527 3590 1816 3650 Iacobum
1858 3589 2259 3650 marchionem
2303 3590 2379 3649 de
2424 3590 2660 3651 Carreto
2700 3606 2983 3668 generum
3022 3607 3196 3651 suum
3246 3593 3511 3653 mandati

1529 3689 1624 3747 sui
1647 3692 2020 3747 executorem
2045 3689 2274 3746 statuit.
3391 3698 3508 3750 540

714 3779 906 3854 junio.
1090 3780 1309 3847 eherii.
1450 3813 1531 3827 —
1572 3780 1833 3841 Guidoni
1874 3779 2166 3857 Dalphino
2213 3783 2416 3841 comiti
2459 3780 2725 3842 Viennae
2769 3787 2830 3842 et
2871 3781 3120 3842 Albonis
3166 3785 3510 3843 comitatum

1530 3876 1954 3953 Vapincensem
1979 3882 2040 3935 et
2065 3875 2548 3937 Ebredunensem
2571 3893 2642 3936 ac
2663 3879 2862 3937 omnia
2886 3879 3003 3939 alia
3029 3880 3161 3955 ejus
3186 3877 3343 3938 bona
3365 3895 3510 3938 con-

1530 3971 1762 4049 firmat,
1790 3972 2172 4048 conceditque
2205 3972 2418 4031 allodia
2455 3973 2516 4031 in
2553 3972 2803 4033 diversis
2836 3973 3225 4050 Delphinatus
3258 3978 3511 4036 comita-

1528 4069 1691 4128 tibus
1715 4069 2058 4127 constituta.
3393 4079 3506 4131 542

731 4164 906 4242 lulio.
1051 4165 1123 4227 In
1148 4169 1359 4229 castris
1448 4196 1532 4209 —
1570 4163 1930 4224 Sententiam
1956 4179 1995 4223 a
2019 4162 2333 4223 Bertholdo
2372 4163 2707 4223 marchione
2747 4164 2822 4224 de
2855 4163 3249 4244 Hohenburg,
3279 4169 3506 4243 imperii

1007 4234 1072 4323 in
1094 4262 1400 4324 obsidione
1529 4275 1569 4319 a
1590 4260 1776 4336 Papia
1801 4261 2069 4336 superius
2093 4260 2315 4318 vicario
2342 4259 2629 4336 generali,
2660 4261 2814 4318 inter
2842 4258 3117 4322 Astenses
3143 4268 3202 4321 et
3223 4261 3510 4323 Albenses

1062 4359 1335 4421 Parmae.
1529 4355 1818 4433 prolatam
1863 4372 2040 4431 super
2086 4355 2527 4415 exhabitatione
2562 4355 2725 4433 plani
2764 4355 3035 4417 Charasci
3052 4400 3072 4435 ‚
3119 4358 3409 4436 approbat
3448 4366 3508 4420 et

726 4553 905 4630 julio.
1051 4549 1127 4612 In
1152 4552 1361 4612 castris
1450 4452 2179 4627 -oznffissueauonem
2204 4548 2447 4610 Berardi
2473 4549 2892 4628 archiepiscopi
2920 4549 3316 4613 Panormitam
3329 4594 3348 4625 ,
3382 4464 3507 4629 {513

1006 4650 1073 4708 in
1096 4647 1398 4709 obsidione
1526 4647 1742 4727 vilegia
1765 4645 2042 4707 ecclesiae
2070 4645 2517 4708 Panormitanae
2544 4645 2876 4709 confirmat.
3244 4726 3245 4729 Ἴ
3389 4656 3505 4710 553

1067 4744 1335 4805 Parmae.
3312 4786 3318 4793 .
