4525 6031
984 619 1108 682 945
2094 607 2720 672 numm-Amnum

983 749 1207 861 eujus
1260 745 1634 858 privilegii
1692 743 2216 829 executionem
2272 743 2524 828 Ulrico
2572 743 2670 828 de
2707 741 3101 829 Wildonia
3149 742 3361 828 fideli
3415 770 3561 831 suo
3598 771 3827 833 eom-

984 883 1244 964 mittit.

1149 1095 1495 1174 (Memorat.
1526 1100 1588 1155 et
1615 1099 1771 1154 extr.
1803 1110 1899 1171 ap.
1935 1091 2179 1171 cmm,
2212 1089 2783 1172 Gmhn’cltgsmcloer,
2812 1098 2861 1154 t.
2892 1092 2976 1171 11,
3007 1109 3071 1170 p.
3095 1092 3376 1168 xxxvl,
3407 1110 3483 1155 ex
3513 1095 3648 1156 eod.
3677 1111 3823 1158 mss.

1223 1203 1295 1264 G.
1329 1201 1392 1281 1,
1422 1217 1542 1263 sec.
1580 1200 1717 1275 XV,
1750 1199 1909 1278 apud
1941 1199 2267 1263 Gottweih.
2301 1198 2523 1260 Eadem
2549 1198 2926 1260 confirmatio
2952 1207 3121 1262 extat
3149 1217 3389 1280 quoque
3415 1204 3481 1262 in
3509 1202 3645 1264 eod.
3679 1211 3824 1282 247,

1224 1308 1476 1380 Hister„
1506 1309 1572 1367 in
1599 1306 1758 1368 Bibl.
1789 1305 1956 1384 publ.
1983 1305 2433 1384 stuttgartensi.
2468 1306 2626 1367 Illud
2659 1322 2897 1384 quoque
2924 1308 3135 1368 citavit
3159 1307 3455 1380 Munna,
3492 1305 3692 1370 Gaetu.
3721 1306 3829 1368 der

1223 1408 1616 1493 Secia-mark,
1654 1431 1716 1491 p.
1751 1421 1900 1490 2¹9,
1929 1428 2007 1472 ex
2046 1411 2373 1490 Sehrotter,
2406 1408 2604 1472 Gesclt.
2634 1428 2749 1472 von
2778 1410 3061 1490 omem,
3092 1413 3214 1493 111,
3248 1421 3349 1488 50,
3389 1412 3661 1476 fraudem
3699 1431 3826 1476 non

1222 1523 1580 1600 suspicatus,
1607 1536 1762 1598 quae
1785 1519 1962 1580 tuelle
1986 1523 2049 1579 et
2073 1520 2244 1596 quasi
2272 1534 2394 1579 uno
2420 1520 2545 1580 ictu
2569 1519 2879 1581 oculorum
2905 1519 3418 1600 deprehenditur.)

1080 1709 1319 1781 Testes
1362 1717 1577 1780 sunt:
1616 1705 2064 1780 Meinhardus
2110 1727 2348 1779 comes
2379 1704 2641 1780 Goritie
2663 1760 2685 1796 ,
2728 1707 2960 1803 Peppe
2995 1707 3088 1782 de
3118 1708 3480 1803 Pekhaeh‚
3521 1712 3684 1788 Ezel
3730 1716 3824 1792 de

982 1832 1290 1906 Trevisia
1307 1885 1327 1921 ‚
1381 1832 1616 1904 Wezel
1659 1831 1750 1903 de
1795 1831 1967 1902 Graz
1985 1883 2004 1919 ,
2053 1829 2432 1902 Hertnidus
2479 1828 2570 1902 de
2615 1830 2862 1903 Pettau
2882 1883 2904 1921 ,
2958 1831 3348 1907 Asehirnus
3387 1835 3483 1909 de
3529 1837 3820 1931 Van-in,

983 1954 1282 2054 [Ulrieus
1317 1954 1409 2028 de
1439 1952 1820 2052 Wildonia]
1840 2007 1861 2045 ‚
1891 1954 2164 2027 Ulricus
2193 1951 2286 2025 de
2325 1955 2642 2028 Tewino.

1078 2082 1334 2153 Datum
1375 2100 1563 2152 anno
1595 2079 1871 2152 Domini
1917 2079 2014 2152 M.
2037 2079 2161 2152 CC.
2186 2079 2434 2171 XLIX,
2485 2080 2609 2152 XII
2641 2078 2981 2153 kalendas
3024 2080 3226 2174 maii,
3270 2081 3344 2155 in
3383 2093 3614 2159 castro
3655 2086 3825 2161 Cre·

983 2224 1191 2277 mone
1229 2201 1359 2299 (a).

1067 2377 1154 2459 (a)
1196 2381 1267 2440 In
1291 2378 1424 2439 eod.
1455 2378 1738 2442 eottwte.
1772 2375 2070 2440 oren-om.

2269 3283 2535 3347 1²1le.
