4525 6031
1053 692 1176 759 'Tm
2045 698 2471 762 vammum
2521 696 2863 760 suenum
3482 697 3647 783 [Asu.
3683 700 3861 762 1249.

1051 830 1262 901 dente
1282 832 1436 904 viro
1467 834 1797 925 magistro
1828 836 2032 908 Petro
2064 836 2155 909 de
2183 837 2314 907 Ota
2343 833 2579 926 judice
2607 832 2841 904 Sancti
2866 833 3230 924 Germani,
3267 846 3622 928 assumpto
3655 835 3862 906 etiam

1049 953 1122 1028 in
1164 957 1512 1028 notarium
1552 958 1882 1050 magistro
1926 958 2224 1032 Garaido
2260 958 2544 1055 publico
2582 957 2855 1030 notario
2903 957 3200 1028 civitatis
3247 956 3546 1044 isernie,
3599 955 3862 1027 domini

1044 1077 1479 1172 imperatoris
1531 1079 1892 1172 fidelibus,
1950 1104 2034 1154 ac
2090 1091 2352 1154 statuto
2400 1081 2469 1151 iu
2527 1101 2734 1153 causa
2788 1080 2936 1173 ipsa
2981 1089 3432 1173 procuratore
3481 1101 3610 1173 pro
3665 1089 3864 1173 parte

1040 1199 1419 1295 imperialis
1457 1205 1647 1275 curie
1679 1204 1979 1277 discreto
2026 1218 2097 1278 et
2128 1202 2321 1277 fideli
2349 1205 2499 1276 viro
2534 1205 2864 1296 magistro
2891 1204 3221 1296 Gregorio
3251 1202 3595 1275 advocato
3627 1203 3860 1273 Sancti

1038 1323 1409 1415 Germani,
1448 1326 1570 1419 qui
1607 1328 1767 1418 jura
1804 1329 1995 1400 curie
2042 1338 2353 1400 tueretur
2402 1337 2547 1400 tam
2587 1326 2888 1399 fideliter
2936 1347 3146 1420 quam
3196 1327 3606 1421 prudenter,
3652 1327 3863 1398 frater

1037 1446 1416 1521 Landulfns
1447 1450 1829 1523 monachus
1865 1452 2253 1524 casinensis
2275 1504 2294 1540 ‚
2328 1461 2735 1546 procurator
2764 1450 3093 1546 syndicus
3119 1452 3237 1522 vel
3274 1458 3465 1522 actor
3497 1449 3744 1521 decani
3789 1460 3862 1520 et

1036 1583 1425 1644 conventus
1488 1576 1888 1646 monasterii
1940 1576 2330 1648 casinensis
2400 1576 2818 1647 constitutus
2858 1585 3100 1647 contra
3154 1574 3544 1670 predictum
3605 1593 3859 1667 procu·

1036 1702 1336 1768 retorem
1369 1697 1587 1786 curie,
1635 1719 1764 1793 per
1813 1700 2124 1771 libellum
2167 1700 2522 1796 proposuit
2559 1699 2631 1771 in
2677 1700 2862 1771 hunc
2901 1700 3184 1773 modum
3228 1724 3247 1769 ε
3289 1698 3622 1793 Proponit
3646 1700 3860 1770 frater

1032 1816 1414 1891 Landulfus
1478 1822 1878 1895 monasterii
1933 1823 2321 1895 casinensis
2373 1832 2785 1918 procurator
2838 1823 3170 1918 syndicus
3209 1823 3326 1894 vel
3375 1831 3572 1893 actor
3607 1820 3857 1892 decani

1035 1948 1106 2009 et
1121 1950 1506 2012 conventus
1524 1944 1923 2015 monasterii
1952 1945 2343 2016 casinensis
2360 1944 2551 2037 quod
2569 1944 2905 2035 constitit,
2929 1942 3405 2038 procuratorio
3427 1943 3710 2015 nomine
3723 1962 3852 2037 pro

1034 2070 1232 2155 parte
1276 2064 1682 2139 eorumdem
1727 2076 1966 2137 contra
2006 2067 2413 2159 magistrum
2452 2067 2862 2159 Gregorium
2896 2067 2984 2138 de
3023 2067 3278 2138 Sancto
3313 2066 3659 2138 Germano
3690 2086 3855 2161 pro-

1034 2196 1425 2258 curatorem
1467 2188 1896 2282 imperialem
1954 2191 2145 2261 curie
2200 2212 2412 2285 super
2449 2190 2584 2261 hoc
2616 2199 2950 2262 statutum
2976 2191 3168 2284 quod
3200 2189 3514 2261 similiter
3549 2188 3860 2262 constitit

1033 2329 1162 2402 pro
1193 2319 1391 2403 parte
1425 2310 1641 2405 ipsius
1673 2312 1890 2401 curie,
1926 2312 2169 2385 dicens
2203 2314 2395 2406 quod
2437 2335 2597 2385 cum
2636 2313 2931 2407 predicti
2968 2323 3283 2385 tenerent
3314 2323 3387 2385 et
3421 2313 3859 2408 possiderent

1031 2451 1145 2504 res
1201 2433 1490 2506 inferius
1539 2434 1938 2527 designatas
2000 2438 2091 2509 ad
2151 2438 2380 2532 ipsum
2441 2448 2866 2509 conventum
2909 2439 3071 2529 Jure
3132 2436 3419 2508 dominii
3471 2436 3584 2507 vel
3654 2435 3852 2528 quasi

1030 2567 1425 2651 spectantes
1438 2610 1459 2647 ,
1497 2560 1810 2631 Taffurus
1836 2561 1925 2632 de
1960 2564 2191 2656 Capua
2239 2562 2406 2632 dum
2453 2562 2523 2631 in
2570 2562 2791 2633 Rocca
2828 2561 3072 2632 Janule
3110 2559 3509 2632 castellanie
3545 2558 3848 2630 officium

1029 2683 1438 2773 exercebat,
1484 2704 1597 2754 res
1635 2683 1821 2778 ipsas
1853 2684 2199 2756 violenter
2229 2694 2303 2755 et
2336 2695 2575 2756 contra
2610 2685 2993 2777 justitiam,
3033 2682 3394 2755 monachis
3434 2682 3650 2777 ipsius
3677 2701 3845 2752 con-

1024 2813 1278 2876 ventus
1308 2806 1543 2878 invitis
1575 2816 1645 2879 et
1680 2806 2342 2898 contradicentibuS,
2379 2807 2745 2903 occupavit
2777 2834 2794 2881 2
2832 2828 2972 2900 que
3006 2807 3190 2878 bona
3223 2805 3410 2878 dicto
3448 2805 3722 2877 Taffuro
3755 2804 3848 2876 de

1027 2929 1356 3001 mandato
1401 2930 1778 3024 imperialis
1813 2930 2241 3003 celsitudinis
2282 2939 2486 3026 capto
2521 2939 2593 3002 et
2624 2930 2826 3004 bonis
2854 2932 3006 3023 ejus
3036 2929 3358 3001 omnibus
3390 2926 3720 2998 infiscatis
3753 2924 3846 2998 ad

1023 3072 1271 3123 manus
1315 3053 1694 3148 imperialis
1736 3056 1928 3126 curie
1979 3077 2137 3126 cum
2192 3056 2395 3127 bonis
2450 3056 2601 3126 aliis
2661 3055 2974 3146 ejusdem
3028 3052 3281 3125 Taffuri
3338 3061 3837 3146 pervenerunt.

1022 3173 1251 3259 Quare
1296 3175 1471 3268 petit
1514 3176 1990 3268 procuratorio
2022 3176 2302 3248 nomine
2350 3197 2477 3270 pro
2514 3186 2709 3270 parte
2762 3175 3231 3270 predictorum
3278 3172 3526 3245 decani
3567 3183 3639 3243 et
3672 3192 3841 3244 con·

1019 3304 1298 3387 ventus,
1336 3297 1719 3367 secundum
1752 3320 2024 3370 sacrum
2068 3298 2426 3394 imperiale
2468 3300 2916 3395 rescriptum,
2967 3320 3082 3370 res
3114 3299 3299 3395 ipsas
3326 3296 3457 3369 sibi
3488 3317 3617 3392 pro
3645 3304 3842 3389 parte

1019 3418 1492 3512 predictorum
1527 3418 1777 3491 decani
1819 3431 1890 3492 et
1928 3433 2317 3493 conventus
2358 3421 2692 3514 resignari
2725 3432 2806 3494 ut
2834 3433 2942 3494 est
2972 3423 3266 3514 justum.
3318 3422 3455 3492 Res
3501 3427 3667 3491 sunt
3711 3419 3843 3490 hec

1018 3539 1268 3617 domus
1321 3542 1395 3613 in
1450 3543 1704 3614 Sancto
1757 3544 2100 3616 Germano
2141 3545 2211 3616 in
2256 3545 2531 3618 Coraria
2577 3567 2736 3617 cum
2770 3546 3125 3641 apothecis
3163 3554 3235 3617 et
3272 3545 3523 3616 balneo
3556 3542 3841 3614 inferio-

1014 3664 1207 3736 ribus
1247 3664 1705 3736 existentibus
1742 3666 1811 3736 in
1850 3666 2001 3761 ipsa
2051 3667 2260 3740 domo
2299 3670 2523 3763 posita
2559 3668 2632 3739 in
2675 3670 2907 3763 platea
2939 3668 3385 3741 Calsalarium
3420 3665 3593 3762 (sic)
3629 3666 3838 3758 juxta

1012 3788 1298 3860 domum
1317 3786 1594 3859 Henrici
1614 3790 1899 3861 Ioannis
1927 3790 2015 3862 de
2038 3790 2370 3882 Antonio,
2387 3792 2597 3884 juxta
2620 3791 2808 3862 viam
2835 3791 3187 3886 publicam
3218 3800 3290 3861 et
3312 3790 3521 3881 juxta
3547 3789 3835 3861 domum

1009 3910 1273 3983 Salvuli
1328 3911 1580 3982 Hebrei
1628 3921 1699 3983 et
1738 3913 1795 3984 si
1842 3913 1964 4008 qui
2001 3914 2118 3985 alii
2169 3923 2337 3985 sunt
2367 3911 2702 3986 confines.
2757 3914 3113 3985 Predictus
3153 3922 3389 3984 autem
3429 3921 3838 4006 procurator

1007 4035 1199 4107 curie
1230 4035 1422 4107 litem
1451 4037 1908 4108 contestando
1949 4039 2306 4109 confessus
2333 4047 2442 4109 est
2478 4037 2908 4132 imperialem
2942 4037 3203 4108 curiam
3244 4046 3478 4108 tenere
3510 4046 3583 4108 et
3606 4034 3830 4131 possi-

1004 4140 1175 4229 dere
1232 4178 1345 4231 res
1385 4158 1455 4228 in
1504 4158 1740 4230 libello
1781 4159 2204 4252 designatas,
2258 4168 2330 4231 et
2365 4181 2478 4231 res
2508 4160 2696 4255 ipsas
2729 4179 2890 4231 cum
2935 4158 3140 4231 bonis
3186 4159 3353 4231 dicti
3384 4157 3642 4231 Taffuri
3679 4156 3834 4228 aliis

1002 4277 1335 4354 infiscatis
1364 4279 1613 4354 eodem
1640 4280 1915 4352 Taffuro
1942 4280 2032 4354 de
2067 4280 2400 4353 mandato
2432 4281 2772 4377 imperiali
2817 4289 3022 4376 capto
3053 4280 3147 4353 ad
3172 4302 3422 4354 manus
3453 4279 3828 4375 imperialis

1002 4400 1193 4473 curie
1211 4399 1639 4495 pervenisse3
1674 4409 1904 4472 cetera
1924 4402 2059 4472 alia
2089 4402 2162 4471 in
2191 4401 2429 4473 libello
2461 4402 2815 4496 proposita
2840 4401 3190 4492 ignorare3
3223 4412 3294 4473 et
3312 4401 3600 4497 prestito
3620 4402 3827 4493 juxta

1002 4533 1316 4595 tenorem
1361 4520 1737 4616 imperialis
1786 4522 2297 4595 constitutionis
2336 4524 2730 4619 calumpnie
2767 4525 3193 4616 juramento,
3227 4524 3581 4619 predictus
3617 4525 3827 4595 frater

998 4645 1379 4719 Landult'us
1409 4652 1818 4739 procurator
1849 4643 2183 4739 syndicus
2203 4646 2319 4717 vel
2347 4654 2546 4735 actor
2574 4646 3046 4740 predictorum
3072 4647 3320 4720 decani
3345 4658 3419 4719 et
3439 4655 3825 4720 conventus

1004 4789 1082 4842 se
1108 4768 1564 4863 probaturum
1594 4766 1847 4840 obtulit
1881 4767 2072 4861 quod
2098 4768 2302 4859 juxta
2334 4766 2725 4863 predictum
2762 4770 3169 4842 mandatum
3203 4779 3662 4866 proposuerat
3696 4788 3822 4864 per
