4525 6031
710 689 913 748 lamet.
943 686 1035 768 8.]
1610 687 2009 749 HISTORIA
2056 686 2658 749 n1PLOMAT1cA.
3424 690 3545 750 763

810 824 886 895 In
942 822 1225 894 nomine
1249 821 1525 893 Domini
1556 821 1721 893 Jesu
1758 822 2036 914 Christi,
2095 844 2285 896 anno
2334 823 2426 895 ab
2473 823 2948 894 incarnatione
2991 824 3141 916 ejus
3184 825 3537 917 MCCLV1,

712 967 952 1017 mense
984 945 1238 1035 madii,
1275 945 1794 1039 quartedecime
1828 946 2258 1033 indictioniS,
2292 955 2628 1039 regnante
2661 946 2944 1018 domino
2975 957 3213 1019 nostro
3241 948 3543 1021 Corrado

712 1068 1021 1143 secundo
1045 1069 1168 1140 Dei
1190 1069 1409 1160 gratia
1440 1069 1871 1141 Hierusalem
1891 1070 2198 1142 etSicilie
2222 1092 2387 1161 rege
2408 1079 2479 1141 et
2507 1070 2686 1141 duce
2711 1069 2965 1141 Suevie
2992 1091 3179 1141 anno
3199 1072 3536 1161 secunde,

711 1192 1003 1265 feliciter
1038 1214 1269 1264 amen.
1330 1192 1473 1263 Nos
1511 1191 1919 1265 'thomasius
1949 1194 2236 1266 Gentilis
2272 1214 2521 1286 magne
2572 1193 2760 1284 regie
2794 1201 2864 1263 et
2903 1192 3303 1288 principalis
3350 1194 3541 1266 curie

710 1316 1042 1409 magister
1059 1316 1473 1408 justitiarius
1514 1325 1586 1387 et
1620 1317 1946 1388 Nicolaus
1973 1318 2062 1389 de
2089 1318 2318 1388 Trano
2348 1315 2660 1407 ejusdem
2694 1316 2884 1386 curie
2907 1316 3136 1406 judex
3154 1369 3172 1405 ,
3200 1319 3540 1410 presentis

709 1439 946 1534 scripti
983 1439 1161 1510 serie
1198 1437 1634 1511 declaramus
1665 1441 1857 1533 quod
1884 1462 2044 1511 cum
2074 1441 2240 1513 olim
2272 1440 2766 1513 denunciatum
2803 1448 2984 1509 esset
3015 1460 3142 1534 per
3178 1439 3539 1513 dominum

706 1562 1080 1655 Rogerium
1131 1573 1651 1657 procuratorem
1693 1574 1774 1635 ut
1809 1564 2120 1636 constitit
2152 1563 2434 1636 domine
2468 1561 2883 1655 Rigandasie
2916 1562 3157 1633 uxoris
3184 1565 3537 1656 quondam

710 1685 973 1758 domini
1008 1685 1167 1756 Julii
1212 1686 1301 1757 de
1352 1685 1672 1777 Anglona
1719 1687 2001 1759 domino
2046 1687 2352 1758 Roberto
2385 1686 2475 1757 de
2524 1687 3016 1781 Petrapervata
3056 1683 3160 1783 (a)
3206 1697 3275 1758 et
3314 1688 3536 1780 judici

705 1811 909 1882 Petro
942 1809 1031 1881 de
1068 1810 1408 1900 Potentia,
1448 1810 1722 1882 statutis
1751 1833 1879 1905 per
1917 1811 2350 1906 imperialem
2386 1809 2875 1881 excellentiam
2923 1810 3536 1902 reintegratoribus

709 1934 1075 2006 feudorum
1107 1934 1179 2004 in
1213 1933 1641 2028 capitanata,
1684 1935 1875 2026 quod
1910 1935 2129 2006 abbas
2162 1943 2233 2005 et
2268 1943 2655 2005 conventus
2691 1934 3091 2005 monasterii
3123 1935 3373 2006 Sancte
3396 1938 3534 2007 He-

709 2057 866 2129 lene
898 2054 1007 2153 (l)
1051 2078 1179 2151 pro
1211 2068 1410 2151 parte
1442 2058 1658 2153 ipsius
1694 2057 2095 2130 monasterii
2131 2058 2465 2128 tenebant
2497 2067 2565 2128 et
2589 2056 3041 2151 possidebant
3070 2059 3298 2129 casale
3334 2060 3532 2131 Mon-

709 2179 795 2251 tis
826 2180 1014 2251 Calvi
1047 2189 1118 2251 et
1143 2181 1369 2251 casale
1397 2181 1760 2253 Tonniculi
1793 2204 1953 2253 cum
1988 2180 2384 2253 tenimentis
2416 2202 2657 2252 eorum
2687 2201 2826 2272 que
2860 2189 3061 2251 erant
3086 2181 3176 2252 de
3209 2181 3533 2254 demanio

707 2303 913 2374 castri
941 2302 1244 2392 Laureti,
1282 2303 1473 2395 quod
1503 2313 1807 2376 castrum
1837 2315 1941 2377 est
1964 2305 2275 2400 predicte
2314 2303 2592 2375 domine
2610 2301 3025 2394 Rigandasie
3052 2314 3122 2374 et
3141 2305 3535 2398 specialiter

707 2425 800 2498 ad
833 2427 1118 2498 feudum
1149 2427 1368 2522 ipsius
1400 2427 1607 2499 castri
1644 2437 1715 2499 et
1741 2426 1833 2498 ad
1866 2427 2084 2522 ipsam
2109 2427 2467 2500 dominam
2483 2426 2971 2518 Rigandasiam
2992 2427 3202 2521 pleno
3221 2429 3408 2519 jure,
3448 2451 3531 2501 ac

707 2559 977 2645 peteret
997 2551 1184 2622 idem
1212 2562 1620 2646 procurator
1646 2573 1774 2647 pro
1798 2561 1993 2646 parte
2022 2552 2239 2647 ipsius
2267 2550 2549 2623 domine
2579 2560 2829 2622 cuncta
2851 2551 3104 2622 casalia
3131 2572 3174 2621 a
3201 2553 3531 2646 predictis

585 2710 592 2715 ·
706 2674 959 2746 abbate
1014 2684 1087 2746 et
1137 2687 1490 2748 conventu
1543 2676 1674 2748 sibi
1714 2676 1981 2749 restitui
2024 2685 2096 2748 et
2129 2676 2357 2772 ipsum
2391 2674 2679 2746 feudum
2711 2674 2916 2746 castri
2960 2675 3238 2746 Laureti
3271 2676 3528 2748 reinte-

703 2798 915 2890 grari,
948 2819 1107 2870 cum
1138 2798 1399 2872 diceret
1429 2799 1657 2895 ipsum
1692 2822 1843 2872 esse
1874 2799 1964 2871 de
1993 2799 2195 2871 dictis
2226 2798 2570 2871 casalibus
2585 2797 3000 2870 diminutum
3019 2851 3040 2887 ,
3070 2798 3528 2892 reintegrato-

704 2942 816 2994 res
865 2923 1160 3019 predicti
1205 2934 1485 3019 recepta
1532 2924 1844 3019 predicta
1881 2923 2418 2996 denunciatione
2449 2922 2809 2996 dominum
2843 2922 3167 2994 Milonem
3203 2922 3529 2994 abbatem

704 3042 997 3136 predicti
1056 3044 1457 3117 monasterii
1504 3054 1576 3116 et
1620 3054 2042 3116 conventum
2093 3043 2305 3115 citare
2358 3044 2675 3115 fecerunt
2717 3053 2798 3113 ut
2835 3063 2964 3137 pro
3013 3063 3087 3113 se
3123 3052 3532 3137 procurator

707 3165 1014 3239 sindicus
1040 3168 1152 3239 vel
1188 3177 1382 3240 actor
1414 3167 1838 3239 sufficienter
1859 3167 2235 3237 instructus
2275 3187 2510 3238 coram
2545 3166 2645 3238 eis
2679 3166 2754 3237 in
2787 3173 2978 3237 certo
3012 3165 3306 3236 termino
3337 3187 3529 3237 com-

705 3300 1012 3385 pareret,
1051 3300 1131 3362 ut
1159 3300 1456 3384 utraque
1483 3299 1681 3387 parte
1710 3312 1920 3385 super
1951 3291 2199 3362 eadem
2227 3287 2763 3361 denunciatione
2796 3283 3167 3385 [litigante]
3190 3287 3528 3383 procede-

704 3421 899 3484 retur
927 3424 1008 3485 ιιι
1040 3414 1440 3487 deberetur.
1486 3416 1566 3487 In
1606 3435 1747 3509 quo
1786 3413 2081 3486 termino
2116 3412 2507 3507 comparuit
2548 3433 2785 3484 coram
2825 3411 2926 3483 eis
2972 3410 3295 3484 dominus
3326 3412 3527 3483 Enri-

703 3558 827 3608 cus
860 3538 1242 3610 monachus
1277 3538 1445 3611 dicti
1488 3539 1913 3629 monasterii,
1951 3547 2362 3633 procurator
2392 3536 2701 3610 sindicus
2740 3538 2854 3609 vel
2895 3546 3089 3609 actor
3123 3559 3161 3609 a
3203 3537 3530 3631 predictis

706 3662 959 3733 abbate
993 3672 1062 3734 et
1106 3672 1457 3734 conventu
1507 3662 1813 3755 legitime
1866 3661 2281 3734 constitutus
2314 3669 2396 3731 ut
2427 3660 2760 3749 constitit,
2808 3668 2881 3731 et
2932 3661 3116 3732 facta
3155 3660 3285 3731 sibi
3331 3661 3530 3755 copia

706 3783 1260 3858 denunciationis
1292 3786 1733 3881 precedentis
1764 3795 1833 3857 et
1861 3785 2110 3858 oblatis
2146 3783 2565 3880 quibusdam
2602 3782 2911 3855 articulis
2954 3782 3046 3854 ad
3089 3783 3528 3876 probandum

704 3929 746 3980 a
779 3918 1227 4003 procuratore
1269 3907 1581 4004 predicte
1614 3909 1894 3982 domine
1923 3931 2050 4004 per
2081 3907 2274 4002 quod
2304 3907 2710 3978 intendebat
2737 3906 3154 3977 denunciata
3184 3907 3482 4001 probare
3502 3960 3523 3999 ‚

701 4053 831 4127 per
887 4032 1425 4125 reintegratores
1485 4032 1770 4106 eosdem
1817 4033 1949 4104 fuit
2002 4033 2188 4104 idem
2240 4030 2536 4102 Enricus
2581 4030 3043 4122 interrogatus
3089 4030 3180 4101 de
3234 4030 3527 4101 veritate

704 4154 999 4228 dicenda
1024 4208 1047 4248 ,
1092 4157 1435 4252 corporali
1485 4156 1678 4251 prius
1733 4157 1824 4228 ab
1861 4155 2111 4228 eodem
2153 4152 2570 4226 auctoritate
2610 4151 2734 4223 Dei
2788 4152 3186 4243 evangelica
3239 4153 3526 4246 prestito

699 4278 1100 4370 juramento
1120 4332 1141 4371 ‚
1189 4289 1259 4352 et
1297 4280 1653 4352 confessus
1689 4289 1798 4351 est
1838 4278 2072 4352 omnia
2121 4287 2191 4350 et
2226 4277 2499 4369 singula
2536 4275 2771 4369 quein
2808 4273 3120 4371 predicta
3151 4275 3527 4349 denuncia-

787 4468 870 4549 (a)
914 4470 1322 4533 verisimiliter
1348 4471 1839 4552 Pietrapmnata.

778 4786 849 4861 (ι)
883 4786 1101 4847 scilicet
1119 4789 1299 4847 santa
1324 4790 1497 4848 Elem
1521 4792 1584 4847 in
1610 4791 1897 4849 Panemo.
