4525 6031
647 676 854 740 mm.
885 674 981 756 5.]
1539 669 1937 734 msromA
1984 670 2582 735 υιΡιοΜΑτιοΑ.
3356 671 3484 734 sss

815 836 1066 918 (Inedit.
1092 851 1172 897 cx
1198 831 1462 912 quodam
1493 832 1834 912 apographo
1851 850 1970 895 sec.
1997 833 2111 896 XV
2136 835 2378 895 ineunte
2404 841 2680 907 exarato,
2711 837 2880 912 cujus
2903 835 3134 912 copiam
3157 834 3481 896 Boehmero

889 940 1030 1003 fecit
1080 939 1438 1003 reverendus
1489 940 1583 1000 vir
1637 939 1947 1001 Lehmann
2000 941 2156 1019 apud
2205 941 2264 1001 N
2267 941 2507 1002 ussdorf
2530 944 2707 1020 Juxta
2747 940 2995 1001 Landau
3014 985 3033 1020 ‚
3081 946 3141 1001 ct
3180 958 3312 1002 eam
3353 944 3483 1022 ipse

889 1044 1253 1110 Boehmcrm
1276 1045 1583 1107 nobiscum
1613 1045 1932 1107 liberanter
1957 1046 2468 1127 communicavit.)

749 1234 1147 1324 Cunradus,
1182 1233 1328 1306 divi
1374 1231 1650 1324 augusti
1693 1232 2129 1327 imperatoris
2176 1232 2393 1323 filius,
2448 1234 2577 1305 Dei
2622 1233 2843 1327 gratia
2911 1234 3377 1305 Romanorum
3409 1234 3481 1304 in

652 1380 894 1453 regem
940 1360 1241 1447 electus,
1285 1377 1560 1451 semper
1606 1365 1942 1449 augustus
1984 1366 2055 1429 et
2106 1356 2312 1428 heres
2356 1358 2552 1450 regni
2590 1356 2993 1430 Jerusalem.
3027 1357 3292 1428 Tenore
3321 1377 3485 1451 pre·

655 1483 968 1556 sencium
1026 1490 1270 1554 notum
1317 1478 1608 1552 facimus
1664 1478 2009 1552 universis
2073 1479 2264 1573 quod
2308 1501 2481 1571 nos,
2516 1479 2607 1552 ad
2642 1481 2932 1551 multam
2965 1478 3488 1574 supplicationis

653 1606 1051 1679 instantiam
1098 1605 1209 1676 Fr.
1262 1604 1532 1676 comitis
1574 1602 1662 1675 de
1708 1603 2103 1699 Lyningen,
2160 1603 2396 1676 dilecti
2460 1603 2816 1676 familiaris
2856 1613 2925 1675 et
2972 1601 3196 1675 fidelis
3228 1603 3482 1693 nostri,

653 1731 1100 1806 concedimus
1155 1729 1220 1802 ei
1269 1730 1509 1801 villam
1568 1751 1706 1822 que
1761 1727 2014 1802 dicitur
2078 1729 2311 1800 Sancti
2360 1728 2580 1820 Pauli,
2628 1750 2845 1825 prope
2889 1729 3377 1820 Wissenburg,
3411 1727 3485 1799 in

655 1849 1067 1946 Spirigovia,
1105 1860 1177 1922 et
1202 1848 1436 1921 omnia
1474 1847 1775 1920 feodalia
1803 1869 1940 1942 que
1967 1847 2303 1920 hactenus
2347 1848 2570 1920 tenuit
2599 1870 2640 1920 a
2667 1848 2868 1921 nobis
2895 1847 3250 1942 quondam
3276 1849 3355 1919 B.
3395 1847 3487 1920 de

654 1973 1235 2068 Wedeglenbert‚
1290 1973 1412 2067 qui
1466 1972 1618 2044 sine
1670 1971 1906 2044 liberis
1972 1971 2227 2044 dicitur
2285 1971 2663 2063 decidisse,
2720 1993 2945 2064 usque
2987 1970 3079 2043 ad
3107 1970 3487 2066 principale

658 2099 1064 2172 mandatum
1096 2096 1517 2170 serenissimi
1542 2095 1807 2168 Cesaris
1827 2095 2090 2168 domini
2121 2095 2337 2191 patris
2366 2095 2612 2167 nostri.

751 2225 1002 2295 Datum
1033 2222 1222 2318 apud
1249 2221 1686 2314 Esselingen‚
1719 2220 1811 2292 IX
1839 2221 2108 2313 marcii,
2140 2222 2202 2293 V
2229 2220 2409 2316 ydus
2445 2217 2573 2316 (a).

1448 2717 1673 2781 ANNO
1718 2717 1924 2781 1248.
1959 2753 2040 2766 —
2080 2718 2571 2782 INDICTIONE
2618 2719 2681 2781 6.

762 3063 956 3146 Istos
991 3064 1410 3147 haereticos
1458 3063 1730 3170 [Hallis
1765 3065 1846 3146 in
1884 3064 2190 3169 Suevia]
2231 3064 2420 3148 fovit
2461 3074 2537 3147 et
2580 3064 2920 3148 defendit
2967 3066 3361 3149 Conradus
3410 3078 3489 3151 et

655 3203 952 3304 patrem
987 3220 1217 3277 suum
1255 3221 1336 3278 se
1373 3221 1509 3305 per
1544 3196 1728 3278 talia
1760 3222 2052 3280 venena
2094 3197 2415 3279 credidit
2464 3197 2889 3281 defensare.
2925 3198 3075 3281 Sed
3110 3226 3232 3282 res
3269 3200 3487 3309 lapsa

655 3334 772 3409 est
806 3326 888 3407 in
924 3327 1426 3435 contrarium,
1484 3328 1668 3437 quia
1711 3327 2103 3412 catholicis
2147 3330 2795 3437 praedicatoribus
2842 3331 3200 3414 audacter
3246 3333 3486 3415 resis-

654 3458 991 3542 tentibus
1028 3468 1104 3541 et
1138 3459 1405 3543 fideles
1436 3460 2050 3569 exhortantibuS,
2092 3461 2313 3544 liberi
2358 3472 2433 3544 et
2472 3461 3007 3545 ministeriales
3050 3489 3097 3545 a
3135 3463 3486 3549 Conrado

653 3599 1155 3696 recesserunt,
1190 3592 1296 3674 ita
1334 3592 1543 3703 quod
1581 3593 1803 3703 quasi
1840 3592 2016 3681 exul
2051 3603 2126 3676 et
2162 3593 2540 3705 profugus
2577 3595 2673 3677 de
2709 3595 2985 3678 Suevia
3023 3596 3104 3677 in
3142 3596 3486 3683 Bawaria

656 3733 1118 3809 moraretur.
1162 3727 1441 3808 Albert.
1489 3726 1870 3808 stadensis
1909 3725 2293 3834 chronic„
2334 3727 2430 3809 ad
2474 3753 2656 3809 ann.
2708 3730 2945 3811 1248.

768 4201 1204 4308 ConraduS,
1254 4201 1333 4281 in
1381 4201 1912 4284 Romanorum·
1949 4225 2209 4310 regem
2259 4198 2579 4304 electuS,
2632 4201 3151 4309 possessiones
3198 4209 3273 4283 et
3310 4200 3489 4310 jura

659 4334 921 4418 omnia
953 4333 1392 4416 monasterii
1431 4333 1512 4413 in
1547 4333 2043 4442 Weingarten
2095 4332 2526 4436 confirmat,
2570 4341 2739 4414 tum
2788 4334 2883 4417 de
2927 4333 3101 4443 jure
3146 4360 3487 4416 censua-

659 4466 851 4550 lium
912 4466 1068 4548 sive
1137 4465 1718 4550 morticinorum
1782 4464 2126 4574 ejusdem
2183 4463 2542 4547 ecelesiae
2560 4526 2585 4573 ,
2634 4476 2801 4548 tum
2859 4466 2957 4549 de
3021 4467 3195 4575 J'ure
3263 4490 3490 4574 super

660 4598 1065 4683 novalibus
1101 4598 1182 4681 in
1220 4598 1436 4710 sylva
1472 4596 1886 4682 Altorfensi
1922 4596 2267 4680 excultis,

745 4785 830 4866 (a)
873 4788 1198 4850 Evidentcr
1223 4786 1538 4867 legendum
1565 4793 1627 4848 et
1650 4785 2099 4866 intelligendum
2122 4792 2213 4848 est
2254 4786 2307 4848 V
2325 4783 2658 4849 indictione.

3629 4224 3822 4274 uguutae

3624 4275 3676 4317 10
3694 4276 3822 4318 maii.
