4525 6031
651 600 853 658 lnmcr.
887 597 979 672 5.]
1551 591 1951 653 msTomA
1999 591 2606 654 DIPLOMATICA.
3363 594 3485 656 563

748 734 827 804 In
872 728 1154 803 nomine
1194 725 1321 797 Dei
1368 728 1623 814 eterni,
1665 749 1896 799 amen.
1934 726 2141 799 Anno
2192 725 2539 799 dominice
2581 726 3076 799 incarnationis
3120 728 3487 801 millesimo

653 854 1132 927 ducentesimo
1179 850 1710 943 quadragesimo
1758 849 2051 943 septimo
2075 903 2096 940 ,
2135 871 2373 921 mense
2417 851 2729 943 augusti,
2767 850 3008 943 quinte
3049 851 3480 944 indictioniS,

652 979 1040 1074 imperante
1079 974 1366 1047 domino
1413 984 1651 1044 nostro
1693 973 2061 1045 Frederico
2098 973 2224 1044 Dei
2266 974 2490 1066 gratia
2533 974 2981 1045 invictissimo
3018 974 3487 1051 Romanorum

653 1103 1072 1196 imperatore
1104 1119 1381 1191 semper
1406 1106 1729 1189 augusto,
1757 1097 2188 1167 Hierusalem
2218 1105 2291 1167 et
2319 1096 2546 1168 Sicilie
2570 1096 3059 1189 gloriosissimo
3092 1119 3282 1189 rege,
3303 1120 3490 1173 anno

654 1224 926 1320 imperii
965 1222 1280 1314 ejusdem
1325 1220 1657 1292 vicesimo
1694 1220 1988 1314 septimo
2024 1220 2343 1309 feliciter,
2384 1242 2616 1291 amen.
2655 1221 2796 1291 Nos
2831 1220 3189 1315 Philippus
3227 1221 3315 1292 de
3359 1222 3488 1294 Ca·

657 1347 919 1435 thania,
945 1344 1322 1440 imperialis
1352 1344 1679 1436 magister
1702 1344 2123 1415 camerarius
2154 1344 2225 1413 in
2259 1344 2490 1416 Sicilia
2522 1344 2695 1416 citra
2726 1344 2987 1415 flumen
3012 1345 3489 1439 Salsum,'pre·

657 1471 836 1543 senti
863 1471 1120 1564 scripto
1146 1477 1393 1540 notum
1426 1468 1717 1538 facimus
1744 1467 2086 1538 universis
2111 1467 2305 1560 quod
2330 1489 2490 1538 cum
2520 1488 2829 1539 essemus
2857 1468 3045 1561 apud
3073 1469 3490 1541 Panormum

657 1616 783 1690 pro
826 1593 1125 1666 servitiis
1169 1591 1640 1686 imperialibus
1681 1591 2150 1683 exequendis,
2187 1592 2536 1663 assidente
2583 1591 2785 1663 nobis
2834 1592 3164 1684 magistro
3205 1592 3491 1664 Nicolao

658 1717 747 1789 de
780 1716 949 1789 Asta
986 1715 1362 1810 imperialis
1395 1715 1585 1786 curie
1609 1715 1846 1807 judice
1869 1767 1889 1803 ,
1929 1725 2000 1786 et
2042 1716 2325 1787 domino
2357 1715 2723 1786 Guillelmo
2755 1714 2846 1786 de
2876 1716 3221 1787 Panormo
3253 1717 3485 1788 Bicca-

658 1841 846 1913 rensi
878 1840 1213 1911 canonico
1246 1848 1529 1934 petente
1561 1861 1603 1909 a
1635 1838 1836 1909 nobis
1869 1838 1997 1909 sibi
2031 1839 2206 1909 solvi
2241 1838 2546 1911 decimas
2578 1838 2850 1911 debitas
2883 1839 3014 1932 ipsi
3050 1840 3316 1910 ratione
3354 1841 3491 1911 Pa-

659 1965 1047 2038 normitane
1075 1963 1315 2034 matris
1342 1962 1635 2034 ecclesie
1668 1962 1757 2033 de
1786 1962 2240 2057 proventibus
2273 1971 2589 2035 veterum
2631 1962 3089 2058 imperialium
3118 1963 3491 2038 demanio-

660 2110 818 2158 rum
865 2097 1049 2158 terre
1092 2085 1390 2157 Biccaris
1427 2085 1522 2157 ad
1557 2085 1861 2157 officium
1902 2095 2219 2156 nostrum
2264 2085 2728 2179 spectantium
2764 2108 2891 2180 pro
2926 2107 3112 2158 anno
3145 2088 3487 2182 presenti,

661 2209 902 2303 quinte
934 2207 1368 2298 indictionis,
1405 2208 1584 2279 sicut
1615 2227 1734 2279 eas
1772 2207 2132 2279 retroactis
2167 2209 2596 2304 temporibus
2632 2208 2818 2279 idem
2851 2208 3175 2280 dominus
3205 2210 3491 2283 Guillel·

662 2354 818 2404 mus
860 2333 1218 2427 percipere
1260 2331 1623 2404 consuevit
1660 2329 1749 2401 de
1789 2329 2242 2426 proventibus
2292 2331 2495 2426 ipsis,
2550 2331 2907 2426 imperiale
2948 2334 3356 2405 mandatum
3401 2334 3492 2407 de

664 2455 1015 2528 solvendis
1051 2455 1339 2527 decimis
1375 2455 1660 2549 prelatis
1693 2455 2141 2526 ecclesiarum
2186 2463 2258 2526 et
2288 2454 2556 2525 clericis
2587 2455 2790 2526 nobis
2826 2456 3086 2526 factum
3121 2457 3493 2530 observare

662 2579 1012 2667 volenteS,
1050 2578 1378 2649 videlicet
1430 2576 1623 2671 quod
1667 2598 1710 2648 a
1754 2577 2037 2671 prelatis
2087 2585 2160 2648 et
2205 2577 2360 2648 aliis
2403 2577 2673 2648 clericis
2715 2578 3214 2668 jurisdictionis
3256 2590 3492 2653 nostre

662 2700 1011 2795 predictas
1043 2699 1348 2771 decimas
1380 2700 1615 2772 exolvi
1649 2699 1778 2770 sibi
1810 2699 2207 2794 petentibus
2245 2700 2693 2794 probationes
2726 2702 3077 2795 requirere
3111 2702 3492 2776 debeamus

663 2824 855 2919 quod
893 2834 1204 2917 tempore
1241 2823 1472 2896 obitus
1509 2823 1750 2895 matris
1782 2823 2094 2916 ejusdem
2137 2823 2402 2895 domini
2445 2825 2667 2897 nostri
2706 2825 3203 2898 recordationis
3234 2828 3491 2924 inclyte

665 2955 735 3019 et
763 2947 1022 3020 abinde
1045 2968 1267 3040 usque
1294 2946 1578 3019 nuncin
1606 2944 1892 3041 pacifica
1920 2947 2354 3043 possessione
2381 2947 2641 3019 fuerint
2660 2948 3125 3042 perceptionis
3154 2949 3485 3044 ipsarum,

664 3091 707 3142 a
734 3070 1049 3166 predicto
1081 3070 1365 3141 domino
1398 3071 1766 3142 Guillelmo
1797 3092 2009 3165 super
2039 3071 2370 3166 predictis
2412 3071 2698 3143 decimis
2730 3072 2820 3142 ab
2852 3093 2936 3144 eo
2970 3074 3204 3166 petitis
3234 3075 3488 3169 proba-

662 3193 888 3266 tiones
915 3193 1314 3286 huJusmodi
1342 3193 1830 3286 requisivimus
1863 3195 2238 3266 faciendae.
2284 3194 2417 3278 Qui
2452 3194 2544 3266 ad
2573 3195 3010 3289 probandum
3041 3196 3131 3268 de
3166 3198 3323 3289 jure
3364 3218 3493 3270 suo

663 3337 874 3410 super
903 3316 1232 3411 predictis
1264 3316 1551 3389 decimis
1586 3318 2035 3411 quamplures
2069 3325 2280 3389 testes
2311 3318 2646 3412 produxit
2680 3339 2916 3391 coram
2949 3320 3279 3411 magistro
3309 3321 3492 3395 Mar·

664 3439 812 3512 tino
852 3439 942 3511 de
981 3438 1410 3511 Calathafimi
1453 3441 1689 3532 judice
1737 3449 2220 3512 contractuum
2266 3441 2340 3512 in
2385 3442 2728 3514 Panormo
2777 3452 2850 3514 et
2890 3443 3222 3535 magistro
3243 3445 3494 3518 Iuncta

662 3561 945 3656 publico
986 3561 1358 3654 tabellione
1396 3562 1712 3655 ejusdem
1755 3572 1963 3652 terre,
1995 3562 2248 3657 quibus
2281 3584 2492 3657 super
2527 3561 2663 3635 hoc
2705 3583 2834 3657 pro
2876 3574 3073 3659 parte
3119 3565 3495 3659 imperialis

665 3684 857 3756 curie
915 3684 1384 3757 commisimus
1442 3685 1670 3756 vicem
1732 3694 2068 3758 nostram.
2123 3686 2435 3770 Quorum
2493 3685 2769 3757 testium
2833 3685 3302 3782 depositiones
3364 3688 3495 3761 suh

665 3807 907 3899 sigillis
939 3807 1414 3903 predictorum
1441 3817 1512 3881 et
1528 3807 1913 3906 ‚imperialis
1948 3808 2139 3881 curie
2173 3809 2562 3903 recepimus
2595 3818 3049 3904 presentatus.
3087 3813 3229 3883 Nos
3260 3825 3493 3886 antem

665 3932 787 4023 qui
822 3952 1032 4027 supra
1066 3932 1398 4024 magister
1423 3933 1878 4021 camerarius,
1914 3933 2081 4026 ipsis
2109 3932 2656 4027 depositionibus
2688 3932 3056 4025 publicatis
3085 3945 3156 4005 et
3186 3936 3494 4029 ipsarum

666 4053 971 4124 efficacia
1003 4055 1371 4145 diligenter
1400 4055 1712 4148 inspecta
1749 4076 1830 4126 ac
1857 4054 2139 4126 demum
2169 4054 2410 4127 habito
2443 4076 2652 4149 super
2680 4055 2848 4148 ipsis
2883 4056 3170 4127 consilio
3202 4057 3494 4151 diligen·

669 4184 799 4266 ter,
842 4174 1008 4268 quia
1042 4174 1437 4248 invenimus
1473 4177 1736 4249 dictum
1767 4178 2124 4250 dominum
2169 4178 2615 4250 Guillelmum
2647 4177 2737 4249 de
2768 4179 3110 4251 Panormo
3143 4180 3490 4254 sufficien-

671 4307 778 4370 ter
810 4299 1142 4392 probasse
1173 4300 1366 4392 quod
1397 4301 1547 4395 ipse
1589 4313 1662 4374 et
1704 4302 2230 4398 predecessores
2262 4301 2370 4373 sui
2400 4311 2711 4396 tempore
2746 4302 2975 4374 obitus
3009 4304 3168 4376 dive
3203 4319 3494 4399 auguste

668 4421 1126 4516 imperatricis
1165 4424 1562 4496 Constantie
1609 4425 1848 4497 matris
1895 4426 2157 4498 domini
2201 4426 2421 4497 nostri
2466 4425 2684 4498 felicis
2720 4427 3051 4499 memorie
3098 4438 3169 4499 et
3204 4429 3294 4500 ab
3329 4430 3493 4502 inde

670 4563 895 4639 usque
925 4566 1118 4617 nuno
1142 4547 1424 4620 fuerunt
1454 4549 1526 4619 in
1557 4546 1843 4644 pacifica
1876 4549 2312 4644 possessione
2346 4550 2461 4621 vel
2494 4550 2691 4643 quasi
2718 4550 3163 4645 perceptione
3195 4551 3497 4625 decima·

671 4691 829 4739 rum
858 4669 1358 4765 predictarum,
1389 4673 1830 4769 permisimus
1872 4672 2135 4745 dictum
2175 4672 2536 4745 dominum
2578 4674 3019 4745 Guillelmum
3050 4675 3184 4746 frui
3216 4686 3287 4749 et
3321 4698 3491 4770 gau-
