4525 6031
643 591 847 657 umor.
877 591 973 674 6.]
1214 590 1221 591 ἢ
1534 587 1931 653 msronm
1979 583 2577 653 nmmum-mn.
3350 582 3467 649 591

643 736 717 803 te
745 731 1073 802 volumus
1102 727 1295 822 quod
1319 747 1480 799 cum
1506 724 1782 799 firmum
1812 725 2245 822 propositum
2278 723 2660 797 habeamus
2687 721 2991 795 eundem
3017 718 3238 792 filium
3275 729 3473 793 tuum

646 856 719 924 et
762 851 938 924 alios
990 848 1236 923 fideles
1281 858 1556 923 nostros
1615 868 1743 946 per
1780 849 2194 921 Parmenses
2244 847 2640 942 proditores
2697 854 2974 917 nostros
3018 842 3337 915 detentos
3396 840 3472 912 in

642 974 969 1071 proximo
1003 974 1325 1064 liberare,
1358 974 1461 1046 sic
1495 995 1536 1045 e
1569 972 1867 1065 vestigio
1892 990 2022 1066 pro
2047 969 2366 1063 ejusdem
2395 966 2518 1039 filii
2554 968 2656 1039 tui
2686 966 3096 1039 liberatione
3124 962 3473 1036 favorabi-

644 1099 805 1171 liter
842 1098 1288 1172 intendemus
1303 1151 1323 1190 ,
1367 1097 1547 1171 sicut
1586 1098 1677 1171 de
1717 1097 1989 1192 reliquo
2027 1094 2167 1168 alio
2182 1148 2202 1187 ,
2242 1112 2455 1188 quem
2494 1092 2883 1167 chariorem
2928 1088 3132 1163 nobis
3172 1087 3472 1160 existere

644 1228 1075 1320 reputamus.

754 1804 1094 1891 Potestas
1109 1868 1135 1915 ‚
1186 1809 1469 1892 milites
1525 1818 1605 1891 et
1656 1807 1988 1917 populus
2038 1808 2474 1891 Parmensis
2525 1806 2876 1917 potestati
2890 1866 2915 1915 ,
2968 1804 3341 1889 militibus
3398 1814 3477 1888 et
3557 1826 3868 1930 [ww

648 1939 932 2046 populo
967 1940 1508 2026 Mediolanensi
1553 1941 1910 2025 nuntiant
1951 1942 2372 2052 quomodo,
2398 1938 2758 2023 Friderici
2806 1938 3286 2049 imperatoris
3333 1962 3476 2021 co-

648 2070 797 2180 piis
857 2073 1169 2156 devictis
1184 2134 1208 2177 ‚
1249 2098 1427 2157 eum
1465 2073 1566 2157 ab
1599 2073 1998 2157 obsidione
2045 2073 2260 2157 urbis
2307 2096 2491 2156 suae
2526 2071 2980 2181 repulerint,
3018 2078 3477 2181 precantur·—

650 2226 803 2313 que
837 2215 925 2287 ut
960 2207 1062 2289 ad
1096 2231 1326 2289 suum
1381 2206 1754 2290 auxilium
1808 2207 1974 2289 sine
2021 2228 2241 2288 mora
2288 2207 2682 2313 accedant,
2721 2229 2900 2287 cum
2951 2204 3034 2286 in
3079 2204 3205 2288 via
3239 2226 3476 2314 quam

650 2334 854 2420 Deus
890 2338 1201 2448 aperuit·
1219 2334 1540 2422 ulterius
1594 2336 1998 2448 procedere
2033 2335 2295 2421 velint.

814 2564 1006 2643 (Edit.
1035 2582 1135 2646 ap.
1170 2566 1376 2630 ΜΑπ.
1404 2566 1643 2645 Ρηιε.,
1671 2565 1829 2629 Hm.
1858 2567 2001 2649 maj.
2029 2561 2306 2648 Astylon,
2335 2562 2670 2640 Additum„
2697 2582 2760 2644 p.
2796 2563 2968 2644 10⁴1.)

749 2767 1065 2839 Strenuis
1099 2777 1171 2840 et
1201 2768 1663 2862 prudentibus
1687 2767 1857 2838 viris
1896 2766 2183 2839 domino
2211 2760 2582 2838 Bonefacio
2622 2764 2713 2837 de
2757 2765 2899 2837 Sal.
2941 2818 2960 2836 .
2994 2815 3014 2836 .
3053 2818 3073 2837 .
3110 2766 3470 2860 potestati,

653 2889 986 2962 militibus
1014 2899 1086 2962 et
1111 2892 1370 2986 populo
1402 2890 1931 2982 Mediolanensi,
1963 2889 2321 2985 Philippus
2348 2887 2841 2962 vicedominus
2867 2897 3202 2983 potestas,
3222 2888 3478 2962 milites

653 3023 724 3087 et
753 3015 1058 3111 populus
1088 3015 1476 3088 Parmensis
1507 3018 1805 3088 salutem
1834 3036 1998 3088 cum
2036 3014 2256 3108 gloria
2304 3025 2376 3087 et
2410 3014 2701 3087 honore.
2733 3012 3004 3087 Laudes
3033 3014 3478 3087 retribuimus

651 3139 801 3211 Deo
828 3140 1013 3211 Patri
1036 3139 1351 3233 Filioque
1387 3161 1514 3212 suo
1537 3140 1835 3212 Domino
1869 3149 2110 3213 nostro
2125 3140 2289 3211 Iesu
2314 3138 2581 3211 Christo
2608 3147 2682 3210 et
2704 3139 2986 3233 Spiritui
3011 3140 3265 3212 Sancto
3297 3141 3479 3214 trino

652 3262 803 3335 Deo
836 3272 910 3334 et
939 3263 1063 3334 uni
1102 3264 1449 3355 majestati
1483 3272 1557 3336 et
1587 3262 1854 3355 Virgini
1895 3263 2196 3356 gloriose
2235 3283 2374 3356 que
2405 3283 2550 3334 non
2580 3271 2868 3356 propter
2897 3271 3294 3335 nostrorum
3324 3263 3477 3335 exi·

651 3386 960 3479 gentiam
990 3388 1422 3479 meritorum,
1445 3389 1571 3461 sed
1600 3398 1885 3483 propter
1908 3408 2106 3459 suam
2135 3385 2739 3458 clementissimam
2766 3386 3097 3481 pietatem
3129 3385 3479 3458 civitatem

654 3521 966 3582 nostram
1012 3512 1315 3605 protegit
1358 3520 1431 3584 et
1469 3511 1817 3601 defendit,
1847 3510 2059 3603 regit,
2100 3509 2337 3583 visitat
2376 3519 2448 3581 et
2487 3510 2867 3603 gubernat,
2904 3511 3083 3582 sicut
3117 3510 3478 3583 manifeste

655 3634 1117 3730 conspicimus
1147 3635 1221 3705 in
1248 3635 1543 3707 victoria
1582 3634 1985 3730 triumphali
2017 3655 2229 3727 quam
2272 3633 2387 3705 die
2425 3633 2665 3705 martis
2695 3632 3111 3706 duodecimo
3151 3635 3480 3707 februarii

656 3759 979 3830 exeuntis
999 3754 1108 3853 (l)
1141 3758 1438 3831 contulit
1470 3759 1675 3830 nobis
1701 3760 1885 3830 Deus
1914 3781 2041 3831 sue
2072 3758 2426 3850 genitricis
2455 3758 2879 3830 interventu.
2917 3759 3252 3844 Quamvis
3292 3760 3480 3832 enim

655 3879 846 3953 mille
876 3881 1236 3974 quingenti
1269 3882 1359 3954 de
1389 3881 1647 3954 nostris
1676 3881 1964 3954 ivissent
1993 3881 2174 3953 inter
2198 3882 2571 3954 Colornum
2600 3892 2673 3953 et
2705 3883 3114 3973 Bersellum,
3150 3893 3221 3954 et
3245 3894 3478 3977 prete-

654 4024 777 4076 rea
801 4004 940 4076 due
967 4014 1167 4099 porte
1196 4004 1268 4075 in
1294 4005 1643 4098 integrum
1650 4055 2486 4078 ...........
2527 4014 2600 4077 et
2640 4006 2760 4076 ille
2797 4005 3078 4077 seviens
3109 4005 3334 4096 draco
3356 4006 3480 4099 qui

654 4147 783 4220 per
815 4136 1084 4199 tantum
1119 4127 1854 4224 temporisqobsederat
1881 4136 2137 4199 terram
2176 4135 2514 4217 nostram,
2543 4146 2672 4197 nos
2697 4126 2981 4199 omnino
3016 4128 3335 4200 crederet
3360 4128 3485 4201 de-

651 4251 933 4343 glutire,
962 4251 1111 4343 J‘am
1148 4262 1352 4323 extra
1377 4273 1504 4324 sua
1536 4252 1794 4325 moenia
1825 4251 2093 4324 cunctis
2117 4250 2413 4322 militum
2442 4260 2515 4323 et
2537 4250 2851 4346 peditum
2881 4272 3162 4322 suorum
3192 4253 3483 4344 agmini·

653 4373 788 4445 bus
834 4373 1208 4466 ordinatis,
1249 4396 1380 4447 nos
1423 4376 1744 4448 invocato
1788 4374 1916 4447 Dei
1954 4374 2217 4447 auxilio
2262 4383 2335 4447 et
2384 4375 2685 4468 Virginis
2727 4375 3060 4468 gloriose,
3113 4386 3481 4449 cernentes

728 4681 804 4754 (4)
842 4678 1048 4740 Octavo
1068 4680 1280 4740 decimo
1304 4680 1393 4740 die
1418 4679 1689 4754 februarii,
1717 4682 1849 4741 dum
1873 4682 2036 4740 fuerit
2059 4681 2149 4741 hic
2172 4698 2349 4741 annus
2371 4681 2678 4741 bissextilis.
