4525 6031
748 2442 901 2493 [Circe

661 2494 981 2550 membrum]

1045 578 1168 642 576
2043 597 2476 659 FRIDERICI
2526 598 2873 660 SECUNDI
3487 600 3652 684 [An.
3688 604 3868 667 1247.

1046 716 1484 812 imponentes
1511 735 1856 817 quatenus
1897 732 2335 805 considerato
2374 733 2755 827 prudenter
2798 733 2990 826 quod
3029 753 3169 805 non
3218 745 3324 806 est
3368 735 3439 806 in
3479 746 3620 808 tam
3651 738 3874 811 arduo

1048 842 1329 934 negotio
1376 844 1898 943 dormiendum,
1950 854 2042 926 ad
2084 877 2168 927 ea
2216 878 2357 950 que
2397 857 2525 951 ipsi
2573 857 2853 949 negotio
2896 858 3227 952 expedire
3274 859 3586 931 videritis
3626 861 3875 934 dantes

1050 985 1257 1058 opem
1282 978 1353 1038 et
1372 990 1658 1065 operam
1688 976 2072 1048 secundum
2093 979 2537 1072 prudentiam
2561 1001 2602 1050 a
2628 979 2925 1052 Domino
2957 980 3157 1053 vohis
3187 981 3695 1075 datam,eidem
3727 962 3874 1077 regi

1049 1089 1340 1160 viriliter
1376 1104 1446 1163 et
1481 1105 1802 1188 potenter
1825 1101 2159 1173 assistatis
2193 1103 2582 1174 constantia
2613 1112 2970 1175 consueta.

1152 1212 1400 1284 Datum
1430 1216 1774 1310 Lugduni,
1811 1224 1964 1296 XIII
1998 1225 2333 1297 kalendas
2350 1222 2454 1323 (a)
2483 1225 2898 1314 decembris,
2933 1246 3119 1299 anno
3148 1228 3233 1298 V.
3841 1306 3849 1313 ,

1152 1338 1498 1433 Scriptum
1532 1352 1638 1412 est
1665 1342 1736 1413 in
1765 1347 2091 1418 eumdem
2120 1370 2401 1420 sensum
2431 1348 2522 1420 ad
2553 1348 3060 1440 Coloniensem,
3078 1350 3576 1423 Treverensem
3610 1362 3682 1423 et
3706 1353 3875 1426 Bre-

1055 1480 1368 1531 mensem
1400 1463 1956 1562 archiepiscopos
2002 1492 2382 1564 eorumque
2425 1471 2931 1564 suffraganeos,
2971 1482 3113 1544 tum
3146 1473 3240 1544 ad
3269 1475 3873 1569 Herhipolensem,

1054 1584 1660 1679 Argentinensem,
1678 1591 2291 1666 Monasteriensem
2314 1596 2676 1689 episcopos
2708 1605 2778 1667 et
2805 1596 3200 1692 Spirensem
3222 1598 3520 1670 electum
3546 1608 3759 1693 atque
3783 1600 3878 1673 ad

1055 1709 1307 1781 ducem
1347 1711 1785 1804 Brabantiae,
1822 1714 2140 1788 Geldriae
2174 1727 2243 1789 et
2276 1718 2365 1790 de
2397 1720 2529 1791 Los
2554 1719 2865 1791 comites.

1152 1833 1296 1905 Nec
1342 1855 1483 1906 non
1533 1835 1621 1907 de
1667 1859 1742 1908 re
1791 1839 2039 1910 eadem
2083 1842 2213 1913 sub
2248 1840 2334 1914 n¹'
2365 1839 2456 1914 ⁴7
2495 1853 2565 1915 et
2601 1845 2691 1914 ⁴8
2736 1844 2827 1916 ad
2858 1843 3298 1917 colonienses
3334 1853 3406 1917 et
3438 1846 3878 1938 Magantinos

1055 1978 1269 2029 clves.

1161 2444 1589 2527 Fridericus
1609 2506 1633 2552 ,
1695 2443 2215 2527 Romanorum
2291 2446 2742 2554 imperator,
2805 2445 3159 2529 fidelibus
3225 2447 3383 2530 suis
3462 2448 3540 2529 in
3605 2447 3878 2531 Tuscia

1056 2579 1190 2688 qui
1236 2579 1335 2662 ad
1382 2579 1831 2661 mandatum
1876 2577 2232 2660 Friderici
2280 2578 2416 2659 filii
2463 2578 2583 2660 sui
2637 2578 2916 2661 milites
2951 2579 3356 2686 miserant,
3388 2580 3873 2688 regratiatur,

1055 2713 1522 2820 mandatque
1558 2720 1645 2793 ut
1696 2736 1904 2791 nunc
1942 2709 2228 2791 eisdem
2274 2710 2581 2791 mittant
2616 2710 2991 2819 stipendia
3018 2736 3160 2819 pro
3196 2710 3443 2794 tribus
3487 2710 3877 2794 mensibus

1056 2853 1132 2927 et
1165 2844 1377 2956 quod
1411 2843 1725 2925 credant
1755 2839 2128 2923 latoribus
2166 2841 2681 2950 praesentium
2725 2842 3178 2925 litterarum.

1226 3070 1466 3150 (Inedlt.
1498 3088 1574 3131 cx
1599 3071 1731 3131 cod.
1756 3069 1904 3131 blbl.
1936 3072 2198 3130 univers.
2228 3069 2510 3147 Leipzlc„
2541 3081 2607 3130 n⁰
2633 3079 2807 3144 1268,
2836 3070 2943 3132 sol.
2973 3077 3009 3130 9
3041 3068 3168 3150 (18)
3199 3077 3358 3131 recto
3382 3069 3600 3149 verso.)

1156 3271 1523 3358 Quondam
1555 3270 1647 3342 ad
1680 3269 2198 3363 requisitionem
2235 3270 2581 3343 Frederici
2620 3270 2709 3342 de
2749 3271 3114 3344 Antiochia
3157 3271 3426 3344 comitis
3456 3272 3661 3363 Albe,
3703 3273 3880 3344 sacri

1060 3395 1330 3490 imperii
1357 3395 1428 3464 in
1449 3393 1695 3465 Tuscia
1720 3393 1959 3464 vicarii
1989 3394 2360 3484 generalis,
2386 3394 2620 3465 dilecti
2652 3393 2772 3465 filii
2802 3396 3050 3486 nostri,
3070 3395 3161 3467 ad
3195 3395 3467 3467 felicem
3495 3395 3878 3468 exercitum

1059 3529 1373 3592 nostrum
1400 3518 1697 3588 militum
1724 3516 2084 3588 decentem
2111 3517 2403 3589 curastis
2434 3517 2707 3589 mittere
2733 3519 3168 3607 comitivam;
3200 3516 3440 3617 [quod]
3461 3529 3736 3611 gratum
3763 3519 3880 3591 ad·

1061 3643 1348 3717 modum
1387 3640 1800 3713 excellentia
1843 3650 2080 3711 nostra
2119 3640 2347 3712 duxit.
2391 3641 2701 3733 Cumque
2739 3641 2833 3732 ad
2871 3642 3366 3713 conterendam
3408 3641 3875 3714 Parmensium

1060 3763 1492 3865 proditorum
1518 3774 1910 3835 nostrorum
1931 3763 2516 3835 abhominandam
2540 3764 2959 3857 proterviam
2982 3765 3083 3836 sic
3108 3764 3618 3858 magnificentia
3645 3772 3879 3834 nostra

1061 3890 1492 3988 propositum
1525 3897 1839 3958 nostrum
1865 3885 2166 3957 firmavit
2195 3898 2277 3957 ut
2307 3907 2433 3980 per
2464 3887 2861 3958 continuam
2893 3887 3327 3960 ohsidionem
3344 3885 3450 3984 (⁴)
3481 3896 3551 3958 et
3577 3885 3882 3980 dampna

1064 4014 1394 4089 continua
1414 4012 1728 4082 Parmam
1755 4010 1847 4082 ad
1879 4019 2194 4080 nostrum
2213 4030 2623 4080 revocemus
2655 4010 3071 4100 dominium,
3109 4011 3180 4081 in
3218 4033 3360 4105 quo
3391 4031 3519 4081 vos
3548 4010 3671 4103 qui
3700 4007 3882 4080 votis

949 4208 966 4223 ,
1060 4138 1317 4212 nostris
1345 4132 1751 4207 concurritis
1778 4131 2004 4228 hylari
2032 4131 2404 4204 devotione
2421 4184 2442 4222 ,
2475 4153 2751 4227 semper
2780 4133 3106 4203 volumus
3137 4153 3287 4203 esse
3316 4130 3684 4225 participes
3719 4150 3882 4201 one—

1150 4312 1232 4393 (a)
1277 4312 1390 4389 Ap.
1422 4307 1737 4388 Raynaldl,
1767 4306 1862 4367 111
1883 4303 2180 4381 kalendas,
2216 4310 2436 4368 omisso
2457 4323 2704 4366 numero
2730 4306 2818 4385 X;
2850 4306 3024 4367 male.

1138 4603 1212 4677 (4)
1250 4597 1517 4657 Alluditur
1540 4595 1608 4652 ad
1635 4593 1998 4650 fundationem
2024 4592 2296 4652 Victoriae
2325 4607 2486 4665 quam
2511 4606 2697 4649 mense
2723 4591 2929 4650 octobri
2955 4591 3245 4665 imperator
3275 4590 3541 4660 aedificari
3566 4589 3746 4662 jussit,
3773 4588 3877 4646 ibi-

1063 4703 1188 4759 dem
1213 4699 1443 4755 durante
1464 4692 1707 4767 hyberno
1733 4695 1973 4762 tempore
2001 4696 2324 4748 moraturus.
