4525 6031
688 639 887 698 tunm.
920 635 1013 712 4.]
1584 627 1983 691 HISTORIA
2029 626 2620 690 DlPLOMATICA.
3380 616 3506 679 863

1123 921 2289 937 m———ae--fflm—
2301 920 3069 931 ma—-m-——ae-—n-—ffl

801 1189 1233 1298 ConraduS‚
1277 1189 1353 1269 in
1390 1191 1909 1273 Romanorum
1958 1215 2217 1300 regem
2268 1191 2590 1299 electuS‚
2632 1189 3144 1298 exemptiones
3183 1185 3508 1269 thelonei
3594 1184 3896 1291 mamm,

693 1333 769 1403 et
816 1323 1149 1431 passagii
1205 1321 1554 1404 abbatiae
1591 1325 1907 1406 Sanctae
1940 1323 2220 1407 Mariae
2268 1324 2363 1404 de
2411 1323 2657 1405 Monte
2694 1320 2941 1404 Veteri
2978 1318 3500 1430 (Altenberg),
3564 1295 3622 1337 ³⁰

687 1452 908 1561 juxta
951 1453 1345 1563 privilegia
1383 1455 1632 1536 eidem
1682 1456 2084 1538 conventui
2141 1482 2186 1537 a
2234 1454 2940 1565 praedecessoribus
2985 1453 3143 1535 suis
3180 1451 3506 1556 indulta,

695 1585 773 1665 in
812 1588 1232 1695 praesentia
1270 1587 1873 1670 consiliariorum
1913 1614 2228 1673 suorum
2266 1588 2690 1671 confirmat.

854 1814 1067 1895 (Edtd.
1102 1817 1489 1893 Lscouauug
1534 1813 1901 1878 Urkundenb.
1914 1799 2034 1896 fur
2059 1814 2152 1877 die
2182 1813 2377 1878 Gesch.
2410 1814 2507 1877 des
2532 1813 2868 1891 Niederrlz„
2898 1831 3012 1876 zw.
3042 1814 3228 1890 band,
3276 1832 3331 1892 p.
3377 1823 3516 1877 153·

938 1931 1077 1997 154,
1109 1932 1176 1983 n⁰
1205 1923 1371 2002 295.)

793 2120 1146 2192 Conradus
1166 2175 1184 2211 ‚
1226 2121 1370 2193 divi
1398 2123 1674 2214 augusti
1705 2123 2142 2216 imperatoris
2171 2122 2498 2195 Friderici
2530 2121 2745 2212 filius,
2778 2121 2903 2192 Dei
2931 2120 3152 2213 gratia
3180 2122 3520 2192 Romano-

700 2266 851 2315 rum
902 2244 974 2315 in
1025 2267 1260 2338 regem
1307 2248 1610 2338 electus,
1660 2268 1937 2341 semper
1982 2256 2317 2338 augustus
2366 2255 2438 2319 et
2476 2245 2680 2317 heres
2713 2245 2910 2336 regni
2944 2245 3350 2322 Jerusalem.
3391 2245 3521 2316 Per

698 2389 985 2463 presens
1027 2370 1359 2465 scriptum
1409 2382 1651 2442 notum
1692 2371 1981 2442 facimus
2008 2370 2352 2443 universis
2377 2370 2649 2464 imperii
2682 2367 3005 2441 fidelibus
3059 2378 3200 2439 tam
3239 2389 3521 2462 presen-

701 2493 883 2564 tibus
905 2515 1116 2587 quam
1145 2493 1393 2565 futuris
1420 2495 1610 2588 quod
1623 2516 1782 2566 cum
1801 2515 1843 2564 a
1860 2496 2212 2584 Brunone,
2227 2493 2609 2566 venerabili
2624 2494 2876 2565 abbate
2897 2492 2985 2564 de
3001 2494 3233 2565 Monte
3254 2491 3516 2581 Veteri,

701 2626 772 2687 et
797 2628 1148 2689 conventu
1189 2619 1538 2710 ejusdem,
1583 2619 1847 2691 ordinis
1878 2619 2379 2707 CisterciensiS,
2421 2618 2821 2689 multotiens
2848 2617 3181 2687 fuerimus
3211 2615 3522 2708 requisiti

699 2751 779 2811 ut
825 2763 918 2812 ex
957 2743 1114 2834 jure
1164 2741 1469 2814 thelonei
1517 2753 1590 2814 et
1637 2742 1935 2839 passagii
1971 2744 2144 2815 Reni
2177 2753 2250 2815 et
2274 2743 2535 2836 ubique
2564 2742 2638 2813 in
2666 2742 2868 2814 terris
2897 2752 2967 2812 et
2992 2740 3189 2832 aquis
3221 2739 3520 2835 imperii,

692 2866 896 2956 juxta
939 2876 1251 2937 tenorem
1290 2867 1632 2961 privilegii
1681 2868 2099 2940 serenissimi
2143 2868 2408 2941 Cesaris
2449 2866 2711 2939 domini
2739 2865 2954 2960 patris
2983 2864 3228 2952 nostri,
3265 2863 3524 2934 habere

700 2982 1149 3077 dignaremur
1195 2996 1593 3081 exemptos3
1653 3008 1783 3059 nos
1834 2988 1998 3081 quia
2048 2987 2139 3060 de
2185 2996 2428 3059 tenore
2473 2986 2689 3082 ipsius
2734 2983 3075 3079 privilegii
3127 2982 3328 3055 nobis
3382 3002 3526 3054 non

701 3105 944 3179 aderat
971 3110 1313 3182 certitudo
1334 3163 1354 3199 ‚
1392 3119 1462 3180 et
1487 3110 1782 3205 predicti
1811 3111 2030 3182 abbas
2058 3119 2130 3183 et
2159 3109 2485 3182 monachi
2518 3131 2641 3205 pre
2675 3109 3169 3202 impedimento
3193 3117 3265 3178 et
3283 3106 3524 3178 discri-

703 3231 889 3300 mine
953 3232 1222 3303 viarum
1292 3235 1698 3305 asserebant
1742 3256 1816 3305 se
1873 3256 2014 3305 non
2066 3256 2270 3329 posse
2329 3233 2766 3329 privilegium
2813 3231 2988 3303 illud
3024 3231 3095 3302 in
3129 3230 3528 3302 authentica

703 3352 924 3425 forma
966 3355 1054 3426 de
1104 3356 1418 3449 partibus
1466 3356 1746 3430 Colonie
1791 3378 2012 3448 usque
2058 3357 2151 3427 ad
2187 3368 2497 3427 nostram
2540 3356 2957 3452 presentiam
2984 3376 3228 3426 secure
3257 3353 3529 3425 deferre

702 3488 941 3549 nostro
980 3481 1379 3575 conspectui
1402 3480 1937 3570 ostendendum,
1958 3479 2326 3574 petitiones
2347 3501 2587 3552 eorum
2630 3479 2961 3551 duximus
3007 3477 3531 3572 suspendendas

687 3610 777 3669 -et
797 3601 1265 3673 commisimus
1285 3624 1411 3697 per
1431 3603 1697 3675 litteras
1716 3614 1988 3675 nostras
2022 3603 2397 3675 Gernando
2430 3602 2709 3692 seniori,
2747 3603 3120 3694 burgravio
3150 3601 3238 3673 de
3271 3601 3532 3672 Werda

705 3719 894 3793 fideli
942 3735 1181 3797 nostro
1202 3778 1223 3815 ‚
1258 3727 1378 3820 qui
1407 3737 1513 3803 est
1543 3728 1857 3821 partibus
1886 3727 2411 3799 Coloniensibus
2441 3726 2749 3816 vicinus,
2785 3738 2861 3797 ut
2891 3725 3138 3796 eodem
3169 3724 3531 3820 privilegio

707 3845 933 3918 eidem
979 3849 1398 3922 monasterio
1448 3851 1539 3922 ab
1581 3850 2024 3945 imperatoria
2071 3852 2433 3942 majestate
2477 3850 2750 3922 indulto
2788 3871 2913 3945 per
2964 3871 3122 3920 eum
3164 3849 3533 3940 diligenter

707 3970 1052 4066 inspectO,
1106 3971 1196 4043 de
1243 3974 1462 4045 verbo
1511 3974 1603 4045 ad
1646 3974 1938 4046 verbum
1984 3972 2287 4045 fideliter
2318 3984 2391 4045 et
2417 3973 2740 4046 distincte
2776 3973 3138 4045 transcribi
3171 3973 3430 4044 faceret
3460 3973 3533 4043 in

708 4115 831 4166 sua
884 4097 1232 4190 presentia
1276 4108 1346 4168 et
1378 4108 1611 4170 nostre
1654 4097 2048 4169 celsitudini
2098 4098 2229 4168 sub
2275 4119 2401 4169 suo
2440 4098 2665 4188 sigillo
2708 4097 3112 4170 destinaret.
3161 4096 3294 4181 Qui
3325 4118 3535 4192 super

707 4214 841 4288 hoc
878 4218 1283 4289 mandatum
1316 4230 1631 4290 nostrum
1660 4219 1916 4313 exequi
1948 4218 2271 4309 studen8‚
2328 4219 2602 4314 scripsit
2642 4219 2842 4289 nobis
2888 4218 3075 4290 idem
3121 4220 3535 4311 burgravius

707 4349 779 4410 et
811 4339 1223 4413 Gernandus
1251 4342 1434 4413 filius
1470 4345 1620 4435 ejus
1663 4344 1794 4414 sub
1823 4364 2067 4414 eorum
2090 4342 2332 4434 sigillis
2363 4342 2627 4413 litteras
2655 4342 2726 4413 in
2759 4343 2893 4415 hac
2920 4343 3142 4414 forma
3176 4370 3194 4413 ε

803 4465 1258 4538 Serenissimo
1305 4467 1588 4539 domino
1630 4490 1756 4538 suo
1797 4467 2081 4539 domino
2135 4466 2491 4556 Conrado,
2562 4466 2706 4538 divi
2762 4469 3037 4559 augusti
3103 4467 3538 4563 imperatoris

707 4588 1034 4660 Friderici
1078 4588 1260 4681 filio,
1303 4592 1770 4662 Romanorum
1823 4591 1892 4661 in
1936 4613 2171 4684 regem
2218 4592 2442 4662 electo
2468 4644 2487 4680 ,
2536 4613 2812 4686 semper
2860 4601 3156 4684 augusto
3195 4590 3537 4664 etheredi

706 4710 1123 4805 Jerusalem,
1173 4715 1589 4787 Gernandus
1627 4726 1698 4787 et
1734 4715 2147 4788 Gernandus
2198 4714 2382 4787 filius
2413 4737 2614 4807 surm,
2653 4715 3067 4808 burgravius
3090 4714 3533 4805 WerdensiS‚

3656 1293 3925 1335 novembriu-
