<?xml version="1.0" encoding="UTF-8"?>
<!DOCTYPE html PUBLIC "-//W3C//DTD XHTML 1.0 Transitional//EN"
    "http://www.w3.org/TR/xhtml1/DTD/xhtml1-transitional.dtd">
<html xmlns="http://www.w3.org/1999/xhtml" xml:lang="en" lang="en">
 <head>
  <title>
</title>
<meta http-equiv="Content-Type" content="text/html;charset=utf-8" />
  <meta name='ocr-system' content='tesseract 3.04.00' />
  <meta name='ocr-capabilities' content='ocr_page ocr_carea ocr_par ocr_line ocrx_word'/>
</head>
<body>
  <div class='ocr_page' id='page_1' title='image "./historiadiploma01empegoog_0041.png"; bbox 0 0 4525 6031; ppageno 0'>
   <div class='ocr_carea' id='block_1_1' title="bbox 626 600 3463 688">
    <p class='ocr_par' dir='ltr' id='par_1_1' title="bbox 626 600 3463 688">
     <span class='ocr_line' id='line_1_1' title="bbox 626 600 3463 688; baseline -0.001 -21"><span class='ocrx_word' id='word_1_1' title='bbox 626 607 829 668; x_wconf 65' lang='grc' dir='ltr'><strong>[επιστ.</strong></span> <span class='ocrx_word' id='word_1_2' title='bbox 864 600 953 688; x_wconf 88' lang='grc'><strong>6.]</strong></span> <span class='ocrx_word' id='word_1_3' title='bbox 1524 603 1920 665; x_wconf 82' lang='lat' dir='ltr'><strong>HISTORIA</strong></span> <span class='ocrx_word' id='word_1_4' title='bbox 1970 605 2566 670; x_wconf 74' lang='lat' dir='ltr'><strong>umMATmA.</strong></span> <span class='ocrx_word' id='word_1_5' title='bbox 3345 603 3463 665; x_wconf 85' lang='lat'><strong>581</strong></span> 
     </span>
    </p>
   </div>
   <div class='ocr_carea' id='block_1_2' title="bbox 795 762 3461 946">
    <p class='ocr_par' dir='ltr' id='par_1_2' title="bbox 795 762 3461 946">
     <span class='ocr_line' id='line_1_2' title="bbox 795 762 3461 848; baseline -0.002 -20"><span class='ocrx_word' id='word_1_6' title='bbox 795 767 987 848; x_wconf 85' lang='lat' dir='ltr'><strong>(Edit.</strong></span> <span class='ocrx_word' id='word_1_7' title='bbox 1018 768 1083 827; x_wconf 82' lang='lat' dir='ltr'><strong>in</strong></span> <span class='ocrx_word' id='word_1_8' title='bbox 1115 764 1279 825; x_wconf 66' lang='lat' dir='ltr'><strong>Patr.</strong></span> <span class='ocrx_word' id='word_1_9' title='bbox 1308 762 1379 824; x_wconf 74' lang='lat' dir='ltr'><strong>de</strong></span> <span class='ocrx_word' id='word_1_10' title='bbox 1407 763 1539 827; x_wconf 73' lang='lat' dir='ltr'><strong>Vin.</strong></span> <span class='ocrx_word' id='word_1_11' title='bbox 1572 766 1767 845; x_wconf 68' lang='lat' dir='ltr'><strong>episc„</strong></span> <span class='ocrx_word' id='word_1_12' title='bbox 1787 766 1896 829; x_wconf 85' lang='lat' dir='ltr'><strong>lib.</strong></span> <span class='ocrx_word' id='word_1_13' title='bbox 1921 767 1974 846; x_wconf 91' lang='lat'><strong>1,</strong></span> <span class='ocrx_word' id='word_1_14' title='bbox 1995 784 2126 846; x_wconf 86' lang='lat' dir='ltr'><strong>cap.</strong></span> <span class='ocrx_word' id='word_1_15' title='bbox 2151 767 2271 847; x_wconf 89' lang='lat' dir='ltr'><strong>1v;</strong></span> <span class='ocrx_word' id='word_1_16' title='bbox 2301 770 2439 832; x_wconf 84' lang='lat' dir='ltr'><strong>coll.</strong></span> <span class='ocrx_word' id='word_1_17' title='bbox 2473 786 2611 830; x_wconf 91' lang='lat' dir='ltr'><strong>cum</strong></span> <span class='ocrx_word' id='word_1_18' title='bbox 2643 770 2825 829; x_wconf 81' lang='lat' dir='ltr'><strong>variis</strong></span> <span class='ocrx_word' id='word_1_19' title='bbox 2859 768 3012 828; x_wconf 88' lang='lat' dir='ltr'><strong>Bibl.</strong></span> <span class='ocrx_word' id='word_1_20' title='bbox 3043 766 3241 828; x_wconf 80' lang='lat' dir='ltr'><strong>Cesar.</strong></span> <span class='ocrx_word' id='word_1_21' title='bbox 3271 766 3461 826; x_wconf 80' lang='lat' dir='ltr'><strong>Paris.</strong></span> 
     </span>
     <span class='ocr_line' id='line_1_3' title="bbox 871 867 1231 946; baseline -0.011 -13"><span class='ocrx_word' id='word_1_22' title='bbox 871 867 1231 946; x_wconf 82' lang='lat' dir='ltr'><strong>codicibus.)</strong></span> 
     </span>
    </p>
   </div>
   <div class='ocr_carea' id='block_1_3' title="bbox 635 1056 3486 4482">
    <p class='ocr_par' dir='ltr' id='par_1_3' title="bbox 635 1056 3486 4482">
     <span class='ocr_line' id='line_1_4' title="bbox 703 1056 3468 1155; baseline -0.001 -23"><span class='ocrx_word' id='word_1_23' title='bbox 703 1060 806 1132; x_wconf 91' lang='lat' dir='ltr'><strong>Ne</strong></span> <span class='ocrx_word' id='word_1_24' title='bbox 821 1080 949 1155; x_wconf 92' lang='lat' dir='ltr'><strong>per</strong></span> <span class='ocrx_word' id='word_1_25' title='bbox 966 1056 1358 1148; x_wconf 80' lang='lat' dir='ltr'><strong>excogitate</strong></span> <span class='ocrx_word' id='word_1_26' title='bbox 1378 1057 1822 1150; x_wconf 72' lang='lat' dir='ltr'><strong>malignitatis</strong></span> <span class='ocrx_word' id='word_1_27' title='bbox 1845 1060 2197 1150; x_wconf 87' lang='lat' dir='ltr'><strong>astutiam,</strong></span> <span class='ocrx_word' id='word_1_28' title='bbox 2213 1060 2343 1131; x_wconf 91' lang='lat' dir='ltr'><strong>iste</strong></span> <span class='ocrx_word' id='word_1_29' title='bbox 2355 1062 2664 1132; x_wconf 83' lang='lat' dir='ltr'><strong>Romane</strong></span> <span class='ocrx_word' id='word_1_30' title='bbox 2682 1060 2881 1131; x_wconf 91' lang='lat' dir='ltr'><strong>Sedis</strong></span> <span class='ocrx_word' id='word_1_31' title='bbox 2901 1060 3187 1131; x_wconf 86' lang='lat' dir='ltr'><strong>antistes</strong></span> <span class='ocrx_word' id='word_1_32' title='bbox 3201 1059 3468 1131; x_wconf 88' lang='lat' dir='ltr'><strong>dudum</strong></span> 
     </span>
     <span class='ocr_line' id='line_1_5' title="bbox 637 1179 3469 1278; baseline 0 -26"><span class='ocrx_word' id='word_1_33' title='bbox 637 1183 858 1255; x_wconf 82' lang='lat' dir='ltr'><strong>factus</strong></span> <span class='ocrx_word' id='word_1_34' title='bbox 892 1181 1096 1253; x_wconf 90' lang='lat' dir='ltr'><strong>nobis</strong></span> <span class='ocrx_word' id='word_1_35' title='bbox 1133 1179 1494 1269; x_wconf 77' lang='lat' dir='ltr'><strong>insidianS,</strong></span> <span class='ocrx_word' id='word_1_36' title='bbox 1538 1180 1622 1250; x_wconf 90' lang='lat' dir='ltr'><strong>iis</strong></span> <span class='ocrx_word' id='word_1_37' title='bbox 1660 1202 1798 1273; x_wconf 91' lang='lat' dir='ltr'><strong>que</strong></span> <span class='ocrx_word' id='word_1_38' title='bbox 1842 1182 1972 1252; x_wconf 93' lang='lat' dir='ltr'><strong>Dei</strong></span> <span class='ocrx_word' id='word_1_39' title='bbox 2008 1192 2172 1253; x_wconf 89' lang='lat' dir='ltr'><strong>sunt</strong></span> <span class='ocrx_word' id='word_1_40' title='bbox 2203 1183 2412 1274; x_wconf 88' lang='lat' dir='ltr'><strong>longe</strong></span> <span class='ocrx_word' id='word_1_41' title='bbox 2449 1184 2792 1278; x_wconf 79' lang='lat' dir='ltr'><strong>sepositiS,</strong></span> <span class='ocrx_word' id='word_1_42' title='bbox 2831 1183 2921 1254; x_wconf 93' lang='lat' dir='ltr'><strong>de</strong></span> <span class='ocrx_word' id='word_1_43' title='bbox 2954 1182 3313 1277; x_wconf 86' lang='lat' dir='ltr'><strong>pravitatis</strong></span> <span class='ocrx_word' id='word_1_44' title='bbox 3342 1180 3469 1252; x_wconf 92' lang='lat' dir='ltr'><strong>he·</strong></span> 
     </span>
     <span class='ocr_line' id='line_1_6' title="bbox 637 1303 3470 1399; baseline -0 -24"><span class='ocrx_word' id='word_1_45' title='bbox 637 1306 849 1376; x_wconf 88' lang='lat' dir='ltr'><strong>retice</strong></span> <span class='ocrx_word' id='word_1_46' title='bbox 881 1313 1096 1399; x_wconf 91' lang='lat' dir='ltr'><strong>puteo</strong></span> <span class='ocrx_word' id='word_1_47' title='bbox 1124 1311 1418 1375; x_wconf 90' lang='lat' dir='ltr'><strong>conetur</strong></span> <span class='ocrx_word' id='word_1_48' title='bbox 1447 1324 1724 1397; x_wconf 89' lang='lat' dir='ltr'><strong>semper</strong></span> <span class='ocrx_word' id='word_1_49' title='bbox 1751 1303 2126 1376; x_wconf 85' lang='lat' dir='ltr'><strong>exhaurire</strong></span> <span class='ocrx_word' id='word_1_50' title='bbox 2155 1305 2505 1397; x_wconf 78' lang='lat' dir='ltr'><strong>suffragia,</strong></span> <span class='ocrx_word' id='word_1_51' title='bbox 2530 1306 2784 1399; x_wconf 90' lang='lat' dir='ltr'><strong>quibus</strong></span> <span class='ocrx_word' id='word_1_52' title='bbox 2810 1305 3205 1376; x_wconf 83' lang='lat' dir='ltr'><strong>evidentem</strong></span> <span class='ocrx_word' id='word_1_53' title='bbox 3237 1313 3470 1375; x_wconf 88' lang='lat' dir='ltr'><strong>nostre</strong></span> 
     </span>
     <span class='ocr_line' id='line_1_7' title="bbox 636 1426 3471 1519; baseline -0 -21"><span class='ocrx_word' id='word_1_54' title='bbox 636 1448 841 1499; x_wconf 90' lang='lat' dir='ltr'><strong>cause</strong></span> <span class='ocrx_word' id='word_1_55' title='bbox 868 1427 1208 1519; x_wconf 86' lang='lat' dir='ltr'><strong>justitiam</strong></span> <span class='ocrx_word' id='word_1_56' title='bbox 1240 1426 1624 1514; x_wconf 84' lang='lat' dir='ltr'><strong>decoloret,</strong></span> <span class='ocrx_word' id='word_1_57' title='bbox 1660 1427 2024 1498; x_wconf 83' lang='lat' dir='ltr'><strong>effundens</strong></span> <span class='ocrx_word' id='word_1_58' title='bbox 2049 1427 2309 1500; x_wconf 90' lang='lat' dir='ltr'><strong>bibulis</strong></span> <span class='ocrx_word' id='word_1_59' title='bbox 2336 1430 2625 1500; x_wconf 89' lang='lat' dir='ltr'><strong>auribus</strong></span> <span class='ocrx_word' id='word_1_60' title='bbox 2656 1429 2869 1500; x_wconf 75' lang='lat' dir='ltr'><strong>tellite</strong></span> <span class='ocrx_word' id='word_1_61' title='bbox 2896 1426 3316 1499; x_wconf 85' lang='lat' dir='ltr'><strong>conscientie</strong></span> <span class='ocrx_word' id='word_1_62' title='bbox 3354 1446 3471 1497; x_wconf 91' lang='lat' dir='ltr'><strong>ca·</strong></span> 
     </span>
     <span class='ocr_line' id='line_1_8' title="bbox 635 1548 3474 1645; baseline -0.001 -25"><span class='ocrx_word' id='word_1_63' title='bbox 635 1572 880 1640; x_wconf 76' lang='lat' dir='ltr'><strong>noneS‚</strong></span> <span class='ocrx_word' id='word_1_64' title='bbox 908 1560 988 1621; x_wconf 92' lang='lat' dir='ltr'><strong>ut</strong></span> <span class='ocrx_word' id='word_1_65' title='bbox 1014 1549 1234 1643; x_wconf 87' lang='lat' dir='ltr'><strong>quieti</strong></span> <span class='ocrx_word' id='word_1_66' title='bbox 1265 1559 1659 1621; x_wconf 88' lang='lat' dir='ltr'><strong>nostrorum</strong></span> <span class='ocrx_word' id='word_1_67' title='bbox 1691 1548 2005 1621; x_wconf 84' lang='lat' dir='ltr'><strong>fidelium</strong></span> <span class='ocrx_word' id='word_1_68' title='bbox 2031 1550 2248 1622; x_wconf 90' lang='lat' dir='ltr'><strong>vitam</strong></span> <span class='ocrx_word' id='word_1_69' title='bbox 2279 1552 2506 1645; x_wconf 90' lang='lat' dir='ltr'><strong>pariat</strong></span> <span class='ocrx_word' id='word_1_70' title='bbox 2534 1551 2949 1644; x_wconf 81' lang='lat' dir='ltr'><strong>inquietam3</strong></span> <span class='ocrx_word' id='word_1_71' title='bbox 2977 1549 3219 1621; x_wconf 90' lang='lat' dir='ltr'><strong>habita</strong></span> <span class='ocrx_word' id='word_1_72' title='bbox 3247 1569 3474 1641; x_wconf 82' lang='lat' dir='ltr'><strong>nuper</strong></span> 
     </span>
     <span class='ocr_line' id='line_1_9' title="bbox 635 1673 3473 1768; baseline 0 -22"><span class='ocrx_word' id='word_1_73' title='bbox 635 1674 949 1766; x_wconf 78' lang='lat' dir='ltr'><strong>diligenti</strong></span> <span class='ocrx_word' id='word_1_74' title='bbox 976 1674 1374 1768; x_wconf 86' lang='lat' dir='ltr'><strong>provisione</strong></span> <span class='ocrx_word' id='word_1_75' title='bbox 1405 1674 1754 1746; x_wconf 84' lang='lat' dir='ltr'><strong>sancimus</strong></span> <span class='ocrx_word' id='word_1_76' title='bbox 1791 1675 1978 1767; x_wconf 92' lang='lat' dir='ltr'><strong>quod</strong></span> <span class='ocrx_word' id='word_1_77' title='bbox 2016 1676 2443 1768; x_wconf 86' lang='lat' dir='ltr'><strong>quicumque</strong></span> <span class='ocrx_word' id='word_1_78' title='bbox 2474 1676 2768 1748; x_wconf 90' lang='lat' dir='ltr'><strong>clericus</strong></span> <span class='ocrx_word' id='word_1_79' title='bbox 2800 1677 2912 1746; x_wconf 91' lang='lat' dir='ltr'><strong>vel</strong></span> <span class='ocrx_word' id='word_1_80' title='bbox 2945 1674 3340 1766; x_wconf 82' lang='lat' dir='ltr'><strong>religiosuS,</strong></span> <span class='ocrx_word' id='word_1_81' title='bbox 3378 1673 3473 1746; x_wconf 84' lang='lat' dir='ltr'><strong>ad</strong></span> 
     </span>
     <span class='ocr_line' id='line_1_10' title="bbox 637 1797 3472 1894; baseline 0 -26"><span class='ocrx_word' id='word_1_82' title='bbox 637 1800 884 1894; x_wconf 88' lang='lat' dir='ltr'><strong>papale</strong></span> <span class='ocrx_word' id='word_1_83' title='bbox 927 1819 1053 1869; x_wconf 90' lang='lat' dir='ltr'><strong>seu</strong></span> <span class='ocrx_word' id='word_1_84' title='bbox 1090 1797 1359 1892; x_wconf 92' lang='lat' dir='ltr'><strong>papalis</strong></span> <span class='ocrx_word' id='word_1_85' title='bbox 1406 1798 1617 1890; x_wconf 89' lang='lat' dir='ltr'><strong>legati</strong></span> <span class='ocrx_word' id='word_1_86' title='bbox 1654 1798 2090 1888; x_wconf 89' lang='lat' dir='ltr'><strong>mandatum,</strong></span> <span class='ocrx_word' id='word_1_87' title='bbox 2123 1800 2400 1892; x_wconf 90' lang='lat' dir='ltr'><strong>publice</strong></span> <span class='ocrx_word' id='word_1_88' title='bbox 2430 1800 2664 1870; x_wconf 84' lang='lat' dir='ltr'><strong>forsan</strong></span> <span class='ocrx_word' id='word_1_89' title='bbox 2709 1798 3068 1870; x_wconf 90' lang='lat' dir='ltr'><strong>obmiserit</strong></span> <span class='ocrx_word' id='word_1_90' title='bbox 3105 1798 3472 1868; x_wconf 90' lang='lat' dir='ltr'><strong>missarum</strong></span> 
     </span>
     <span class='ocr_line' id='line_1_11' title="bbox 639 1917 3477 2010; baseline -0.001 -17"><span class='ocrx_word' id='word_1_91' title='bbox 639 1922 951 1993; x_wconf 87' lang='lat' dir='ltr'><strong>solennia</strong></span> <span class='ocrx_word' id='word_1_92' title='bbox 979 1943 1102 1992; x_wconf 90' lang='lat' dir='ltr'><strong>seu</strong></span> <span class='ocrx_word' id='word_1_93' title='bbox 1132 1920 1269 1991; x_wconf 90' lang='lat' dir='ltr'><strong>alia</strong></span> <span class='ocrx_word' id='word_1_94' title='bbox 1298 1920 1536 1991; x_wconf 90' lang='lat' dir='ltr'><strong>divina</strong></span> <span class='ocrx_word' id='word_1_95' title='bbox 1568 1920 1796 1992; x_wconf 89' lang='lat' dir='ltr'><strong>officia</strong></span> <span class='ocrx_word' id='word_1_96' title='bbox 1832 1922 2218 2010; x_wconf 90' lang='lat' dir='ltr'><strong>celebrare,</strong></span> <span class='ocrx_word' id='word_1_97' title='bbox 2256 1931 2328 1992; x_wconf 91' lang='lat' dir='ltr'><strong>et</strong></span> <span class='ocrx_word' id='word_1_98' title='bbox 2357 1922 2819 1993; x_wconf 89' lang='lat' dir='ltr'><strong>ecclesiastica</strong></span> <span class='ocrx_word' id='word_1_99' title='bbox 2849 1929 3281 1992; x_wconf 90' lang='lat' dir='ltr'><strong>sacramenta</strong></span> <span class='ocrx_word' id='word_1_100' title='bbox 3308 1917 3477 1990; x_wconf 88' lang='lat' dir='ltr'><strong>fide·</strong></span> 
     </span>
     <span class='ocr_line' id='line_1_12' title="bbox 639 2040 3467 2140; baseline -0.001 -25"><span class='ocrx_word' id='word_1_101' title='bbox 639 2045 820 2116; x_wconf 91' lang='lat' dir='ltr'><strong>libus</strong></span> <span class='ocrx_word' id='word_1_102' title='bbox 867 2045 1239 2139; x_wconf 90' lang='lat' dir='ltr'><strong>propinare</strong></span> <span class='ocrx_word' id='word_1_103' title='bbox 1283 2044 1678 2134; x_wconf 83' lang='lat' dir='ltr'><strong>negaverit,</strong></span> <span class='ocrx_word' id='word_1_104' title='bbox 1712 2044 1803 2115; x_wconf 90' lang='lat' dir='ltr'><strong>de</strong></span> <span class='ocrx_word' id='word_1_105' title='bbox 1847 2045 2129 2115; x_wconf 84' lang='lat' dir='ltr'><strong>civitate</strong></span> <span class='ocrx_word' id='word_1_106' title='bbox 2179 2046 2291 2116; x_wconf 90' lang='lat' dir='ltr'><strong>vel</strong></span> <span class='ocrx_word' id='word_1_107' title='bbox 2337 2046 2525 2134; x_wconf 88' lang='lat' dir='ltr'><strong>loco,</strong></span> <span class='ocrx_word' id='word_1_108' title='bbox 2561 2044 2760 2136; x_wconf 89' lang='lat' dir='ltr'><strong>cujus</strong></span> <span class='ocrx_word' id='word_1_109' title='bbox 2797 2040 3024 2116; x_wconf 90' lang='lat' dir='ltr'><strong>incola</strong></span> <span class='ocrx_word' id='word_1_110' title='bbox 3057 2043 3467 2140; x_wconf 87' lang='lat' dir='ltr'><strong>reperietur,</strong></span> 
     </span>
     <span class='ocr_line' id='line_1_13' title="bbox 640 2165 3473 2261; baseline -0.001 -22"><span class='ocrx_word' id='word_1_111' title='bbox 640 2169 927 2259; x_wconf 81' lang='lat' dir='ltr'><strong>eJ‘ectuS,</strong></span> <span class='ocrx_word' id='word_1_112' title='bbox 952 2168 1095 2238; x_wconf 90' lang='lat' dir='ltr'><strong>suis</strong></span> <span class='ocrx_word' id='word_1_113' title='bbox 1125 2167 1329 2239; x_wconf 90' lang='lat' dir='ltr'><strong>bonis</strong></span> <span class='ocrx_word' id='word_1_114' title='bbox 1357 2165 1682 2239; x_wconf 91' lang='lat' dir='ltr'><strong>omnibus</strong></span> <span class='ocrx_word' id='word_1_115' title='bbox 1713 2168 2314 2261; x_wconf 85' lang='lat' dir='ltr'><strong>patrimonialibus</strong></span> <span class='ocrx_word' id='word_1_116' title='bbox 2347 2177 2420 2240; x_wconf 93' lang='lat' dir='ltr'><strong>et</strong></span> <span class='ocrx_word' id='word_1_117' title='bbox 2451 2168 2956 2258; x_wconf 82' lang='lat' dir='ltr'><strong>ecclesiasticiS‚</strong></span> <span class='ocrx_word' id='word_1_118' title='bbox 2987 2176 3067 2238; x_wconf 90' lang='lat' dir='ltr'><strong>ut</strong></span> <span class='ocrx_word' id='word_1_119' title='bbox 3096 2188 3351 2261; x_wconf 90' lang='lat' dir='ltr'><strong>penam</strong></span> <span class='ocrx_word' id='word_1_120' title='bbox 3384 2167 3473 2238; x_wconf 92' lang='lat' dir='ltr'><strong>de</strong></span> 
     </span>
     <span class='ocr_line' id='line_1_14' title="bbox 640 2289 3474 2385; baseline -0 -23"><span class='ocrx_word' id='word_1_121' title='bbox 640 2302 831 2362; x_wconf 85' lang='lat' dir='ltr'><strong>tanta</strong></span> <span class='ocrx_word' id='word_1_122' title='bbox 851 2292 1238 2362; x_wconf 87' lang='lat' dir='ltr'><strong>temeritate</strong></span> <span class='ocrx_word' id='word_1_123' title='bbox 1269 2290 1506 2362; x_wconf 84' lang='lat' dir='ltr'><strong>tulisse</strong></span> <span class='ocrx_word' id='word_1_124' title='bbox 1533 2311 1608 2361; x_wconf 90' lang='lat' dir='ltr'><strong>se</strong></span> <span class='ocrx_word' id='word_1_125' title='bbox 1634 2289 1898 2378; x_wconf 86' lang='lat' dir='ltr'><strong>doleat,</strong></span> <span class='ocrx_word' id='word_1_126' title='bbox 1922 2291 2285 2385; x_wconf 87' lang='lat' dir='ltr'><strong>spolietur;</strong></span> <span class='ocrx_word' id='word_1_127' title='bbox 2314 2291 2586 2363; x_wconf 89' lang='lat' dir='ltr'><strong>clericis</strong></span> <span class='ocrx_word' id='word_1_128' title='bbox 2606 2313 2777 2364; x_wconf 89' lang='lat' dir='ltr'><strong>vero</strong></span> <span class='ocrx_word' id='word_1_129' title='bbox 2802 2290 3135 2363; x_wconf 88' lang='lat' dir='ltr'><strong>mandato</strong></span> <span class='ocrx_word' id='word_1_130' title='bbox 3162 2290 3474 2385; x_wconf 88' lang='lat' dir='ltr'><strong>predicto</strong></span> 
     </span>
     <span class='ocr_line' id='line_1_15' title="bbox 637 2411 3473 2509; baseline 0 -24"><span class='ocrx_word' id='word_1_131' title='bbox 637 2436 883 2509; x_wconf 89' lang='lat' dir='ltr'><strong>parere</strong></span> <span class='ocrx_word' id='word_1_132' title='bbox 944 2414 1344 2487; x_wconf 81' lang='lat' dir='ltr'><strong>nolentibus</strong></span> <span class='ocrx_word' id='word_1_133' title='bbox 1393 2422 1465 2484; x_wconf 92' lang='lat' dir='ltr'><strong>et</strong></span> <span class='ocrx_word' id='word_1_134' title='bbox 1508 2413 1580 2483; x_wconf 91' lang='lat' dir='ltr'><strong>in</strong></span> <span class='ocrx_word' id='word_1_135' title='bbox 1631 2411 1772 2484; x_wconf 85' lang='lat' dir='ltr'><strong>fide</strong></span> <span class='ocrx_word' id='word_1_136' title='bbox 1812 2423 2050 2485; x_wconf 90' lang='lat' dir='ltr'><strong>nostra</strong></span> <span class='ocrx_word' id='word_1_137' title='bbox 2105 2415 2535 2493; x_wconf 83' lang='lat' dir='ltr'><strong>ferventibus</strong></span> <span class='ocrx_word' id='word_1_138' title='bbox 2588 2416 3085 2504; x_wconf 88' lang='lat' dir='ltr'><strong>ecclesiastica,</strong></span> <span class='ocrx_word' id='word_1_139' title='bbox 3137 2415 3473 2508; x_wconf 86' lang='lat' dir='ltr'><strong>patrimo·</strong></span> 
     </span>
     <span class='ocr_line' id='line_1_16' title="bbox 638 2536 3464 2630; baseline 0 -23"><span class='ocrx_word' id='word_1_140' title='bbox 638 2538 849 2607; x_wconf 86' lang='lat' dir='ltr'><strong>nialia</strong></span> <span class='ocrx_word' id='word_1_141' title='bbox 916 2546 1151 2608; x_wconf 88' lang='lat' dir='ltr'><strong>autem</strong></span> <span class='ocrx_word' id='word_1_142' title='bbox 1231 2538 1421 2609; x_wconf 88' lang='lat' dir='ltr'><strong>bona</strong></span> <span class='ocrx_word' id='word_1_143' title='bbox 1492 2536 1828 2630; x_wconf 81' lang='lat' dir='ltr'><strong>proximis</strong></span> <span class='ocrx_word' id='word_1_144' title='bbox 1907 2538 2000 2608; x_wconf 90' lang='lat' dir='ltr'><strong>ab</strong></span> <span class='ocrx_word' id='word_1_145' title='bbox 2081 2538 2410 2610; x_wconf 86' lang='lat' dir='ltr'><strong>intestato</strong></span> <span class='ocrx_word' id='word_1_146' title='bbox 2480 2538 2924 2611; x_wconf 89' lang='lat' dir='ltr'><strong>venientibus</strong></span> <span class='ocrx_word' id='word_1_147' title='bbox 3001 2538 3464 2630; x_wconf 84' lang='lat' dir='ltr'><strong>assignentur.</strong></span> 
     </span>
     <span class='ocr_line' id='line_1_17' title="bbox 642 2659 3479 2751; baseline 0 -20"><span class='ocrx_word' id='word_1_148' title='bbox 642 2660 1022 2731; x_wconf 86' lang='lat' dir='ltr'><strong>Statuimus</strong></span> <span class='ocrx_word' id='word_1_149' title='bbox 1068 2660 1282 2732; x_wconf 88' lang='lat' dir='ltr'><strong>etiam</strong></span> <span class='ocrx_word' id='word_1_150' title='bbox 1343 2670 1427 2731; x_wconf 85' lang='lat' dir='ltr'><strong>ut</strong></span> <span class='ocrx_word' id='word_1_151' title='bbox 1472 2660 1646 2731; x_wconf 88' lang='lat' dir='ltr'><strong>nulli</strong></span> <span class='ocrx_word' id='word_1_152' title='bbox 1697 2659 1996 2751; x_wconf 89' lang='lat' dir='ltr'><strong>religiosi</strong></span> <span class='ocrx_word' id='word_1_153' title='bbox 2045 2660 2135 2731; x_wconf 92' lang='lat' dir='ltr'><strong>de</strong></span> <span class='ocrx_word' id='word_1_154' title='bbox 2180 2661 2459 2732; x_wconf 86' lang='lat' dir='ltr'><strong>civitate</strong></span> <span class='ocrx_word' id='word_1_155' title='bbox 2505 2660 2579 2731; x_wconf 91' lang='lat' dir='ltr'><strong>in</strong></span> <span class='ocrx_word' id='word_1_156' title='bbox 2620 2660 2970 2732; x_wconf 87' lang='lat' dir='ltr'><strong>civitatem</strong></span> <span class='ocrx_word' id='word_1_157' title='bbox 3033 2661 3340 2733; x_wconf 90' lang='lat' dir='ltr'><strong>audeant</strong></span> <span class='ocrx_word' id='word_1_158' title='bbox 3402 2682 3479 2732; x_wconf 90' lang='lat' dir='ltr'><strong>se</strong></span> 
     </span>
     <span class='ocr_line' id='line_1_18' title="bbox 644 2784 3480 2879; baseline 0 -24"><span class='ocrx_word' id='word_1_159' title='bbox 644 2785 1044 2874; x_wconf 83' lang='lat' dir='ltr'><strong>transferre,</strong></span> <span class='ocrx_word' id='word_1_160' title='bbox 1076 2784 1211 2856; x_wconf 91' lang='lat' dir='ltr'><strong>nisi</strong></span> <span class='ocrx_word' id='word_1_161' title='bbox 1248 2784 1609 2879; x_wconf 85' lang='lat' dir='ltr'><strong>potestatis</strong></span> <span class='ocrx_word' id='word_1_162' title='bbox 1641 2784 1814 2874; x_wconf 91' lang='lat' dir='ltr'><strong>loci,</strong></span> <span class='ocrx_word' id='word_1_163' title='bbox 1848 2784 1939 2856; x_wconf 90' lang='lat' dir='ltr'><strong>de</strong></span> <span class='ocrx_word' id='word_1_164' title='bbox 1976 2805 2118 2875; x_wconf 91' lang='lat' dir='ltr'><strong>quo</strong></span> <span class='ocrx_word' id='word_1_165' title='bbox 2145 2784 2278 2855; x_wconf 87' lang='lat' dir='ltr'><strong>iter</strong></span> <span class='ocrx_word' id='word_1_166' title='bbox 2311 2784 2679 2878; x_wconf 89' lang='lat' dir='ltr'><strong>arripient,</strong></span> <span class='ocrx_word' id='word_1_167' title='bbox 2717 2784 3212 2855; x_wconf 88' lang='lat' dir='ltr'><strong>testimoniales</strong></span> <span class='ocrx_word' id='word_1_168' title='bbox 3242 2784 3480 2855; x_wconf 82' lang='lat' dir='ltr'><strong>literas</strong></span> 
     </span>
     <span class='ocr_line' id='line_1_19' title="bbox 646 2906 3479 2997; baseline 0 -18"><span class='ocrx_word' id='word_1_169' title='bbox 646 2908 996 2995; x_wconf 80' lang='lat' dir='ltr'><strong>deferant,</strong></span> <span class='ocrx_word' id='word_1_170' title='bbox 1033 2917 1104 2979; x_wconf 86' lang='lat' dir='ltr'><strong>et</strong></span> <span class='ocrx_word' id='word_1_171' title='bbox 1139 2908 1310 2979; x_wconf 89' lang='lat' dir='ltr'><strong>alias</strong></span> <span class='ocrx_word' id='word_1_172' title='bbox 1339 2908 1476 2980; x_wconf 85' lang='lat' dir='ltr'><strong>sint</strong></span> <span class='ocrx_word' id='word_1_173' title='bbox 1509 2908 1820 2980; x_wconf 90' lang='lat' dir='ltr'><strong>moribus</strong></span> <span class='ocrx_word' id='word_1_174' title='bbox 1851 2917 1923 2981; x_wconf 90' lang='lat' dir='ltr'><strong>et</strong></span> <span class='ocrx_word' id='word_1_175' title='bbox 1958 2907 2101 2979; x_wconf 87' lang='lat' dir='ltr'><strong>vita</strong></span> <span class='ocrx_word' id='word_1_176' title='bbox 2134 2907 2547 2997; x_wconf 76' lang='lat' dir='ltr'><strong>laudabileS‚</strong></span> <span class='ocrx_word' id='word_1_177' title='bbox 2581 2929 2666 2978; x_wconf 86' lang='lat' dir='ltr'><strong>ac</strong></span> <span class='ocrx_word' id='word_1_178' title='bbox 2698 2908 2951 2979; x_wconf 88' lang='lat' dir='ltr'><strong>nostris</strong></span> <span class='ocrx_word' id='word_1_179' title='bbox 2982 2906 3306 2980; x_wconf 86' lang='lat' dir='ltr'><strong>fidelibus</strong></span> <span class='ocrx_word' id='word_1_180' title='bbox 3336 2928 3479 2979; x_wconf 88' lang='lat' dir='ltr'><strong>non</strong></span> 
     </span>
     <span class='ocr_line' id='line_1_20' title="bbox 646 3031 3482 3124; baseline 0 -22"><span class='ocrx_word' id='word_1_181' title='bbox 646 3033 890 3124; x_wconf 86' lang='lat' dir='ltr'><strong>ignoti.</strong></span> <span class='ocrx_word' id='word_1_182' title='bbox 927 3033 1257 3104; x_wconf 88' lang='lat' dir='ltr'><strong>Volentes</strong></span> <span class='ocrx_word' id='word_1_183' title='bbox 1290 3032 1500 3123; x_wconf 88' lang='lat' dir='ltr'><strong>igitur</strong></span> <span class='ocrx_word' id='word_1_184' title='bbox 1527 3031 1655 3103; x_wconf 90' lang='lat' dir='ltr'><strong>has</strong></span> <span class='ocrx_word' id='word_1_185' title='bbox 1681 3054 1900 3104; x_wconf 88' lang='lat' dir='ltr'><strong>novas</strong></span> <span class='ocrx_word' id='word_1_186' title='bbox 1926 3042 2162 3103; x_wconf 89' lang='lat' dir='ltr'><strong>nostre</strong></span> <span class='ocrx_word' id='word_1_187' title='bbox 2194 3032 2672 3104; x_wconf 87' lang='lat' dir='ltr'><strong>munificentie</strong></span> <span class='ocrx_word' id='word_1_188' title='bbox 2715 3034 3107 3105; x_wconf 86' lang='lat' dir='ltr'><strong>sanctiones</strong></span> <span class='ocrx_word' id='word_1_189' title='bbox 3143 3054 3191 3104; x_wconf 87' lang='lat' dir='ltr'><strong>a</strong></span> <span class='ocrx_word' id='word_1_190' title='bbox 3226 3031 3482 3104; x_wconf 88' lang='lat' dir='ltr'><strong>nostris</strong></span> 
     </span>
     <span class='ocr_line' id='line_1_21' title="bbox 645 3154 3482 3250; baseline -0 -24"><span class='ocrx_word' id='word_1_191' title='bbox 645 3154 969 3227; x_wconf 85' lang='lat' dir='ltr'><strong>fidelibus</strong></span> <span class='ocrx_word' id='word_1_192' title='bbox 1005 3155 1498 3227; x_wconf 91' lang='lat' dir='ltr'><strong>inviolabiliter</strong></span> <span class='ocrx_word' id='word_1_193' title='bbox 1527 3156 1924 3245; x_wconf 88' lang='lat' dir='ltr'><strong>observari,</strong></span> <span class='ocrx_word' id='word_1_194' title='bbox 1965 3166 2081 3226; x_wconf 90' lang='lat' dir='ltr'><strong>tue</strong></span> <span class='ocrx_word' id='word_1_195' title='bbox 2125 3154 2483 3228; x_wconf 90' lang='lat' dir='ltr'><strong>devotioni</strong></span> <span class='ocrx_word' id='word_1_196' title='bbox 2524 3155 2946 3250; x_wconf 89' lang='lat' dir='ltr'><strong>precipimus</strong></span> <span class='ocrx_word' id='word_1_197' title='bbox 2982 3165 3328 3247; x_wconf 88' lang='lat' dir='ltr'><strong>quatenus</strong></span> <span class='ocrx_word' id='word_1_198' title='bbox 3363 3174 3482 3225; x_wconf 87' lang='lat' dir='ltr'><strong>eas</strong></span> 
     </span>
     <span class='ocr_line' id='line_1_22' title="bbox 647 3279 3480 3374; baseline 0 -25"><span class='ocrx_word' id='word_1_199' title='bbox 647 3300 776 3373; x_wconf 92' lang='lat' dir='ltr'><strong>per</strong></span> <span class='ocrx_word' id='word_1_200' title='bbox 815 3289 1037 3351; x_wconf 89' lang='lat' dir='ltr'><strong>terras</strong></span> <span class='ocrx_word' id='word_1_201' title='bbox 1083 3279 1431 3371; x_wconf 88' lang='lat' dir='ltr'><strong>quaslibet</strong></span> <span class='ocrx_word' id='word_1_202' title='bbox 1472 3287 1588 3351; x_wconf 84' lang='lat' dir='ltr'><strong>tue</strong></span> <span class='ocrx_word' id='word_1_203' title='bbox 1612 3279 2076 3370; x_wconf 85' lang='lat' dir='ltr'><strong>jurisdictioni</strong></span> <span class='ocrx_word' id='word_1_204' title='bbox 2119 3279 2407 3350; x_wconf 87' lang='lat' dir='ltr'><strong>traditas</strong></span> <span class='ocrx_word' id='word_1_205' title='bbox 2449 3300 2574 3373; x_wconf 88' lang='lat' dir='ltr'><strong>per</strong></span> <span class='ocrx_word' id='word_1_206' title='bbox 2617 3289 2686 3350; x_wconf 88' lang='lat' dir='ltr'><strong>te</strong></span> <span class='ocrx_word' id='word_1_207' title='bbox 2734 3279 3074 3374; x_wconf 88' lang='lat' dir='ltr'><strong>imperiali</strong></span> <span class='ocrx_word' id='word_1_208' title='bbox 3119 3299 3480 3374; x_wconf 84' lang='lat' dir='ltr'><strong>program-</strong></span> 
     </span>
     <span class='ocr_line' id='line_1_23' title="bbox 644 3401 3482 3496; baseline 0.001 -26"><span class='ocrx_word' id='word_1_209' title='bbox 644 3412 829 3472; x_wconf 87' lang='lat' dir='ltr'><strong>mate</strong></span> <span class='ocrx_word' id='word_1_210' title='bbox 859 3402 1273 3496; x_wconf 79' lang='lat' dir='ltr'><strong>pnhlicatas,</strong></span> <span class='ocrx_word' id='word_1_211' title='bbox 1298 3401 1481 3472; x_wconf 88' lang='lat' dir='ltr'><strong>inter</strong></span> <span class='ocrx_word' id='word_1_212' title='bbox 1506 3410 1763 3473; x_wconf 86' lang='lat' dir='ltr'><strong>statuta</strong></span> <span class='ocrx_word' id='word_1_213' title='bbox 1787 3402 2086 3473; x_wconf 85' lang='lat' dir='ltr'><strong>civitatis</strong></span> <span class='ocrx_word' id='word_1_214' title='bbox 2114 3403 2515 3494; x_wconf 88' lang='lat' dir='ltr'><strong>cujuslibet,</strong></span> <span class='ocrx_word' id='word_1_215' title='bbox 2533 3412 2612 3474; x_wconf 90' lang='lat' dir='ltr'><strong>ut</strong></span> <span class='ocrx_word' id='word_1_216' title='bbox 2635 3404 2825 3473; x_wconf 91' lang='lat' dir='ltr'><strong>nulla</strong></span> <span class='ocrx_word' id='word_1_217' title='bbox 2848 3403 2938 3475; x_wconf 87' lang='lat' dir='ltr'><strong>sit</strong></span> <span class='ocrx_word' id='word_1_218' title='bbox 2966 3403 3035 3473; x_wconf 90' lang='lat' dir='ltr'><strong>in</strong></span> <span class='ocrx_word' id='word_1_219' title='bbox 3068 3402 3482 3474; x_wconf 81' lang='lat' dir='ltr'><strong>executione</strong></span> 
     </span>
     <span class='ocr_line' id='line_1_24' title="bbox 646 3525 3484 3621; baseline 0 -25"><span class='ocrx_word' id='word_1_220' title='bbox 646 3525 1043 3616; x_wconf 87' lang='lat' dir='ltr'><strong>diversitas,</strong></span> <span class='ocrx_word' id='word_1_221' title='bbox 1071 3525 1646 3597; x_wconf 81' lang='lat' dir='ltr'><strong>inextricabiliter</strong></span> <span class='ocrx_word' id='word_1_222' title='bbox 1663 3527 1917 3618; x_wconf 86' lang='lat' dir='ltr'><strong>jubeas</strong></span> <span class='ocrx_word' id='word_1_223' title='bbox 1943 3526 2381 3615; x_wconf 89' lang='lat' dir='ltr'><strong>inserendas,</strong></span> <span class='ocrx_word' id='word_1_224' title='bbox 2400 3535 2471 3598; x_wconf 89' lang='lat' dir='ltr'><strong>et</strong></span> <span class='ocrx_word' id='word_1_225' title='bbox 2492 3527 2855 3621; x_wconf 86' lang='lat' dir='ltr'><strong>promittas</strong></span> <span class='ocrx_word' id='word_1_226' title='bbox 2882 3548 3010 3598; x_wconf 89' lang='lat' dir='ltr'><strong>nos</strong></span> <span class='ocrx_word' id='word_1_227' title='bbox 3033 3526 3484 3597; x_wconf 84' lang='lat' dir='ltr'><strong>infallibiliter</strong></span> 
     </span>
     <span class='ocr_line' id='line_1_25' title="bbox 646 3648 3483 3744; baseline 0 -25"><span class='ocrx_word' id='word_1_228' title='bbox 646 3658 1067 3720; x_wconf 87' lang='lat' dir='ltr'><strong>servaturos.</strong></span> <span class='ocrx_word' id='word_1_229' title='bbox 1106 3648 1283 3720; x_wconf 88' lang='lat' dir='ltr'><strong>Huic</strong></span> <span class='ocrx_word' id='word_1_230' title='bbox 1325 3649 1535 3720; x_wconf 86' lang='lat' dir='ltr'><strong>etiam</strong></span> <span class='ocrx_word' id='word_1_231' title='bbox 1584 3648 2040 3744; x_wconf 87' lang='lat' dir='ltr'><strong>publicationi</strong></span> <span class='ocrx_word' id='word_1_232' title='bbox 2081 3650 2371 3742; x_wconf 88' lang='lat' dir='ltr'><strong>adjicias</strong></span> <span class='ocrx_word' id='word_1_233' title='bbox 2404 3649 2598 3743; x_wconf 89' lang='lat' dir='ltr'><strong>quod</strong></span> <span class='ocrx_word' id='word_1_234' title='bbox 2630 3650 2895 3722; x_wconf 90' lang='lat' dir='ltr'><strong>clericis</strong></span> <span class='ocrx_word' id='word_1_235' title='bbox 2925 3650 3248 3722; x_wconf 88' lang='lat' dir='ltr'><strong>omnibus</strong></span> <span class='ocrx_word' id='word_1_236' title='bbox 3280 3649 3483 3721; x_wconf 88' lang='lat' dir='ltr'><strong>nobis</strong></span> 
     </span>
     <span class='ocr_line' id='line_1_26' title="bbox 647 3772 3484 3867; baseline 0.001 -25"><span class='ocrx_word' id='word_1_237' title='bbox 647 3772 987 3844; x_wconf 87' lang='lat' dir='ltr'><strong>adherere</strong></span> <span class='ocrx_word' id='word_1_238' title='bbox 1027 3772 1424 3843; x_wconf 85' lang='lat' dir='ltr'><strong>volentibus</strong></span> <span class='ocrx_word' id='word_1_239' title='bbox 1478 3782 1551 3844; x_wconf 86' lang='lat' dir='ltr'><strong>et</strong></span> <span class='ocrx_word' id='word_1_240' title='bbox 1598 3773 1930 3845; x_wconf 88' lang='lat' dir='ltr'><strong>mandata</strong></span> <span class='ocrx_word' id='word_1_241' title='bbox 1975 3774 2325 3867; x_wconf 88' lang='lat' dir='ltr'><strong>presentia</strong></span> <span class='ocrx_word' id='word_1_242' title='bbox 2366 3774 2619 3846; x_wconf 89' lang='lat' dir='ltr'><strong>devote</strong></span> <span class='ocrx_word' id='word_1_243' title='bbox 2658 3774 3105 3846; x_wconf 83' lang='lat' dir='ltr'><strong>servantibus</strong></span> <span class='ocrx_word' id='word_1_244' title='bbox 3151 3773 3484 3844; x_wconf 81' lang='lat' dir='ltr'><strong>inviolata</strong></span> 
     </span>
     <span class='ocr_line' id='line_1_27' title="bbox 648 3895 3485 3991; baseline 0 -26"><span class='ocrx_word' id='word_1_245' title='bbox 648 3895 912 3967; x_wconf 89' lang='lat' dir='ltr'><strong>servari</strong></span> <span class='ocrx_word' id='word_1_246' title='bbox 943 3896 1269 3967; x_wconf 85' lang='lat' dir='ltr'><strong>volumus</strong></span> <span class='ocrx_word' id='word_1_247' title='bbox 1300 3896 1534 3967; x_wconf 90' lang='lat' dir='ltr'><strong>omnia</strong></span> <span class='ocrx_word' id='word_1_248' title='bbox 1566 3918 1812 3968; x_wconf 90' lang='lat' dir='ltr'><strong>eorum</strong></span> <span class='ocrx_word' id='word_1_249' title='bbox 1846 3896 2207 3991; x_wconf 91' lang='lat' dir='ltr'><strong>privilegia</strong></span> <span class='ocrx_word' id='word_1_250' title='bbox 2249 3907 2322 3969; x_wconf 91' lang='lat' dir='ltr'><strong>et</strong></span> <span class='ocrx_word' id='word_1_251' title='bbox 2368 3898 2866 3968; x_wconf 87' lang='lat' dir='ltr'><strong>ecclesiasticas</strong></span> <span class='ocrx_word' id='word_1_252' title='bbox 2910 3898 3266 3969; x_wconf 89' lang='lat' dir='ltr'><strong>libertates</strong></span> <span class='ocrx_word' id='word_1_253' title='bbox 3300 3918 3316 3959; x_wconf 73' lang='grc' dir='ltr'><strong><em>ε</em></strong></span> <span class='ocrx_word' id='word_1_254' title='bbox 3354 3916 3485 3966; x_wconf 92' lang='lat' dir='ltr'><strong>nec</strong></span> 
     </span>
     <span class='ocr_line' id='line_1_28' title="bbox 650 4019 3480 4115; baseline -0 -25"><span class='ocrx_word' id='word_1_255' title='bbox 650 4020 739 4090; x_wconf 89' lang='lat' dir='ltr'><strong>ad</strong></span> <span class='ocrx_word' id='word_1_256' title='bbox 766 4041 1015 4114; x_wconf 87' lang='lat' dir='ltr'><strong>pacem</strong></span> <span class='ocrx_word' id='word_1_257' title='bbox 1037 4021 1151 4092; x_wconf 89' lang='lat' dir='ltr'><strong>vel</strong></span> <span class='ocrx_word' id='word_1_258' title='bbox 1174 4019 1616 4091; x_wconf 83' lang='lat' dir='ltr'><strong>concordiam</strong></span> <span class='ocrx_word' id='word_1_259' title='bbox 1647 4042 1804 4092; x_wconf 93' lang='lat' dir='ltr'><strong>cum</strong></span> <span class='ocrx_word' id='word_1_260' title='bbox 1830 4041 2012 4114; x_wconf 89' lang='lat' dir='ltr'><strong>papa</strong></span> <span class='ocrx_word' id='word_1_261' title='bbox 2035 4021 2349 4115; x_wconf 90' lang='lat' dir='ltr'><strong>predicto</strong></span> <span class='ocrx_word' id='word_1_262' title='bbox 2375 4042 2448 4091; x_wconf 93' lang='lat' dir='ltr'><strong>se</strong></span> <span class='ocrx_word' id='word_1_263' title='bbox 2476 4031 2710 4092; x_wconf 90' lang='lat' dir='ltr'><strong>nostra</strong></span> <span class='ocrx_word' id='word_1_264' title='bbox 2735 4021 3070 4092; x_wconf 87' lang='lat' dir='ltr'><strong>serenitas</strong></span> <span class='ocrx_word' id='word_1_265' title='bbox 3095 4019 3480 4110; x_wconf 88' lang='lat' dir='ltr'><strong>inclinabit,</strong></span> 
     </span>
     <span class='ocr_line' id='line_1_29' title="bbox 649 4143 3486 4238; baseline 0.001 -26"><span class='ocrx_word' id='word_1_266' title='bbox 649 4143 781 4213; x_wconf 87' lang='lat' dir='ltr'><strong>nisi</strong></span> <span class='ocrx_word' id='word_1_267' title='bbox 827 4143 1022 4238; x_wconf 86' lang='lat' dir='ltr'><strong>prius</strong></span> <span class='ocrx_word' id='word_1_268' title='bbox 1072 4143 1281 4215; x_wconf 80' lang='lat' dir='ltr'><strong>iidem</strong></span> <span class='ocrx_word' id='word_1_269' title='bbox 1339 4143 1566 4215; x_wconf 88' lang='lat' dir='ltr'><strong>clerici</strong></span> <span class='ocrx_word' id='word_1_270' title='bbox 1613 4144 1686 4214; x_wconf 91' lang='lat' dir='ltr'><strong>in</strong></span> <span class='ocrx_word' id='word_1_271' title='bbox 1736 4144 2016 4238; x_wconf 90' lang='lat' dir='ltr'><strong>plenam</strong></span> <span class='ocrx_word' id='word_1_272' title='bbox 2073 4144 2577 4238; x_wconf 89' lang='lat' dir='ltr'><strong>possessionem</strong></span> <span class='ocrx_word' id='word_1_273' title='bbox 2635 4144 2946 4215; x_wconf 92' lang='lat' dir='ltr'><strong>omnium</strong></span> <span class='ocrx_word' id='word_1_274' title='bbox 3012 4144 3354 4216; x_wconf 88' lang='lat' dir='ltr'><strong>bonorum</strong></span> <span class='ocrx_word' id='word_1_275' title='bbox 3413 4150 3486 4214; x_wconf 84' lang='lat' dir='ltr'><strong>et</strong></span> 
     </span>
     <span class='ocr_line' id='line_1_30' title="bbox 649 4264 3486 4362; baseline 0 -27"><span class='ocrx_word' id='word_1_276' title='bbox 649 4265 1162 4337; x_wconf 82' lang='lat' dir='ltr'><strong>restitutionem</strong></span> <span class='ocrx_word' id='word_1_277' title='bbox 1189 4265 1456 4338; x_wconf 87' lang='lat' dir='ltr'><strong>ordinis</strong></span> <span class='ocrx_word' id='word_1_278' title='bbox 1487 4276 1561 4337; x_wconf 85' lang='lat' dir='ltr'><strong>et</strong></span> <span class='ocrx_word' id='word_1_279' title='bbox 1589 4266 1904 4358; x_wconf 88' lang='lat' dir='ltr'><strong>honoris,</strong></span> <span class='ocrx_word' id='word_1_280' title='bbox 1934 4265 2193 4358; x_wconf 85' lang='lat' dir='ltr'><strong>quibus</strong></span> <span class='ocrx_word' id='word_1_281' title='bbox 2224 4266 2508 4339; x_wconf 78' lang='lat' dir='ltr'><strong>forsitan</strong></span> <span class='ocrx_word' id='word_1_282' title='bbox 2544 4288 2670 4361; x_wconf 89' lang='lat' dir='ltr'><strong>per</strong></span> <span class='ocrx_word' id='word_1_283' title='bbox 2690 4265 2993 4340; x_wconf 85' lang='lat' dir='ltr'><strong>eundem</strong></span> <span class='ocrx_word' id='word_1_284' title='bbox 3025 4264 3278 4362; x_wconf 84' lang='lat' dir='ltr'><strong>privati</strong></span> <span class='ocrx_word' id='word_1_285' title='bbox 3303 4264 3486 4336; x_wconf 81' lang='lat' dir='ltr'><strong>exti-</strong></span> 
     </span>
     <span class='ocr_line' id='line_1_31' title="bbox 651 4389 1684 4482; baseline 0.005 -24"><span class='ocrx_word' id='word_1_286' title='bbox 651 4389 890 4478; x_wconf 89' lang='lat' dir='ltr'><strong>terint,</strong></span> <span class='ocrx_word' id='word_1_287' title='bbox 928 4390 1200 4482; x_wconf 88' lang='lat' dir='ltr'><strong>integre</strong></span> <span class='ocrx_word' id='word_1_288' title='bbox 1232 4390 1684 4463; x_wconf 87' lang='lat' dir='ltr'><strong>reducantur.</strong></span> 
     </span>
    </p>
   </div>
   <div class='ocr_carea' id='block_1_4' title="bbox 1708 4613 2432 4647">
    <p class='ocr_par' dir='ltr' id='par_1_4' title="bbox 1708 4613 2432 4647">
     <span class='ocr_line' id='line_1_32' title="bbox 1708 4613 2432 4647; baseline 0 -3"><span class='ocrx_word' id='word_1_289' title='bbox 1708 4613 2432 4647; x_wconf 72' lang='lat'><strong>—-—--000-—-—·—-</strong></span> 
     </span>
    </p>
   </div>
  </div>
 </body>
</html>
