4525 6031
1598 678 1850 739 mnu
1898 675 2598 739 DOCUMENTORUM.
3389 685 3514 750 957

699 883 929 960 1244

1526 1006 1832 1081 Tolosani,
1861 1023 1899 1068 a
1929 1006 2213 1068 fidelitate
2245 1009 2577 1069 eommunis
2611 1006 3042 1072 Avenionensis
3068 1010 3402 1086 absolutos,
3449 1018 3513 1075 iu

1526 1105 1817 1165 directum
1853 1103 2118 1182 ejusdem
2151 1106 2382 1164 comitis
2415 1105 2747 1166 dominium
2776 1107 3025 1168 reducit.
3393 1120 3509 1172 230

670 1210 946 1283 augusto.
1000 1199 1179 1279 Apud
1204 1199 1394 1262 Pisas.
1446 1232 1528 1247 —
1566 1201 2015 1262 concessionem
2062 1201 2447 1278 pedagiorum
2485 1202 2562 1262 ad
2604 1209 2842 1280 tempus
2868 1204 3173 1280 quondam
3213 1207 3285 1267 B.
3315 1206 3510 1269 Viva-

1527 1296 1706 1355 rlensi
1740 1297 2011 1373 episeopo
2042 1310 2079 1354 a
2105 1311 2170 1356 se
2197 1295 2556 1366 exhibitam,
2588 1312 2694 1373 pro
2721 1313 2791 1358 eo
2817 1299 2979 1376 quod
3007 1316 3311 1361 successor
3343 1304 3514 1378 ejus-

1526 1391 1664 1453 dem
1716 1393 1974 1470 episcopi
2021 1393 2147 1452 suis
2200 1392 2519 1454 rebellibus
2568 1397 2838 1472 nequiter
2885 1396 3185 1472 adhaesit,
3231 1404 3513 1474 perpetuo

674 1598 948 1671 augusto.
1113 1585 1288 1649 Pisis.
1447 1496 1995 1647 —mggggmbium
2019 1585 2213 1646 fllium
2240 1586 2542 1662 quondam
2566 1586 2867 1649 Venturae
2891 1588 3133 1651 Massoli
3158 1591 3234 1652 de
3259 1502 3518 1654 Col-tiz}

1528 1689 1589 1744 et
1614 1685 1764 1744 duos
1790 1685 1938 1744 alios
1960 1684 2228 1761 publicos
2255 1685 2485 1760 imperii
2512 1684 2855 1746 tabelliones
2882 1688 3211 1747 constituit.
3240 1725 3247 1730 -
3397 1696 3513 1748 232

695 1793 770 1845 27
791 1801 932 1865 aug.
1118 1778 1292 1840 Pisis.
1448 1811 1531 1823 —
1569 1779 1665 1839 Ad
1691 1781 1992 1857 querelam
2033 1778 2268 1839 abbatis
2301 1779 2503 1840 Sancti
2542 1780 2865 1842 salvatoris
2900 1782 2976 1844 de
3008 1783 3216 1842 Monte
3244 1783 3514 1857 Amiato,

1527 1875 1823 1936 Pandulfo
1849 1876 1923 1936 de
1954 1876 2266 1936 Fasanella
2301 1878 2530 1953 imperii
2570 1878 2632 1937 iu
2668 1879 2885 1938 Tuscia
2918 1881 3226 1956 capitaneo
3261 1881 3518 1958 generali

1528 1973 1776 2033 mandat
1808 1979 1878 2034 ut
1916 1973 1995 2033 ad
2040 1988 2321 2050 magnam
2365 1991 2538 2034 suam
2587 1977 2809 2035 curiam
2855 1977 2996 2036 citet
3036 1979 3517 2038 communitatem

1529 2072 1708 2129 castri
1736 2070 1961 2131 Montis
1987 2070 2179 2147 Nigri,
2213 2071 2587 2130 vicecomites
2612 2070 2689 2130 de
2724 2070 3013 2149 Campilio
3041 2078 3103 2132 et
3127 2071 3297 2150 alios,
3324 2071 3517 2132 eidem

1527 2164 1731 2225 abbati
1756 2165 1830 2226 de
1859 2166 2153 2226 violentiis
2180 2166 2358 2226 illatis
2390 2182 2795 2243 responsuros.
3397 2177 3514 2232 233

673 2268 949 2341 angusto.
1115 2258 1295 2336 Apud
1449 2293 1531 2306 —-
1568 2261 1693 2322 Sub
1716 2279 1826 2324 sua
1850 2270 1908 2324 et
1934 2264 2165 2340 imperii
2191 2262 2428 2340 speciali
2448 2266 2807 2340 protectione
2832 2280 3146 2325 commune
3166 2265 3242 2326 de
3262 2266 3519 2328 San-tana

1079 2354 1324 2418 Lueam.
1529 2374 1666 2418 cum
1700 2357 1976 2419 omnibus
2001 2361 2129 2436 ejus
2155 2360 2328 2421 bonis
2354 2361 2583 2436 recipit.
3399 2371 3515 2424 235

688 2464 767 2516 28
789 2461 938 2533 sept.
1074 2453 1343 2517 Zunculi.
1453 2488 1530 2500 —
1568 2457 1854 2517 Potestati
1879 2462 1940 2516 et
1964 2457 2208 2516 consilio
2243 2455 2529 2516 Mantuae
2563 2456 2811 2516 mandat
2842 2462 2913 2517 ut
2944 2458 3200 2517 Henrlco
3231 2458 3305 2518 de
3340 2457 3521 2520 Ulma

1529 2569 1640 2632 pro
1680 2555 1911 2629 imperii
1961 2556 2214 2632 negotiis
2268 2555 2333 2614 in
2378 2553 2791 2614 Alemanniam
2842 2551 3143 2614 festinanti
3182 2553 3258 2614 de
3309 2570 3520 2617 securo

1533 2651 1833 2710 conductu
1856 2666 2064 2711 versus
2088 2650 2387 2711 Veronam
2412 2649 2719 2727 providere
2746 2650 2954 2712 velint.
3397 2661 3515 2714 236

719 2756 758 2809 o
797 2755 916 2811 oet.
1120 2743 1300 2822 Apud
1455 2779 1535 2792 —
1574 2746 1946 2808 officialibus
1980 2754 2040 2807 et
2070 2748 2349 2808 omnibus
2384 2745 2657 2807 fidelibus
2689 2748 2812 2806 suis
2853 2762 2958 2823 per
2995 2763 3247 2826 regnum
3287 2748 3521 2811 Siciliae

1008 2840 1405 2904 Ferentinum.
1532 2845 1868 2904 constitutis
1894 2843 2143 2903 mandat
2168 2848 2238 2903 ut
2262 2842 2537 2903 abbatem
2567 2847 2627 2902 et
2652 2848 3008 2902 conventum
3030 2843 3232 2904 Sancti
3264 2845 3520 2906 Modesti

1532 2942 1690 3019 apud
1717 2943 2121 3002 Beneventum
2146 2941 2210 2998 in
2235 2938 2403 2999 nullo
2429 2938 2689 2999 indebite
2720 2946 3067 3018 aggravent.
3400 2950 3515 3004 913

699 3036 944 3116 [octobri
990 3077 1421 3100 .......
1456 3069 1536 3084 —
1575 3038 1881 3099 Universis
1916 3036 2126 3097 mundi
2158 3033 2521 3113 principibus
2559 3035 2765 3095 scribit
2799 3035 2876 3095 de
2909 3037 3163 3097 sinistris
3203 3038 3520 3101 eventibus

694 3135 953 3215 ineunt]
1531 3138 1724 3211 quiin
1749 3135 1932 3195 Terra
1953 3133 2171 3194 Sancta
2197 3133 2551 3194 christianos
2577 3132 2947 3211 afflixerunt,
2969 3133 3249 3211 doletque
3275 3135 3350 3195 de
3375 3152 3519 3213 paee

1530 3248 1668 3292 cum
1698 3231 1954 3292 Soldano
1981 3230 2344 3307 Babyloniae
2369 3229 2774 3307 imprudenter
2793 3234 3001 3307 rupta,
3030 3230 3174 3290 dum
3201 3230 3351 3291 nihil
3376 3230 3521 3293 boni

1529 3329 1606 3389 de
1631 3328 1784 3389 bello
1811 3327 2141 3406 provideat.
3400 3337 3518 3390 236

710 3435 781 3490 31
809 3434 925 3489 oct.
1065 3423 1344 3506 Fogglae.
1451 3455 1532 3470 —
1568 3424 1856 3487 Potestati
1890 3428 1953 3484 et
1976 3424 2220 3483 consilio
2254 3422 2538 3484 Mantuae
2567 3421 2815 3484 mandat
2846 3427 2918 3483 ut
2951 3421 3209 3482 Iohanni
3244 3422 3319 3483 de
3348 3423 3521 3485 Lob-

1529 3521 1795 3600 denburg
1820 3538 1927 3599 pro
1954 3522 2210 3581 servitiis
2236 3521 2467 3597 imperii
2493 3521 2557 3579 in
2585 3518 3001 3580 Alemanniam
3027 3522 3194 3580 eunti
3227 3536 3333 3598 pa·
3355 3522 3521 3598 ipso-

1530 3636 1666 3680 rum
1692 3619 2025 3679 districtum
2045 3618 2121 3677 de
2146 3633 2357 3678 securo
2384 3617 2682 3678 conductu
2707 3617 3016 3695 providere
3040 3616 3245 3678 velint.
3400 3625 3517 3679 240

740 3743 889 3787 nov.
1063 3724 1341 3805 Poggiae.
1449 3749 1534 3762 -—
1569 3716 1667 3777 Ad
1702 3717 2189 3793 supplicationem
2219 3717 2555 3776 communis
2590 3715 2862 3777 Civitatis
2888 3715 3091 3775 Novae
3115 3715 3191 3775 de
3216 3712 3515 3791 Marchia,

1529 3813 1840 3892 privilegia
1875 3820 1937 3872 et
1970 3812 2434 3874 consuetudines
2471 3811 2691 3889 quibus
2716 3811 3081 3888 temporibus
3105 3814 3203 3871 avi
3236 3818 3299 3872 et
3332 3816 3518 3889 patris

1530 3916 1625 3974 sui
1664 3912 2014 3990 utebantur,
2051 3911 2379 3972 dummodo
2419 3913 2481 3970 in
2530 3909 2648 3969 fide
2685 3926 2796 3971 sua
2841 3917 3245 3991 perseverent,
3288 3911 3518 3973 conflr-

1528 4017 1677 4069 mat.
3396 4016 3508 4070 241

628 4114 634 4120 ’
724 4112 911 4190 [circa
990 4153 1007 4169 .
1069 4149 1418 4170 ......
1449 4137 1531 4150 -
1568 4104 2059 4166 Procuratoribus
2084 4105 2250 4182 regni
2270 4102 2622 4163 Germaniae
2646 4101 2891 4162 mandat
2917 4108 2988 4162 ut
3012 4119 3050 4162 a
3077 4102 3202 4163 illio
3226 4119 3337 4164 suo
3360 4103 3517 4167 Cou-

705 4225 932 4269 ammm
1527 4201 1675 4262 rado
1702 4201 1831 4262 ilios
1867 4206 2213 4261 removeant
2237 4200 2344 4274 qui
2381 4213 2573 4257 mores
2600 4200 2727 4275 ejus
2760 4198 3121 4275 depravant,
3152 4206 3212 4260 et
3242 4202 3400 4261 viros
3437 4200 3514 4261 de

718 4303 920 4384 1244.]
1526 4298 2010 4359 ministerialibus
2052 4298 2284 4379 imperil
2316 4295 2608 4377 probitate
2655 4298 3000 4372 conspicuos
3034 4297 3203 4358 lateri
3250 4296 3513 4376 ejusdem

1529 4399 1687 4474 regis
1707 4396 2025 4474 applicent.
3394 4402 3514 4456 244

730 4497 912 4580 [cirea
989 4536 1010 4556 .
1074 4535 1418 4559 ......
1447 4525 1532 4541 -
1569 4494 1908 4556 conradum
1941 4493 2132 4553 tilium
2157 4508 2334 4553 suum
2371 4489 2718 4551 adhortatur
2743 4496 2812 4551 ut
2837 4489 3009 4552 bonis
3035 4490 3298 4553 moribus
3323 4492 3513 4552 infor-

703 4611 927 4655 annum
1529 4596 1726 4650 matus
1752 4590 2011 4650 consiliis
2035 4590 2388 4668 sapientium
2416 4587 2779 4665 nequissent,
2806 4602 2916 4647 nec
2936 4589 3353 4650 venationibus
3378 4589 3513 4667 plus

719 4689 921 4771 1244.]
1537 4702 1720 4765 quam
1747 4685 1953 4748 deceat
1984 4685 2326 4756 delectetur,
2356 4682 2693 4760 exemplum
2726 4697 2897 4747 casus
2920 4682 3159 4746 Henriei
3188 4684 3385 4747 fratris
3417 4685 3514 4744 sui

1527 4785 1780 4849 firmiter
1803 4802 2014 4867 gerens
2043 4789 2109 4847 in
2140 4786 2448 4847 memorla.
3394 4793 3509 4846 245

836 4891 941 4954 VI.
985 4911 1163 4958 rans.
3078 4899 3186 4953 121
