4525 6031
1117 646 1245 708 824
2166 649 2534 713 CONRADI
2584 650 2889 725 QUARTI
3547 647 3714 727 [An.
3749 648 3923 711 1241.

1280 809 1470 882 (Edit.
1501 826 1598 886 ap.
1631 809 1879 871 Caum·
1911 810 2047 872 hc.
2080 810 2398 890 Knmns,
2432 808 2695 872 Urbana.
2726 827 2840 871 ιω·
2871 805 3074 871 ὒῦΙεΙι.
3102 805 3232 869 md
3264 804 3557 888 Bes-qiua.
3590 804 3926 880 Guckiclttc.

1353 922 1398 975 t.
1430 914 1511 985 11,
1542 933 1602 993 p.
1639 924 1741 990 82,
1774 927 1838 975 n·
1866 915 2111 996 LXIII.)

1213 1101 1603 1174 Fridericus
1633 1102 1759 1173 Dei
1787 1102 2009 1194 gratia
2041 1102 2512 1174 Romanorum
2547 1103 2922 1197 imperator
2936 1109 3586 1195 semperaugustus,
3605 1098 3926 1171 Iber-usa·

1113 1227 1251 1297 lem
1288 1237 1358 1297 et
1398 1226 1624 1298 SIcilie
1658 1247 1787 1296 rex
1820 1224 1959 1321 (l),
2002 1226 2344 1297 universis
2386 1226 2655 1322 imperii
2696 1225 3017 1298 fidelibus
3046 1223 3338 1316 gratiam
3380 1244 3577 1294 suam
3624 1233 3695 1294 et
3723 1243 3925 1294 omne

1111 1347 1398 1419 bonum.
1440 1348 1553 1420 Ad
1586 1349 2005 1444 presentiam
2046 1349 2514 1421 universitatis
2553 1357 2784 1420 vestre
2815 1351 3139 1420 volumus
3175 1347 3539 1442 pervenire
3568 1346 3755 1439 quod
3798 1367 3924 1417 nos

1108 1468 1445 1541 habentes
1474 1493 1598 1565 pre
1630 1473 1847 1543 oculis
1874 1484 2098 1564 grata,
2130 1473 2386 1545 devota
2411 1494 2494 1544 ac
2509 1484 2795 1567 accepta
2808 1472 3086 1543 servitia
3112 1493 3249 1564 que
3266 1470 3678 1542 Willielmus
3695 1489 3925 1540 comes

1106 1592 1512 1665 Juliaceusis
1538 1596 1739 1667 nobis
1766 1606 1836 1666 et
1870 1595 2161 1690 imperio
2193 1596 2527 1668 hactenus
2559 1596 2876 1669 exhibuit
2904 1606 2975 1667 et
3007 1596 3074 1666 in
3109 1604 3314 1666 antea
3347 1593 3649 1686 gratiora
3675 1592 3926 1688 poterit

1109 1717 1443 1789 exhibere
1463 1771 1482 1807 ‚
1518 1718 1607 1789 de
1636 1719 1873 1791 inuata
1900 1721 2121 1812 gratia
2140 1730 2375 1791 nostra
2403 1720 2534 1815 ipsi
2557 1719 2890 1815 oppidum
2921 1729 3233 1793 nostrum
3265 1719 3499 1790 Duren
3529 1738 3656 1812 pro
3680 1716 3921 1788 decem

1107 1841 1411 1912 millibus
1441 1864 1826 1914 marcarum
1860 1844 2127 1936 argenti
2156 1843 2531 1915 liberaliter
2558 1843 2890 1915 duximus
2920 1844 3409 1936 obligandum3
3448 1842 3693 1935 etipse
3726 1851 3797 1911 et
3818 1840 3921 1911 sui

1107 1963 1403 2037 heredes
1430 1966 1691 2038 dictum
1726 1968 2011 2062 opidum
2043 1990 2084 2038 a
2119 1968 2321 2039 nobis
2353 1979 2423 2039 et
2458 1968 2711 2039 nostris
2742 1967 3254 2039 successoribus
3287 1965 3821 2060 imperatoribus
3853 1973 3920 2035 et

1110 2089 1387 2179 regibus
1425 2092 1891 2163 Romanorum
1942 2091 2313 2180 tenebunt,
2364 2091 2588 2162 donec
2636 2090 2700 2162 ei
2740 2092 2855 2162 vel
2904 2090 3048 2162 suis
3082 2089 3456 2161 heredibus
3492 2110 3534 2159 a
3573 2088 3775 2160 nobis
3800 2088 3915 2157 ’vel

1108 2212 1360 2283 nostris
1399 2215 1910 2287 successoribus
1956 2216 2046 2287 de
2092 2216 2489 2311 prescriptis
2524 2216 2771 2285 marcis
2814 2214 3022 2285 fuerit
3053 2214 3362 2309 plenarie
3408 2223 3478 2284 et
3518 2233 3646 2307 per
3689 2210 3918 2283 omnia

1107 2335 1554 2408 satisfactum.
1598 2337 1750 2422 Quo
1791 2340 2000 2427 facto,
2041 2339 2304 2411 dictum
2340 2339 2674 2433 oppidum
2706 2338 2798 2411 ad
2843 2338 3208 2433 imperium
3256 2339 3472 2408 libere
3499 2345 3910 2423 revertetur,

1108 2459 1431 2553 idemque
1459 2484 1693 2534 comes
1721 2474 1792 2534 et
1819 2464 1926 2534 sui
1959 2462 2251 2535 heredes
2279 2486 2406 2558 pro
2443 2473 2633 2535 tanta
2663 2463 2885 2554 gratia
2919 2463 3018 2533 eis
3043 2463 3352 2556 impensa
3381 2483 3465 2533 eo
3491 2460 3916 2553 frequentius

1104 2586 1448 2657 mandatis
1493 2586 1762 2680 imperii
1809 2595 2145 2681 perpetuo
2192 2557 2676 2679 subjacebunt.
2728 2587 2903 2657 Huic
2951 2587 3134 2657 facto
3182 2595 3418 2656 nostro
3459 2584 3918 2655 interfuerunt

1103 2708 1493 2782 Fridericus
1561 2731 1795 2782 comes
1859 2710 1949 2783 de
2008 2711 2387 2782 Liniuchen
2417 2763 2436 2799 ,
2495 2709 2911 2782 Godefridus
2986 2709 3076 2780 de
3147 2707 3458 2781 Hohenlo
3525 2706 3628 2804 (a)
3651 2761 3670 2797 ,
3736 2708 3910 2780 Con·

1101 2832 1313 2904 radus
1344 2833 1433 2904 de
1457 2834 1880 2924 Smedevelt,
1904 2836 2105 2906 Crato
2137 2834 2225 2906 de
2256 2835 2624 2924 Bocsberc,
2653 2834 2998 2904 Walterus
3029 2833 3358 2927 pincerna
3390 2831 3477 2903 de
3512 2830 3906 2919 Limburch‚

1098 2957 1511 3030 Wilhelmus
1537 2959 1792 3049 BonuS,
1831 2958 2044 3032 etalii
2073 2959 2544 3053 quamplures,
2581 2960 2654 3029 ln
2681 2959 2789 3051 cuj
2801 2980 2879 3029 us
2905 2958 3005 3028 rei
3036 2956 3503 3029 testimonium
3540 2976 3823 3051 presens
3850 2954 3912 3026 ei

1100 3075 1420 3149 dedimus
1457 3078 1787 3173 scriptum
1824 3078 2049 3169 sigillo
2081 3087 2320 3150 nostro
2349 3078 2717 3148 munitum.

1198 3201 1450 3271 Datum
1485 3202 1821 3273 Cremone
1862 3200 1996 3297 (b),
2031 3223 2216 3273 anuo
2261 3202 2606 3274 dominice
2645 3199 3141 3272 incarnationis
3175 3199 3541 3270 millesimo
3572 3199 3906 3269 ducente·

1099 3323 1274 3394 simo
1308 3323 1838 3415 quadragesimo
1873 3325 2095 3418 primo
2117 3377 2136 3413 ‚
2174 3346 2412 3396 mense
2444 3324 2746 3413 octobri,
2780 3324 3024 3417 quinta
3053 3323 3323 3395 decima
3358 3322 3758 3393 indictione.

1179 3494 1261 3575 (a)
1305 3497 1376 3556 In
1403 3497 1682 3575 Impresso
1708 3493 1778 3556 de
1801 3494 1966 3570 Helo,
2000 3495 2173 3557 male.

1176 3599 1256 3680 (b)
1303 3603 1499 3676 Quum
1545 3604 1656 3662 hoc
1691 3619 1907 3662 nomeu
1949 3604 2191 3661 miulme
2217 3605 2522 3662 itinerario
2550 3602 2804 3663 Conradl
2839 3605 3185 3680 conveniat,
3230 3599 3460 3664 colonie
3488 3605 3634 3664 satls
3662 3604 3908 3663 ilbenter

1089 3709 1518 3769 restituendum
1546 3711 1949 3786 proponimus,
1979 3709 2074 3768 vel
2098 3708 2345 3768 forsitan
2380 3709 2680 3770 Tremom'e
2708 3706 3110 3787 (Doetmund).

1161 3998 1237 4071 (⁴)
1273 4000 1444 4057 Notae
1471 3999 1891 4073 chronologicae,
1917 4000 2091 4074 ipsius
2117 4001 2423 4058 documenti
2452 4008 2608 4059 tenor
2633 4007 2689 4058 et
2714 4000 3033 4075 praesertim
3067 4000 3286 4057 testium
3308 3999 3521 4056 nomina
3550 4001 3744 4057 docent
3767 4000 3906 4057 hanc

1087 4096 1328 4154 chartam
1359 4096 1428 4153 ad
1455 4097 1762 4156 Conradum
1799 4098 2051 4155 Friderici
2089 4098 2256 4155 filium
2301 4099 2499 4158 rectius
2541 4097 2847 4173 pertinere,
2879 4099 3021 4154 sicut
3054 4098 3258 4156 diserte
3296 4098 3504 4155 monuit
3545 4098 3899 4168 Boehmerm‚

1092 4194 1517 4252 Uncinreihbaro
1536 4196 1742 4267 stiicke,
1768 4213 1827 4270 p.
1848 4197 2116 4254 LXXXV.
2141 4196 2516 4255 contusionem
2533 4212 2672 4269 quae
2694 4196 2750 4252 in
2768 4195 2952 4252 codice
2964 4195 3278 4270 irrepserat,
3305 4212 3410 4254 non
3431 4196 3636 4253 detexit
3660 4197 3902 4253 Kremer.

2215 4484 2916 4521 w—
