4525 6031
750 707 952 771 [nutet.
986 707 1079 789 ·1.]
1637 707 2034 773 HISTORIA
2084 703 2678 773 DIPLoMAthA.
3448 705 3566 767 727

849 844 1291 915 Innocentius
1324 896 1346 936 ,
1425 854 1561 917 etc.
1590 897 1611 935 ‚
1687 845 1903 916 nobili
1978 845 2132 917 viro
2193 846 2272 916 P.
2346 856 2510 917 nato
2588 842 2838 915 nobilis
2904 841 3036 914 viri
3099 839 3415 914 Pandulfi
3478 841 3567 914 de

749 964 1064 1060 Aquino,
1120 977 1252 1039 etc.
1296 967 1464 1039 Cum
1502 966 1755 1039 nobilis
1795 967 1902 1039 vir
1936 968 2313 1040 Pandulfus
2350 967 2440 1040 de
2472 966 2747 1061 Aquino
2778 976 2977 1061 pater
3013 976 3173 1036 tuus
3204 965 3567 1038 Frederico

748 1091 1103 1183 quondam
1147 1090 1544 1185 imperatori
1590 1101 1830 1163 contra
1879 1091 2257 1163 Ecclesiam
2307 1091 2645 1163 adherere
2695 1100 3076 1185 presumat,
3113 1110 3242 1160 nos
3276 1090 3567 1183 provide

748 1212 1190 1286 attendentes
1223 1211 1415 1308 quod
1449 1213 1636 1286 idem
1665 1236 1916 1308 penam
1946 1225 2230 1310 propter
2259 1214 2394 1287 hoc
2425 1213 2705 1303 meruit,
2745 1223 2819 1284 tu
2850 1233 3019 1284 vero
3048 1233 3174 1306 pro
3212 1222 3330 1285 tua
3362 1212 3571 1287 devo·

752 1335 939 1408 tione
952 1358 1113 1409 cum
1131 1336 1439 1408 Ecclesia
1452 1336 1740 1407 exilium
1764 1337 2073 1433 patiaris,
2100 1338 2396 1432 gratiam
2421 1338 2539 1409 tibi
2556 1336 2752 1408 Sedis
2763 1336 3160 1431 Apostolice
3183 1336 3569 1410 vendicasti

749 1465 828 1530 ut
861 1466 936 1528 tu
966 1459 1205 1552 tuique
1228 1480 1662 1532 successores
1693 1460 2083 1551 baroniam,
2124 1472 2352 1533 castra
2389 1471 2758 1556 ceteraque
2780 1459 2966 1532 bona
2998 1481 3124 1532 sua
3156 1481 3293 1551 que
3321 1470 3463 1531 tam
3493 1460 3567 1533 in

748 1603 964 1673 regno
1014 1579 1242 1655 Sicilie
1284 1605 1495 1677 quam
1534 1595 1733 1656 extra
1783 1579 1959 1657 illud
1998 1583 2184 1683 (sic)
2236 1581 2533 1676 obtinet,
2576 1586 2793 1657 libere
2827 1594 2898 1657 et
2929 1583 3238 1679 plenarie
3268 1584 3448 1657 sicut
3481 1601 3567 1656 ea

746 1701 893 1799 ipse
925 1705 1184 1778 habere
1212 1701 1622 1799 dinoscitur,
1655 1707 1998 1799 habeatis»,
2030 1711 2440 1782 auctoritate
2472 1709 2899 1804 presentium
2926 1708 3391 1800 indulgemuS,
3423 1730 3566 1780 non

746 1828 1067 1902 obstante
1095 1829 1154 1902 si
1188 1825 1422 1925 aliqua
1454 1851 1548 1903 ex
1574 1831 1741 1926 ipsis
1772 1832 1926 1904 aliis
1957 1833 2242 1906 duxerit
2274 1832 2750 1923 concedenda;
2784 1832 2878 1903 ita
2910 1842 3138 1903 tamen
3164 1829 3355 1923 quod
3383 1833 3440 1905 si
3471 1829 3564 1905 ad
3689 1911 3696 1930 „

747 1951 1193 2027 devotionem
1239 1966 1311 2027 et
1356 1954 1761 2030 mandatum
1806 1956 2113 2029 Ecclesie
2151 1953 2475 2048 redierit,
2518 1956 2637 2028 illa
2664 1956 2899 2029 omnia
2929 1954 3201 2048 integra
3234 1945 3567 2029 rehabeat

748 2076 925 2148 sicut
956 2078 1171 2172 priuS.
1204 2079 1391 2150 Nulli
1418 2101 1612 2172 ergo,
1652 2090 1761 2152 etc
1770 2129 3558 2152 .......................

842 2201 1093 2273 Datum
1118 2201 1481 2295 Lugduni,
1514 2203 1604 2274 111
1634 2202 1966 2275 kalendas
1996 2203 2203 2295 maii,
2236 2223 2422 2275 anno
2449 2203 2591 2276 Vl⁰.

848 2979 1332 3064 1nn00entius
1389 3005 1589 3091 papa
1641 2981 1742 3063 ad
1793 2917 2051 3090 preces
2108 2980 2451 3064 macardi
2499 2979 2880 3064 Francisci
2942 2979 3195 3062 dilecti
3252 2978 3390 3061 filii
3444 2980 3564 3064 sus
3670 3046 3726 3087 „0

740 3112 961 3195 Petro
996 3114 1363 3195 cardinali
1401 3112 1658 3196 Sancti
1697 3115 1998 3223 Georgii
2037 3115 2134 3196 ad
2170 3114 2444 3196 Velum
2482 3114 2820 3197 Aureum
2854 3113 3110 3224 legato
3144 3139 3285 3196 suo
3321 3139 3563 3196 man-

741 3244 875 3327 dat
927 3255 1015 3327 ut
1062 3245 1414 3354 Philippo
1450 3246 1855 3330 Scriniario
1913 3246 2058 3328 civi
2104 3245 2454 3330 Romano
2506 3247 2605 3328 de
2663 3246 2926 3356 aliquo
2975 3246 3206 3331 feudo
3255 3246 3568 3329 militari

742 3377 818 3455 in
856 3403 1095 3486 regno
1133 3377 1433 3461 Siciliae
1463 3377 1858 3488 provideat
1889 3378 2007 3462 vel
2046 3377 2274 3462 faciat
2313 3377 2755 3488 provideri.'

912 3646 1158 3724 (lnedlt.
1187 3666 1262 3709 ex
1289 3649 1496 3709 eodem
1522 3648 1721 3710 codice
1753 3658 1931 3720 4039,
1967 3658 2032 3709 n⁰
2062 3649 2227 3725 649.)

844 3931 1321 4021 InnocentiuS,
1365 3941 1535 4023 etc„
1571 3931 1649 4003 P.
1684 3930 1917 4002 Sancti
1949 3928 2222 4022 Georgii
2254 3930 2350 4002 ad
2379 3930 2626 4003 Velum
2651 3928 2962 4000 Aureum
3002 3928 3298 4003 diacono
3337 3931 3566 4003 cardi·

740 4052 909 4146 nali,
940 4054 1335 4151 Apostolice
1353 4054 1553 4127 Sedis
1585 4054 1839 4147 legato,
1875 4064 2009 4126 etc.
2042 4050 2372 4126 Volentes
2402 4054 2694 4126 obtentu
2729 4053 2965 4125 dilecti
2996 4052 3119 4124 filii
3151 4055 3403 4127 nobilis
3435 4055 3568 4127 viri

740 4178 1055 4252 Riccardi
1078 4178 1244 4251 dicti
1256 4178 1625 4268 Francisci,
1654 4177 1972 4274 Philippo
1998 4176 2369 4249 Scriniario
2396 4176 2530 4250 civi
2545 4177 2886 4267 Romano,
2916 4176 3141 4270 quide
3156 4198 3372 4271 regno
3395 4179 3574 4251 Sici-⁴

738 4302 828 4374 lie
859 4301 1073 4373 traxit
1099 4302 1464 4394 originem,
1499 4301 1795 4394 gratiam
1822 4303 2051 4374 facere
2084 4300 2488 4395 specialem,
2520 4300 2935 4373 mandamus
2964 4314 3310 4394 quatenus
3339 4302 3569 4375 eidem

740 4424 867 4497 Ph.
912 4426 984 4495 in
1011 4444 1229 4517 regno
1259 4425 1410 4520 ipso
1442 4424 1533 4497 de
1564 4424 1802 4518 aliquo
1834 4423 2045 4496 feudo
2081 4423 2362 4509 militari
2395 4425 2454 4496 si
2484 4434 2691 4496 vacat
2724 4424 2817 4497 ad
2844 4445 3130 4519 presens
3167 4427 3284 4497 vel
3316 4444 3566 4520 quam-

742 4550 1044 4645 primum
1066 4549 1160 4621 ad
1203 4548 1276 4621 id
1312 4549 1644 4622 obtulerit
1675 4571 1750 4621 se
1782 4550 2101 4640 facultas,
2136 4548 2510 4645 provideas
2540 4551 2655 4620 vel
2709 4548 2920 4622 facias
2969 4542 3345 4645 provideri.
3384 4550 3564 4623 Con·

744 4668 1119 4746 tradictore
1141 4727 1161 4765 ,
1221 4682 1332 4745 etc
1337 4724 3476 4746 ...........................
3542 4727 3565 4746 .

841 4798 1090 4868 Datum
1122 4797 1476 4890 Lugduni,
1506 4797 1564 4869 Π
1589 4796 1923 4869 kalendas
1954 4796 2154 4886 maii,
2191 4817 2384 4869 anno
2408 4797 2524 4867 vl.
