4525 6031
1016 665 1141 726 554
2018 667 2444 731 FRIDERICI
2495 666 2841 730 SECUNDI
3458 663 3624 744 [Anu.
3658 663 3838 726 1247.

1182 825 1448 903 (Edlder.
1481 826 1781 886 Mur-rnna
1808 835 1868 888 et
1891 826 2179 908 Donum,
2206 826 2483 908 ampliu.
2514 826 2754 906 collect„
2777 834 2826 887 t.
2851 827 2935 900 11,
2965 825 3082 888 col.
3118 834 3490 902 1189-1140,
3511 836 3581 887 11⁰
3599 825 3678 901 Ἲς
3700 824 3837 887 coll.

1257 949 1394 992 cum
1421 933 1554 993 cod.
1579 933 1734 1016 Bibl.
1767 934 1966 997 Cesar.
1997 937 2211 1009 Paris.,
2224 935 2413 1015 fonds
2440 935 2961 1005 Saint-Gwmain,
2991 943 3060 995 ιν
3091 942 3234 1014 455,
3262 950 3397 1013 pars
3422 932 3503 1013 1.)

1116 1117 1548 1208 FredericuS,
1587 1127 1697 1189 etc
1706 1171 2046 1190 .....
2103 1120 2253 1211 regi
2285 1119 2606 1210 Francie,
2644 1128 2755 1192 etc
2761 1170 3838 1191 ..............

1119 1241 1428 1326 Qualiter
1466 1241 1558 1313 ad
1598 1241 2022 1313 offerendam
2065 1244 2548 1338 purgationem
2582 1243 3017 1338 personalem
3050 1264 3261 1337 super
3294 1242 3575 1314 infamio
3604 1252 3844 1315 notam

1019 1386 1160 1459 qua
1191 1365 1261 1436 in
1297 1366 1832 1458 congregatione
1860 1367 2283 1460 prelatorum
2311 1366 2499 1461 apud
2523 1368 2935 1459 Lugdunum
2956 1376 3199 1439 contra
3218 1370 3442 1439 Deum
3467 1378 3539 1438 et
3564 1386 3842 1439 omnem

1016 1490 1366 1583 justiciam
1399 1490 1528 1561 iste
1561 1486 1873 1560 summus
1909 1490 2227 1584 pontifex
2257 1512 2385 1562 nos
2416 1492 2713 1580 notavit,
2750 1489 3199 1561 infallibiliter
3238 1489 3658 1583 Lugdunum
3699 1488 3844 1561 dis-

1021 1614 1456 1712 posuerimus
1482 1634 1612 1683 nos
1639 1615 1952 1685 conferre
1980 1624 2052 1686 et
2077 1613 2334 1686 abinde
2366 1624 2607 1709 postea
2634 1636 2795 1685 cum
2823 1614 3357 1708 consanguineis
3388 1614 3640 1685 nostris
3671 1612 3850 1708 ipsa·

1023 1760 1178 1811 rum
1208 1737 1507 1832 partium
1536 1737 1876 1831 solempni
1904 1738 2250 1831 colloquio
2273 1739 2648 1829 celebrat0,
2671 1738 2742 1808 in
2768 1738 3207 1811 Germaniam
3237 1737 3535 1829 dirigere
3560 1736 3850 1808 feliciter

1022 1884 1302 1955 gressus
1346 1872 1620 1932 nostros
1639 1914 1658 1950 ,
1697 1860 2280 1954 magnificentiam
2333 1862 2594 1954 regiam
2640 1861 3100 1957 precedentes
3149 1860 3563 1932 excellentie
3612 1868 3849 1931 nostre

1026 1986 1254 2058 littere
1277 1987 1692 2058 docuerunt.
1719 1985 1934 2056 Nobis
1963 1985 2215 2057 deinde
2244 2007 2466 2079 usque
2498 1985 2590 2057 ad
2623 1985 2892 2057 radices
2915 1985 3252 2056 montium
3281 1983 3844 2079 procedentibus,

1027 2110 1450 2205 inopinatuS,
1486 2108 1656 2201 quin
1703 2108 1930 2203 potius
1974 2109 2416 2204 inopinabilis
2452 2109 2654 2180 nobis
2693 2130 2932 2180 rumor
2975 2108 3274 2181 occurrit
3322 2107 3514 2200 quod
3565 2107 3852 2201 quidam

1028 2233 1294 2307 banniti
1334 2231 1549 2303 nostri
1582 2253 1758 2324 quos
1788 2231 1878 2304 de
1906 2232 2183 2304 civitate
2214 2234 2457 2304 Parme
2491 2242 2826 2327 concepte
2851 2234 2999 2325 jam
3040 2232 3308 2326 pridem
3341 2241 3583 2301 contra
3622 2253 3750 2303 nos
3783 2241 3855 2303 et

1027 2378 1302 2429 sacrum
1337 2356 1699 2450 imperium
1742 2355 2150 2450 proditionis
2192 2356 2399 2427 timor
2435 2357 2771 2448 ejecerat,
2808 2364 3146 2450 potestate
3193 2355 3489 2426 civitatis
3536 2356 3851 2447 ejusdem

1026 2491 1100 2552 et
1132 2480 1548 2573 quibusdam
1580 2478 1784 2550 sociis
1814 2478 1956 2549 suis
1988 2479 2307 2571 nequiter
2336 2480 2741 2569 interfectiS,
2772 2480 3091 2550 Parmam
3121 2479 3620 2551 incredibiliter
3645 2478 3855 2550 intra·

1026 2614 1305 2677 verunt.
1342 2605 1631 2696 Propter
1661 2602 1850 2694 quod
1877 2625 2037 2674 cum
2065 2604 2258 2676 cordi
2289 2613 2527 2676 nostro
2571 2603 2660 2674 sit
2701 2623 2868 2674 cura
2912 2602 3242 2697 precipua
3283 2602 3374 2674 de
3411 2601 3852 2675 reformando

1023 2738 1209 2800 statu
1233 2727 1424 2799 Italie
1448 2748 1660 2819 quam
1685 2728 2085 2818 frequentes
2116 2726 2544 2797 turbationes
2568 2736 2639 2797 et
2660 2725 2887 2797 subite
2911 2726 3343 2816 concutiunt,
3354 2727 3560 2818 juxta
3587 2747 3853 2798 morem

1023 2850 1534 2943 magnificentie
1567 2860 1839 2940 nostre,
1870 2848 2305 2943 propositum
2347 2870 2487 2941 quo
2520 2848 2612 2920 ad
2647 2859 2876 2944 partes
2907 2849 3443 2921 intendebamus
3475 2850 3853 2944 procedere

1027 2976 1490 3070 transalpinas
1542 2996 1635 3046 ex
1687 2993 1896 3045 causa
1926 2966 2250 3067 'predicta
2298 2972 2589 3067 proinde
2632 2982 3074 3067 revocantes,
3120 2973 3213 3046 ad
3257 2994 3543 3068 presens
3592 2972 3856 3046 festinis

1025 3100 1381 3193 gressibus
1430 3097 1864 3189 regredimur
1909 3117 2152 3167 versus
2201 3096 2554 3186 Parmam,
2590 3097 2660 3167 in
2713 3097 3030 3189 ejusdem
3073 3097 3453 3170 eversionis
3496 3097 3855 3193 precipitio

1029 3222 1561 3295 indubitabilem
1593 3218 1917 3290 fiduciam
1955 3220 2346 3291 obtinentes
2377 3220 2568 3313 quod
2601 3242 2758 3291 cum
2794 3222 3036 3295 civitas
3063 3222 3212 3317 ipsa
3242 3222 3435 3293 locus
3462 3221 3550 3292 sit
3578 3220 3856 3315 penitus

1027 3347 1459 3434 immunitus,
1491 3344 2047 3437 impugnantium
2089 3343 2357 3416 nisibus
2401 3345 2679 3416 obstare
2723 3344 3091 3439 imparata,
3131 3344 3382 3415 milites
3427 3345 3571 3416 fere
3612 3364 3857 3416 omnes

1029 3471 1245 3566 ipsius
1271 3470 1546 3563 incepte
1579 3467 1974 3539 rebellionis
2002 3478 2328 3562 expertes
2354 3478 2425 3539 et
2452 3489 2705 3559 magna
2731 3490 2894 3563 pars
2920 3468 3360 3563 popularium
3394 3490 3555 3540 cum
3592 3467 3855 3539 eisdem

1029 3595 1103 3666 in
1136 3605 1372 3666 nostra
1402 3592 1775 3664 devotione
1809 3591 2205 3686 persistant,
2237 3601 2438 3663 extra
2465 3593 2817 3665 civitatem
2848 3602 3215 3665 manentes
3241 3614 3400 3664 cum
3429 3591 3684 3664 dilecto
3711 3590 3856 3665 filio

1031 3729 1270 3792 nostro
1287 3718 1584 3792 Henrico
1619 3739 1783 3808 rege
1814 3716 2129 3788 Sardinie
2163 3725 2234 3787 et
2266 3716 2443 3788 sacri
2472 3717 2742 3812 imperii
2780 3718 3011 3810 legato
3040 3717 3110 3787 in
3148 3717 3342 3788 Italia
3377 3716 3711 3808 generali,
3737 3714 3856 3808 qui

1031 3865 1191 3916 cum
1225 3864 1310 3915 eo
1342 3849 1820 3937 processerant
1850 3839 1942 3911 ad
1969 3839 2404 3911 obsidionem
2437 3841 2798 3933 cujusdam
2830 3841 3038 3912 castri
3068 3849 3463 3912 nostrorum
3490 3840 3858 3911 rebellium

1031 3969 1102 4038 in
1141 3965 1468 4038 Brixiano
1496 3962 1631 4060 (l),
1668 3985 1828 4035 cum
1870 3963 2037 4034 dicti
2074 3963 2346 4034 banniti
2394 3965 2554 4035 talia
2593 3973 3082 4059 patraverunt,
3123 3985 3424 4057 cumque
3468 3963 3675 4034 etiam
3722 3963 3857 4035 cir-

1030 4091 1375 4164 cumcirca
1403 4089 1786 4179 civitatum,
1817 4096 2198 4160 castrorum
2227 4096 2300 4158 et
2332 4087 2623 4158 aliorum
2657 4087 2968 4159 locorum
2997 4087 3200 4159 nobis
3232 4097 3304 4159 et
3335 4108 3532 4159 sacro
3566 4086 3859 4182 imperio

1028 4216 1280 4288 devote
1328 4213 1722 4310 parentium
1763 4212 1990 4285 cincta
2030 4212 2119 4283 sit
2161 4211 2426 4282 viribus
2479 4210 2721 4282 civitas
2769 4211 3158 4301 antedicta,
3204 4211 3278 4281 in
3325 4210 3524 4282 brevi
3573 4189 3728 4282 eam
3768 4210 3860 4281 ab

1031 4362 1267 4414 errore
1299 4340 1697 4434 resipiscere
1723 4348 1795 4409 et
1819 4359 1948 4411 nos
1978 4356 2478 4428 recognoscere
2509 4357 2713 4407 suum
2747 4334 3104 4407 dominum
3133 4333 3507 4429 oportebit,
3527 4335 3621 4407 ad
3650 4332 3862 4407 fidem

1106 4674 1178 4747 (4)
1225 4693 1252 4727 α
1283 4674 1494 4731 Interea
1526 4687 1623 4728 rex
1646 4669 1846 4727 Encius
1873 4684 1999 4726 cum
2031 4663 2485 4724 Cremonensibus
2520 4662 2664 4736 apud
2703 4661 3076 4732 Quinzannum
3109 4669 3349 4722 castrum
3378 4662 3587 4721 Brixiae
3612 4680 3711 4722 sua
3744 4663 3860 4723 fixit

1032 4772 1282 4842 tentoria,
1310 4776 1547 4828 castrum
1573 4767 1703 4826 illud
1728 4781 1853 4823 cum
1881 4763 2139 4823 aedificiis
2165 4760 2540 4835 expugnando.
2570 4778 2598 4813 ι
2635 4758 2891 4818 Chi-onio.
2915 4759 2979 4818 do
3005 4759 3116 4817 reb.
3147 4762 3210 4817 in
3240 4759 3370 4818 Ital.
3396 4766 3560 4834 qest„
3587 4779 3652 4836 p.
3677 4765 3771 4821 2⁴⁴
3788 4803 3804 4818 .
