4525 6031
975 646 1095 707 694
1967 649 2393 712 rutnssmcl
2443 649 2791 711 SECUNDI
3412 643 3577 722 [Anu.
3614 643 3793 704 1249.

976 803 1329 883 monam,
1381 780 1513 862 ubi
1569 781 1734 888 capi
1790 779 1964 863 fecit
2013 782 2321 864 Petrum
2376 784 2473 865 de
2509 783 2757 864 -Vinea
2815 778 2980 889 ejus
3028 774 3523 885 proditorem.
3571 776 3796 873 Quod

976 912 1286 1019 quidem
1325 938 1501 993 cum
1541 912 2079 996 intellexissent
2116 916 2521 1024 populares
2556 915 3009 1015 Cremonae,
3047 910 3452 994 voluerunt
3488 908 3794 991 Petrum

977 1069 1116 1151 per
1173 1045 1330 1127 vim
1392 1046 1816 1153 destruere3
1867 1056 2118 1129 tamen
2177 1063 2398 1130 nocte
2457 1048 2705 1130 silenti
2758 1047 3169 1153 imperator
3231 1068 3408 1125 cum
3463 1040 3793 1124 militum

980 1176 1287 1259 cohorte
1351 1177 1557 1260 misit
1608 1178 1861 1287 ipsum
1920 1181 2121 1289 apud
2177 1180 2521 1289 Burgum
2580 1179 2834 1262 Sancti
2890 1176 3250 1259 Domnini
3303 1175 3381 1255 in
3436 1173 3787 1256 vinculis.

985 1309 1327 1391 chronic.
1371 1314 1461 1392 de
1509 1314 1666 1393 reb.
1710 1313 1789 1393 in
1833 1317 2009 1394 Ital.
2053 1327 2275 1422 φρει,
2319 1342 2397 1423 p.
2441 1315 2625 1394 218.

1084 1928 1551 2040 FridericuS,
1622 1933 2142 2016 Romanorum
2211 1933 2664 2041 imperator,
2751 1939 3059 2038 pactum
3148 1926 3548 2010 confirmat
3634 1949 3794 2032 quo

976 2062 1323 2146 homines
1358 2066 1455 2146 de
1493 2065 1741 2148 Casali
1779 2066 2034 2148 Sancti
2068 2066 2319 2149 Evasii
2357 2077 2431 2147 et
2470 2064 2819 2146 homines
2863 2063 2959 2144 de
3005 2060 3382 2144 Paciliano
3433 2058 3510 2139 in
3557 2082 3789 2138 unam

976 2196 1540 2280 universitatem
1603 2209 1680 2280 et
1734 2199 1813 2278 in
1880 2224 2123 2280 unum
2181 2197 2653 2280 domicilium
2707 2196 3203 2305 rediguntur,
3275 2192 3643 2303 jubetque
3697 2215 3794 2270 ne

973 2328 1343 2437 capitanei
1404 2330 1521 2412 sui
1575 2332 1710 2440 qui
1773 2331 1977 2440 apud
2043 2331 2309 2415 Casale
2367 2356 2508 2440 pro
2559 2340 2896 2438 tempore
2958 2327 3241 2410 suerint
3297 2325 3537 2408 ullam
3601 2324 3794 2404 inter

973 2460 1174 2545 cives
1212 2460 1609 2573 utriusque
1641 2464 2074 2548 communis
2109 2464 2671 2548 distinctionem
2710 2460 3146 2545 adhibeant.

1135 2706 1331 2787 (Edtd.
1362 2706 1632 2770 Bnnvm.
1672 2726 1751 2769 nn
1786 2708 1852 2772 S.
1891 2709 2201 2788 Gnonoxo,
2231 2726 2331 2787 ap.
2365 2710 2723 2784 Hannon„
2759 2707 3044 2785 Scriptor.
3086 2722 3204 2765 rer.
3250 2700 3419 2784 leat„
3457 2709 3507 2764 t.
3550 2699 3789 2777 xxm,

1212 2832 1272 2891 p.
1306 2813 1473 2891 aas.)

1069 3031 1460 3119 FedericuS‚
1492 3031 1612 3101 Dei
1644 3031 1860 3121 gratia
1894 3033 2359 3101 Romanorum
2393 3032 2763 3125 imperator
2797 3037 3445 3123 semperaugustuS,
3471 3027 3789 3095 Hierusa-

974 3155 1108 3223 lem
1162 3165 1230 3225 et
1278 3155 1502 3225 Sicilie
1548 3177 1699 3225 rex.
1742 3157 1870 3225 Per
1912 3177 2197 3247 presens
2245 3157 2571 3247 scripturn
2629 3165 2939 3223 nostrum
2995 3163 3233 3221 notum
3285 3149 3429 3219 [ieri
3477 3147 3795 3219 volumus

972 3279 1312 3347 universis
1358 3279 1624 3371 imperii
1668 3279 1986 3349 fidelibus
2024 3291 2158 3347 tam
2197 3281 2631 3373 presentibus
2677 3301 2883 3369 quam
2929 3277 3173 3345 futuris
3213 3275 3397 3365 quod
3429 3293 3795 3343 commune

972 3413 1040 3471 et
1072 3401 1384 3471 homines
1410 3403 1496 3471 de
1524 3403 1736 3471 Casali
1772 3403 2247 3473 SanctiExasii
2279 3403 2517 3473 fideles
2551 3405 2761 3473 nostri
2801 3401 3139 3491 majestati
3169 3411 3395 3469 nostre
3447 3397 3795 3465 humiliter

972 3525 1446 3617 supplicarunt
1490 3539 1564 3595 ut
1612 3549 1768 3595 cum
1822 3527 2134 3597 homines
2176 3529 2263 3597 de.
2311 3529 2651 3597 Paciliano
2681 3529 2881 3617 juxta
2935 3539 3131 3617 pacta
3185 3535 3253 3591 et.
3303 3521 3797 3591 conventiones

970 3647 1198 3717 habita
1232 3649 1408 3716 inter
1442 3671 1588 3737 005,
1618 3653 1960 3719 translatis
1990 3651 2351 3719 domiciliis
2387 3651 2685 3743 ipsorum
2721 3651 2785 3717 in
2827 3651 3089 3735 Casale,
3125 3649 3305 3739 ipsos
3329 3647 3391 3713 in
3415 3645 3795 3737 municipes

968 3781 1036 3839 et.
1066 3771 1578 3841 cohabitatores
1614 3775 2024 3865 receperint,
2056 3785 2253 3867 pacta
2291 3787 2357 3843 et
2393 3777 2885 3845 conventiones
2911 3775 3215 3865 predicta
3255 3783 3399 3840 rata
3439 3771 3693 3839 habere
3729 3779 3797 3839 et

970 3897 1282 3967 homines
1325 3897 1488 3967 dicti
1538 3899 1664 3967 loci
1712 3899 1778 3967 iu
1826 3923 2032 3967 unam
2082 3901 2599 3968 universitatem
2657 3909 2721 3967 et
2775 3921 3025 3989 corpus
3077 3919 3291 3965 unum
3351 3895 3663 3985 redigere
3709 3893 3793 3963 de

968 4034 1202 4092 nostra
1254 4024 1470 4114 gratia
1517 4024 1986 4114 dignaremur.
2030 4026 2166 4096 Nos
2223 4048 2391 4094 vero
2449 4026 2987 4118 supplicationes
3033 4046 3269 4092 eorum
3315 4022 3381 4090 in
3427 4020 3557 4090 hac
3605 4029 3795 4110 parte

966 4148 1334 4236 benignius
1350 4148 1820 4236 admittente5‚
1852 4162 2048 4242 pac-ta
2080 4162 2146 4218 et
2176 4152 2671 4220 conventiones
2703 4150 2879 4218 inter
2903 4170 3023 4216 eos
3054 4148 3285 4216 habita
3307 4158 3381 4214 ut
3411 4156 3513 4214 est
3537 4146 3795 4214 dictum

966 4284 1114 4340 rata
1168 4272 1544 4359 habemus,
1608 4285 1676 4342 et
1726 4276 2140 4366 presentium
2191 4276 2599 4344 auctoritate
2647 4274 3011 4342 statuimus
3059 4282 3135 4340 ut
3183 4270 3431 4338 amodo
3479 4270 3547 4336 in
3597 4278 3797 4336 antea

966 4396 1282 4464 homines
1334 4396 1498 4466 dicti
1550 4398 1752 4466 castri
1802 4398 1888 4466 de
1938 4398 2281 4468 paciliano
2325 4398 2747 4466 habitatores
2799 4398 2933 4466 sint
2983 4394 3237 4466 Casalis
3285 4392 3573 4486 predicti
3621 4402 3689 4460 et
3733 4390 3799 4456 in

966 4518 1360 4586 hominibus
1410 4542 1626 4588 unum
1688 4520 1848 4590 hinc
1899 4520 2058 4590 inde
2108 4544 2359 4614 corpus
2407 4532 2475 4590 et
2527 4522 2769 4590 eadem
2821 4520 3231 4588 universitas
3275 4526 3673 4600 censeatur,
3709 4514 3799 4582 ita

964 4642 1290 4710 videlicet
1324 4644 1510 4732 quod
1538 4644 1878 4736 capitanei
1914 4666 2088 4736 quos
2116 4668 2243 4738 per
2269 4656 2575 4738 tempora
2614 4668 2735 4738 per
2767 4646 3029 4714 curiam
3057 4654 3361 4714 nostram
3395 4640 3609 4710 creari
3637 4660 3799 4708 con-

968 4766 1194 4856 tigerit
1230 4766 1298 4834 in
1336 4766 1570 4837 Casale
1600 4770 1966 4860 prefecturi
1990 4822 2007 4856 ‚
2050 4780 2188 4840 tam
2233 4770 2547 4842 homines
2575 4770 2829 4840 Casalis
2869 4792 3075 4860 quam
3123 4767 3437 4838 homines
3471 4762 3795 4834 Paciliani
