4525 6031
715 658 917 719 ianm.
947 615 1069 733 ·1.]¹
1440 665 1465 680 x
1615 644 2009 709 ms‘romA
2055 640 2646 706 nirnoMA‘ncA.
3410 631 3530 694 667

715 789 828 863 Ad
854 785 1183 882 cujus-rei
1211 784 1620 857 memoriam
1653 792 1725 856 et
1749 784 2067 856 stabilem
2100 780 2522 868 firmitatem,
2560 794 2849 872 presens
2872 771 3203 866 scriptum
3216 771 3532 865 perRao-

717 934 879 985 nem
926 912 1016 984 de
1061 912 1292 1005 Capua
1339 909 1688 981 notarium
1737 917 1809 981 et
1853 906 2132 979 fidelem
2181 912 2498 976 nostrum
2538 899 2743 973 scribi
2785 907 2858 970 et
2894 896 3119 989 sigillo
3159 893 3534 987 majestatis

719 1046 951 1109 nostre
983 1036 1311 1128 jussimus
1341 1032 1778 1107 communiri.

811 1163 1064 1233 Datum
1086 1158 1419 1233 Vercellis
1448 1179 1575 1253 per
1600 1135 1848 1229 manus
1883 1153 2186 1246 magistri
2220 1151 2401 1225 Petri
2429 1149 2518 1223 de
2545 1149 2761 1219 Vinea
2794 1142 3167 1240 imperialis
3197 1141 3356 1213 aule
3382 1160 3540 1236 pro·

720 1284 1038 1357 tonotarii
1072 1294 1145 1356 et
1172 1282 1367 1374 regni
1399 1281 1627 1354 Sicilie
1657 1279 2031 1373 logothete,
2055 1298 2241 1349 anno
2278 1274 2622 1348 dominice
2654 1267 3144 1343 incarnationis
3175 1264 3542 1338 millesimo

716 1408 1193 1480 ducentesimo
1225 1405 1756 1501 quadragesimo
1777 1401 1879 1502 (a)
1912 1412 2188 1495 octavo,
2223 1421 2465 1473 mense
2509 1394 2945 1484 novembris,
2979 1392 3271 1489 septime
3314 1389 3538 1462 indic-

721 1532 949 1605 tionis,

816 1656 1244 1731 collationne
1277 1675 1407 1752 par
1431 1675 1638 1747 nouS,
1673 1663 1846 1745 etc„
1881 1661 2221 1746 utsupra.

827 2281 1254 2379 Fridericus
1289 2282 1386 2364 de
1422 2281 1851 2385 Antiochia,
1894 2277 2373 2390 imperatoris
2407 2277 2611 2361 filius
2659 2285 2736 2360 et
2777 2276 2857 2358 in
2898 2275 3173 2360 Tuscia
3220 2273 3545 2359 vicarius
3611 2291 3940 2391 &m

729 2415 1131 2525 generalia,
1169 2415 1501 2499 Mattheo
1547 2415 1840 2498 notario
1875 2415 1971 2496 de
2013 2414 2290 2498 Sancto
2341 2410 2647 2509 Quirico
2683 2411 3000 2492 mandat
3029 2411 3238 2520 quod
3281 2410 3549 2518 inqui-

729 2547 1080 2630 sitionem
1142 2549 1535 2658 quondam
1600 2546 1882 2629 factam
1965 2548 2063 2629 ad
2136 2545 2708 2656 requisitionem
2773 2541 3073 2626 abbatis
3146 2543 3242 2626 de
3301 2544 3550 2628 Monte

729 2680 1026 2762 Amiate
1073 2707 1298 2789 super
1343 2681 1645 2792 negotio
1683 2681 1992 2763 mercati
2033 2680 2279 2789 plebis
2336 2681 2434 2763 de
2496 2679 2764 2762 Amole
2783 2740 2807 2787 ,
2861 2676 3194 2788 publicet
3237 2685 3312 2760 et
3350 2703 3548 2787 par-

728 2813 932 2896 tibus
969 2813 1333 2923 assignet.

893 3029 1141 3109 (Inedit.
1173 3046 1251 3090 ex
1279 3031 1497 3109 origin.
1535 3032 1599 3091 in
1627 3029 1865 3092 archivo
1886 3030 2127 3109 diplom.
2167 3028 2531 3108 Florentiae,
2564 3028 2725 3108 quod
2751 3027 3057 3090 nobiscum
3089 3028 3555 3090 communicavit

969 3137 1042 3199 P.
1071 3136 1131 3198 J.
1158 3136 1351 3217 Rosi.)

826 3323 995 3398 Cum
1025 3324 1116 3396 de
1146 3322 1758 3425 mandato-domini
1787 3322 2100 3398 Pandulfi
2121 3322 2210 3396 de
2233 3324 2685 3414 Fascianella,
2701 3321 2867 3396 olim
2893 3323 3271 3420 imperialis
3290 3323 3554 3420 capita-

733 3448 850 3520 nei
895 3449 1185 3521 Thuscie
1230 3450 1575 3541 generalis
1624 3461 1694 3523 et
1734 3473 1919 3523 nuuc
1964 3450 2234 3546 imperii
2277 3450 2682 3544 proditoriS,
2715 3450 2995 3522 fecerim
3041 3450 3558 3544 inquisitionem

733 3596 811 3644 su
819 3595 943 3668 per
974 3575 1156 3645 facto
1185 3575 1472 3646 mercati
1503 3575 1591 3646 de
1622 3574 1885 3648 Amolis
1911 3586 1984 3646 et
2010 3575 2234 3671 ipsam
2262 3573 2777 3668 inquisitionem
2806 3574 3117 3669 partibus
3146 3596 3302 3645 eam
3328 3576 3565 3647 volen-

740 3696 922 3769 tibus
983 3719 1128 3770 non
1189 3698 1614 3770 reddiderim
1679 3699 2137 3793 publicatam,
2211 3698 2537 3770 dominus
2592 3698 2980 3770 Fridericus
3044 3698 3136 3769 de
3196 3698 3561 3771 Antiochia

736 3820 997 3892 domiui
1030 3821 1464 3917 imperatoris
1496 3821 1704 3912 filius,
1741 3820 1917 3893 sacri
1945 3821 2215 3916 imperii
2244 3821 2618 3894 inThuscia
2640 3821 2941 3893 vicarius
2954 3822 3326 3915 generalis,
3351 3820 3564 3916 scrip-

737 3945 826 4016 sit
858 3944 1028 4016 mihi
1056 3945 1328 4017 Matheo
1360 3945 1633 4018 notario
1663 3946 1750 4018 de
1779 3948 2031 4017 Sancto
2064 3945 2342 4030 Quirico
2375 3946 2447 4015 in
2481 3943 2611 4016 hec
2636 3945 2854 4017 verba
2886 3967 2906 4011 ε

835 4067 1223 4141 Fridericus
1250 4069 1339 4141 de
1375 4068 1743 4143 Antiochia
1779 4069 2041 4142 domini
2070 4069 2505 4166 imperatoris
2534 4068 2749 4159 filius,
2777 4069 2953 4140 sacri
2970 4069 3238 4164 imperii
3258 4068 3329 4139 in
3350 4068 3566 4141 Thus-

742 4191 848 4265 cia
875 4193 1179 4265 vicarius
1214 4193 1584 4285 generaliS,
1622 4192 1896 4265 Matheo
1932 4195 2021 4266 de
2059 4197 2312 4267 Sancto
2344 4192 2622 4278 Quirico
2657 4192 2928 4264 notario
2965 4191 3227 4264 domini
3259 4192 3562 4288 impera-

747 4316 939 4408 toris,
984 4315 1175 4389 fideli
1224 4317 1449 4389 amico
1495 4338 1649 4408 suo,
1697 4319 1990 4389 salutem
2027 4329 2096 4391 et
2139 4340 2450 4390 amorem
2483 4317 2856 4389 sincerum.
2884 4294 3312 4389 Venerabilis
3348 4317 3567 4389 abbas

746 4440 1146 4513 monasterii
1190 4441 1425 4513 Sancti
1475 4442 1849 4514 Salvatoris
1908 4442 1997 4515 de
2058 4443 2553 4515 Monteamiato
2582 4440 2806 4514 fidelis
2828 4440 3100 4536 imperii
3155 4440 3570 4533 significavit

746 4565 1158 4638 excellentie
1185 4575 1421 4639 nostre
1454 4567 1646 4660 quod
1680 4579 1754 4640 tu
1789 4568 1957 4640 olim
1989 4567 2079 4641 de
2112 4568 2441 4641 mandato
2456 4564 2772 4639 Pandulfi
2792 4567 2880 4639 de
2902 4558 3323 4640 Fascianella
3351 4588 3571 4660 quon-

823 4761 905 4843 (α)
949 4762 1023 4825 In
1048 4764 1182 4830 cod.
1212 4765 1705 4849 quinquaqesimo,
1749 4767 2035 4831 vocabulo
2060 4774 2256 4831 octavo
2283 4767 2613 4845 deficiente,
2641 4767 2801 4847 quod
2831 4767 3196 4846 supplemus.
