4525 6031
718 670 918 732 amer.
951 667 1045 747 7.]
1336 703 1341 706 -
1609 664 2006 728 msrotus
2053 663 2642 727 nxrnom‘rrcs.
3211 651 3214 656 ’
3414 672 3529 733 '111

720 804 906 875 liaris
937 803 1156 875 nostri
1182 801 1380 894 regni
1409 800 1750 895 pomerio,
1773 800 1966 894 quod
1992 810 2307 872 materna
2335 800 2538 872 nobis
2568 799 2879 873 decrevit
2907 800 3284 896 hereditaS,
3302 806 3538 901 spinas

719 927 1087 999 interserat
1119 937 1192 999 et
1220 935 1616 997 nostrorum
1648 924 1860 996 corda
1897 923 2242 1015 fidelium,
2280 944 2418 1017 que
2452 921 2748 996 fidelitas
2778 925 3013 997 nativa
3042 929 3465 1020 consolidat,
3494 947 3540 1004 a

720 1059 956 1123 nostra
1001 1050 1375 1122 devotione
1416 1049 1815 1137 subvertat,
1852 1068 1983 1142 pro
2025 1046 2574 1119 Lombardorum
2616 1049 2908 1140 negocio
2949 1052 3144 1143 cujus
3184 1031 3542 1126 occasione

719 1173 911 1269 pacis
942 1173 1260 1245 tractatui
1293 1194 1570 1267 semper
1593 1171 2089 1266 impedimenta
2113 1180 2593 1265 paraverat,et
2616 1171 2688 1241 in
2716 1194 2857 1266 quo
2891 1173 3092 1245 toties
3115 1175 3546 1248 voluntatem

722 1299 876 1391 ejus
905 1296 1301 1368 invenimus
1333 1295 1682 1368 duriorem
1706 1346 1726 1384 ,
1765 1294 2040 1387 quoties
2065 1294 2450 1367 voluntatis
2482 1295 2574 1367 ad
2606 1316 2849 1390 pacem
2891 1295 3090 1388 signa
3128 1298 3544 1372 monstravi·

722 1443 880 1495 mus
906 1422 1332 1517 promptiora
1346 1421 1406 1517 (l
1423 1419 1476 1516 ).
1514 1421 1755 1515 Nuper
1783 1429 2019 1490 autem
2052 1419 2125 1489 in
2153 1439 2445 1510 regnum
2472 1418 2700 1513 ipsum
2731 1441 2859 1513 per
2886 1420 3129 1491 fratres
3155 1421 3547 1516 predicato·—

722 1561 833 1617 res
869 1555 942 1617 et
979 1545 1307 1635 minoreS,
1346 1565 1525 1639 quos
1553 1542 1645 1615 ad
1678 1542 2014 1615 honorem
2055 1541 2276 1615 divini
2317 1542 2617 1614 nominis
2650 1543 2958 1636 benigno
3002 1565 3276 1639 semper
3311 1547 3548 1620 favore

721 1669 1181 1763 proteximus,
1222 1688 1398 1760 quos
1431 1688 1705 1762 semper
1734 1666 2133 1739 curavimus
2162 1665 2498 1761 ampliare
2519 1719 2541 1756 ,
2578 1687 2873 1759 quorum
2907 1667 3115 1738 etiam
3148 1666 3550 1741 insolentias

720 1790 1091 1883 hactenuS,
1123 1790 1285 1862 licet
1315 1790 1514 1863 inviti
1549 1790 1945 1877 tulerimuS‚
1982 1800 2215 1861 tamen
2250 1788 2631 1882 aliquando
2665 1790 2796 1859 suh
2836 1789 3167 1884 patientie
3208 1791 3368 1862 velo
3399 1801 3548 1863 stu·

721 1914 1001 1987 duimus
1022 1915 1388 2010 preterire,
1419 1915 1655 1986 literas
1687 1913 2074 2009 improvide
2110 1912 2346 2005 dirigit
2376 1921 2449 1984 et
2477 1913 2786 1985 occultas
2814 1913 3290 2005 suggestiones
3322 1914 3553 1987 innec-

723 2037 805 2110 tit
835 2063 855 2109 :
889 2039 1142 2132 quibus
1173 2037 1914 2110 excommunicationis
1945 2047 2019 2109 et
2044 2036 2395 2109 interdicti
2423 2035 2830 2127 sententias,
2857 2046 3098 2109 contra
3124 2058 3255 2110 nos
3282 2036 3548 2110 dudum

722 2161 1113 2256 improvide
1167 2161 1608 2252 fulminatas,
1649 2182 1692 2233 a
1741 2159 2064 2232 fidelibus
2108 2160 2364 2231 nostris
2412 2159 2778 2251 regnicolis
2819 2161 2952 2231 sub
2993 2160 3548 2234 interminatione

721 2284 941 2357 divini
964 2285 1208 2378 judicii
1250 2286 1457 2357 faciat
1502 2283 1882 2357 observari.
1918 2283 2134 2356 Aliud
2164 2284 2373 2356 etiam
2405 2283 2596 2378 quod
2627 2294 3029 2381 reputamus
3059 2285 3386 2378 amarius,
3422 2306 3548 2357 sue

722 2410 974 2480 mentis
1005 2409 1543 2481 amaritudinem
1570 2416 1813 2489 contra
1837 2425 1968 2480 nos
1993 2407 2387 2503 protervius
2414 2416 2758 2500 eructuat,
2786 2409 2956 2480 dum
2990 2408 3322 2481 translato
3349 2408 3549 2502 quasi

721 2530 996 2604 vivifice
1030 2533 1257 2604 crucis
1290 2533 1624 2628 mysterio
1647 2532 1741 2604 de
1769 2531 2083 2626 partibus
2116 2531 2589 2602 transmarinis
2619 2531 2691 2601 in
2726 2552 3048 2624 regnum,
3072 2541 3404 2626 tanquam
3430 2532 3550 2605 ite-

722 2675 879 2726 rum
899 2655 973 2726 in
994 2656 1249 2751 Apulia
1281 2655 1657 2728 crucifixus
1680 2656 1769 2727 sit
1790 2654 2123 2744 Christus,
2147 2653 2388 2727 fideles
2411 2653 2837 2726 christicolas
2859 2654 2948 2726 de
2972 2675 3272 2748 quorum
3297 2654 3548 2728 festino

720 2779 1059 2868 subsidio,
1079 2780 1139 2849 si
1169 2779 1417 2851 Christi
1449 2779 1659 2851 fidem
1689 2779 2195 2871 evangelizaret
2221 2779 2295 2848 in
2324 2778 2652 2869 terris,ut
2677 2777 3051 2867 eredimus,
3070 2779 3280 2850 Terre
3311 2786 3548 2851 sancte

717 2902 1113 2974 necessitati
1148 2903 1486 2975 debuerat
1512 2903 1921 2998 providisse,
1952 2924 2141 2975 nune
2173 2910 2502 2997 parentes
2535 2911 2764 2974 armat
2793 2902 2866 2972 in
2896 2900 3101 2994 filios,
3130 2911 3202 2974 et
3230 2901 3324 2974 ad
3350 2901 3550 2996 regni

720 3023 1264 3098 christianissimi
1324 3028 1545 3120 spolia
1602 3027 2065 3119 crucesignat.
2109 3026 2250 3098 Sed
2289 3025 2424 3098 hec
2471 3026 2784 3120 profecto
2830 3046 2968 3119 que
3012 3025 3354 3111 diximus,
3405 3046 3549 3099 uon

721 3151 942 3243 magis
976 3172 1071 3223 ex
1100 3151 1264 3223 odio
1296 3127 1439 3243 quo
1470 3173 1600 3224 nos
1626 3151 2017 3247 specialiter
2048 3160 2121 3223 et
2149 3150 2406 3242 injuste
2438 3149 2876 3244 persequitur
2904 3170 3117 3244 quam
3151 3170 3243 3220 ex
3269 3149 3543 3240 innato,

721 3274 782 3346 si
812 3274 951 3346 dici
984 3275 1214 3367 liceat,
1252 3276 1383 3345 sibi
1418 3275 1635 3347 livore
1668 3275 1976 3368 nequitie
2007 3273 2427 3369 processisse
2459 3293 2862 3368 pensamus,
2897 3282 2978 3345 ut
3010 3272 3133 3366 qui
3163 3272 3550 3345 dilectionis

721 3416 897 3490 pure
945 3399 1399 3470 constantiam
1418 3452 1437 3490 ,
1484 3420 1624 3492 qua
1667 3420 1798 3472 vos
1835 3399 2207 3470 affectuose
2252 3397 2776 3492 amplectimur,
2821 3397 3082 3470 directe
3106 3418 3248 3471 non
3277 3407 3552 3493 poterat

722 3520 965 3615 spiritu
997 3522 1447 3594 detractionis
1467 3523 1830 3617 impetere,
1869 3522 2339 3593 calumniosus
2367 3524 2612 3593 saltem
2644 3521 2957 3594 inficeret
2997 3542 3129 3618 per
3159 3522 3543 3618 obliquum.

720 3644 899 3714 Dum
926 3645 1139 3735 euim,
1163 3655 1326 3718 ante
1354 3656 1664 3741 coeptum
1696 3656 1928 3718 vestre
1959 3644 2537 3740 peregrinationis
2567 3666 2995 3738 aggressum,
3026 3667 3157 3740 pro
3182 3645 3551 3741 desperato

721 3767 1237 3859 quodammodo
1263 3770 1453 3863 pacis
1481 3769 1801 3861 negocio,
1823 3770 2014 3862 quod
2044 3790 2172 3841 vos
2201 3778 2369 3841 tune
2394 3769 2724 3864 temporis
2749 3790 3101 3841 resumere
3128 3769 3546 3861 delectabat,

720 3890 813 3962 ad
839 3891 1358 3984 requisitionem
1386 3902 1720 3983 vestram,
1738 3895 2062 3966 solennes
2087 3892 2179 3964 ad
2204 3913 2335 3964 vos
2362 3891 2773 3964 excellentie
2801 3901 3034 3964 nostre
3061 3892 3327 3985 legatos
3358 3880 3550 3988 apud

720 4013 1133 4104 Lugdunum
1168 4025 1407 4087 nostra
1440 4017 1778 4089 serenitas
1803 4017 2245 4106 destinasset,
2284 4035 2685 4108 quanquam
2716 4036 2848 4087 nos
2873 4015 3158 4086 forsitan
3190 4014 3551 4110 preterito-

719 4157 875 4206 rum
912 4138 1394 4231 experimento
1429 4139 1809 4233 perterriti,
1851 4139 1942 4212 de
1971 4140 2164 4234 pacis
2196 4137 2515 4210 dubitare
2551 4138 2842 4229 negocio
2882 4159 3324 4230 cogeremur;
3360 4137 3548 4211 idem

717 4260 1189 4332 sanctissimus
1223 4270 1423 4355 pater
1464 4271 1699 4334 noster
1739 4272 2151 4357 conceptum
2194 4261 2419 4333 noluit
2454 4260 2655 4334 vobis
2685 4259 2856 4333 eitra
2887 4282 3078 4333 mare
3108 4260 3548 4356 presentibus

717 4381 911 4454 virus
944 4405 1306 4476 evomere,
1343 4385 1470 4457 sed
1513 4394 1788 4479 tempus
1826 4396 2058 4458 vestre
2094 4387 2400 4483 captavit
2430 4386 2781 4474 absentie,
2816 4395 2895 4456 ut
2937 4396 3076 4457 tam
3117 4386 3549 4459 inconsultus

716 4524 929 4599 quam
958 4507 1230 4579 subitus
1260 4516 1493 4581 motus
1524 4510 1678 4601 ejus
1700 4509 1903 4582 vobis
1931 4509 2214 4582 infamie
2239 4519 2479 4583 notam
2501 4510 2942 4605 impingeret,
2977 4520 3049 4583 et
3074 4510 3389 4583 factionis
3415 4509 3549 4583 hu-

794 4777 866 4850 (⁴)
904 4778 986 4835 cf.
1016 4795 1180 4853 supra
1203 4782 1479 4854 epistolam
1509 4781 1625 4857 regi
1650 4782 1872 4857 Angliae
1898 4785 2179 4857 directam,
2210 4802 2266 4858 p.
2296 4787 2422 4844 648.
