4525 6031
737 629 942 687 umor.
974 624 1069 702 8.]
1640 621 2043 684 HISTORIA
2092 623 2685 688 DIPLOMATICA.
3451 625 3564 690 761

741 760 1024 832 armatis
1058 758 1151 831 ad
1174 780 1305 830 nos
1341 757 1690 830 destinare
1722 769 2075 852 procurat.
2113 759 2284 834 Cum
2315 771 2551 833 autem
2585 783 2711 858 per
2741 773 2972 858 partes
3003 774 3157 835 tuas
3173 762 3307 835 viri
3326 763 3420 836 ad
3436 783 3570 835 nos

740 884 840 956 sic
881 883 1205 955 destinati
1246 881 1539 954 transire
1580 880 1924 974 debeant,
1974 893 2170 955 tuum
2212 885 2562 958 sincerum
2596 906 2908 958 amorem
2951 907 3160 979 quem
3197 889 3463 958 clarum
3501 897 3574 960 et

731 1008 1227 1095 inconcussum
1268 1026 1545 1099 semper
1589 1026 2005 1079 conservare
2058 1008 2417 1099 volumus,
2472 1009 2933 1105 deprecamur
2986 1021 3330 1104 quatenus
3382 1011 3574 1106 ipsos

738 1153 867 1226 per
899 1141 1135 1226 partes
1171 1139 1326 1201 tuas
1365 1130 1630 1220 salvos,
1675 1150 1959 1201 securos
2006 1140 2080 1201 et
2112 1130 2479 1204 indemnes
2515 1154 2737 1225 usque
2768 1132 3227 1228 Dyrrachium
3278 1134 3572 1206 transire

741 1255 1138 1350 permittas,
1180 1254 1359 1326 dans
1395 1253 1497 1325 eis
1544 1264 1832 1349 propter
1879 1254 2173 1346 gratiam
2204 1265 2516 1329 nostram
2548 1257 2913 1330 consilium
2953 1267 3026 1329 et
3055 1257 3395 1329 auxilium
3428 1278 3571 1352 quo

739 1379 832 1452 ad
886 1378 1076 1450 bunc
1132 1379 1364 1450 locum
1416 1398 1629 1470 quam
1693 1378 1830 1449 cito
1892 1379 2331 1473 perveniant.
2389 1382 2566 1452 Ecce
2627 1382 2815 1452 enim
2867 1401 3086 1454 naves
3140 1381 3431 1454 idoneas
3477 1381 3572 1454 ad

737 1503 1197 1599 Dyrrachium
1234 1501 1786 1593 transmittimuS,
1823 1501 2012 1574 unde
2039 1502 2252 1574 iidem
2284 1502 2376 1575 ad
2408 1504 2876 1579 Brundusium
2906 1504 3240 1577 accedere
3272 1507 3565 1601 possint.

847 2092 1311 2201 FridericuS,
1371 2093 1892 2177 Romanorum
1956 2092 2399 2201 imperator,
2465 2092 2770 2175 cuidam
2824 2092 3220 2202 capitaneo
3274 2096 3566 2205 scribit,

741 2240 827 2309 ut
895 2238 1111 2336 paret
1189 2253 1271 2309 se
1338 2226 1439 2308 ad
1501 2227 2065 2334 procedendum
2126 2252 2306 2308 cum
2369 2224 2538 2335 ipso
2602 2236 2868 2309 contra
2931 2226 3321 2333 inimicos,
3391 2256 3567 2312 cum

739 2359 1240 2468 quantitatem
1313 2358 1830 2441 archeriorum
1903 2385 1951 2441 a
2025 2356 2543 2467 Calojobanne
2615 2384 2898 2468 genero
2977 2386 3118 2444 suo
3202 2363 3569 2471 acceperit

740 2491 1135 2602 multaque
1208 2490 1359 2573 alia
1428 2489 1806 2600 praesidia
1878 2491 1978 2573 ad
2063 2500 2482 2573 extremam
2562 2490 3092 2575 confusionem
3164 2493 3565 2577 rebellium

740 2624 1322 2734 praeparaverit.

901 2839 1090 2918 (Edit.
1130 2841 1194 2900 tn
1228 2838 1399 2899 Petri
1428 2836 1499 2899 de
1536 2838 1665 2898 Vin.
1697 2838 1892 2918 epist„
1924 2837 2029 2898 lib.
2061 2837 2154 2913 113
2184 2852 2318 2914 cap.
2357 2836 2477 2911 1x;
2510 2836 2647 2897 coll.
2696 2853 2833 2898 cum
2873 2837 3122 2898 codicib.
3162 2838 3315 2902 Bibl.
3360 2840 3559 2903 Cesar.

975 2949 1192 3026 Paris„
1207 2943 1394 3024 fonds
1421 2944 1904 3008 saint-Germanum
1937 2940 2186 3024 Harlay,
2217 2954 2285 3004 n·
2313 2953 2453 3018 455,
2485 2951 2544 3004 et
2554 2940 2741 3023 fonds
2770 2943 3185 3024 Nom-Domo,
3220 2957 3287 3005 n⁰
3316 2954 3466 3024 2023
3497 2949 3563 3008 tn

975 3053 1178 3115 codice
1197 3054 1613 3130 Phsslippsenst
1634 3054 1845 3113 titulus
1868 3053 1953 3112 ita
1972 3060 2252 3112 exaratur
2274 3068 2291 3111 z
2310 3047 2651 3110 staden-iem
2672 3047 2807 3111 duci
2832 3049 3190 3128 Carentim,·
3217 3054 3378 3129 quod
3392 3055 3565 3116 nobis

969 3159 1270 3221 ‘absonum
1298 3160 1582 3234 videtur.)

833 3349 1116 3422 Plenam
1150 3346 1322 3419 dant
1346 3345 1550 3419 nobis
1581 3343 1912 3444 preterita
1946 3342 2273 3417 fiduciam
2311 3344 2399 3418 de
2427 3344 2717 3437 faturia,
2752 3352 2870 3435 ut,
2903 3345 3083 3417 sicut
3122 3355 3190 3417 te
3224 3345 3561 3420 hactenus

737 3493 831 3548 ex
877 3470 1019 3546 fide
1074 3472 1486 3568 precipuum
1532 3479 1603 3542 et
1665 3491 1759 3542 ex
1817 3468 2157 3540 industria
2226 3467 2601 3565 specialem
2664 3490 2941 3565 semper
3004 3469 3400 3542 invenimus
3469 3472 3561 3544 ad

735 3597 1172 3693 beneplacita
1233 3604 1471 3667 nostra
1543 3604 1862 3689 paratum
1882 3646 1905 3684 ,
1976 3593 2075 3665 sic
2145 3593 2382 3664 nativa
2456 3602 2574 3664 tue
2653 3592 3046 3665 devotionis
3112 3607 3560 3672 excrescente

734 3721 1122 3795 constantia
1144 3773 1164 3811 ,
1201 3739 1617 3813 quecunque
1650 3723 1968 3789 nostrum
2010 3725 2083 3788 et
2116 3715 2388 3811 imperii
2420 3715 2759 3788 honorem
2798 3716 3218 3811 respiciunt,
3261 3714 3561 3789 fideliter

735 3854 808 3918 et
845 3844 1138 3918 sollicite
1181 3841 1520 3939 promptis
1555 3840 1918 3913 affectibus
1950 3839 2349 3935 exequaris.
2393 3838 2566 3911 Cum
2620 3840 2829 3930 igitur
2864 3839 3292 3934 presentium
3341 3861 3560 3932 nego·

732 3968 998 4041 ciorum
1030 3977 1102 4040 et
1143 3977 1535 4061 temporum
1567 3964 1866 4057 qualitas
1909 3964 2147 4055 exigat
2175 3960 2420 4034 fideles
2459 3962 2807 4055 quoslibet
2841 3961 2913 4032 in
2960 3963 3214 4033 nostris
3259 3963 3559 4036 servitiis

733 4093 954 4165 multo
981 4090 1251 4163 virilius
1291 4088 1494 4161 solito
1527 4088 1716 4160 vires
1746 4096 1819 4158 et
1848 4086 2116 4158 animos
2145 4106 2477 4158 exercere
2498 4136 2519 4175 ‚
2560 4084 3001 4156 devotionem
3036 4094 3226 4155 tuam
3258 4086 3557 4178 requiri-

731 4237 887 4289 mus
919 4225 992 4288 et
1018 4214 1406 4302 hortamur,
1439 4219 1700 4283 attente
1727 4210 2141 4282 mandantes
2161 4217 2511 4302 quatenus
2544 4207 2602 4278 si
2629 4229 2941 4299 uuquam
2970 4216 3037 4278 te
3062 4208 3328 4279 dudum
3360 4208 3560 4280 obse-

732 4340 1057 4436 quiosum
1106 4337 1308 4409 nobis
1356 4344 1428 4406 et
1467 4334 1709 4406 utilem
1749 4332 2123 4428 prebuisti,
2159 4329 2690 4403 fructuosiorem
2731 4329 2818 4401 de
2853 4339 3085 4401 cetero
3119 4351 3212 4401 ex
3242 4351 3453 4424 opere
3488 4339 3556 4401 te

730 4470 1089 4560 presentes
1111 4512 1132 4551 ‚
1182 4469 1262 4531 ut
1304 4456 1446 4530 fide
1508 4468 1627 4530 tua
1674 4479 1801 4553 per
1855 4456 2207 4528 fructuum
2254 4452 2634 4527 efficaciam
2681 4463 3161 4525 succrescente
3187 4504 3208 4543 ‚
3272 4474 3437 4544 erga
3489 4464 3558 4525 te

728 4572 1199 4660 munificentie
1227 4591 1465 4655 nostre
1495 4581 1864 4655 dexteram
1888 4577 2242 4653 liberalius
2270 4576 2759 4650 extendamus.
2791 4577 2979 4649 Inter
3004 4576 3176 4648 alias
3212 4576 3557 4670 siquidem

733 4708 1184 4803 cogitationes
1209 4704 1429 4777 nostri
1459 4702 1823 4800 propositi,
1856 4700 2087 4774 stabili
2107 4701 2476 4774 tenacitate
2507 4699 2935 4774 firmavimus
2959 4699 3052 4772 ad
3079 4710 3337 4795 partes.
3364 4752 3388 4772 .
3449 4752 3469 4774 .
3525 4752 3551 4773 .

3732 2064 3882 2168 [birca

3692 2168 3917 2221 aprilem.)
