4525 6031
702 667 901 726 Ιυυιστ.
937 663 1025 747 7.]
1586 662 1981 726 HISTORIA
2030 662 2620 727 DIPLOMATICA.
3395 664 3509 725 671

796 803 873 875 In
916 799 1198 872 nomine
1244 809 1482 872 sancte
1517 810 1586 871 et
1618 800 1975 872 individue
2008 801 2381 874 Trinitatis,
2403 797 2768 872 Federicus
2796 797 3029 869 divina
3067 799 3342 869 favente
3375 798 3516 870 cle·

701 924 961 995 mentia
984 925 1449 996 Romanorum
1477 925 1852 1019 imperator
1877 946 2154 1022 semper
2173 915 2975 1018 augustuS,Hierusalem
3008 930 3078 992 et
3103 921 3331 993 Sicilie
3359 943 3510 993 rex.

701 1047 811 1120 Ad
845 1049 1333 1144 prosequenda
1377 1048 1704 1120 munifice
1741 1060 1908 1122 vota
1950 1049 2260 1122 fidelium
2299 1048 2426 1119 etsi
2463 1057 2609 1118 tum
2635 1045 3069 1141 plenitudine
3092 1046 3340 1138 gratie,
3369 1054 3515 1117 tum

699 1194 1021 1268 supreme
1051 1174 1409 1269 potestatis
1433 1175 1758 1269 auspiciis
1789 1175 2217 1248 liberalitatis
2243 1176 2530 1249 Cesaree
2558 1174 2849 1246 dextera
2879 1171 3183 1265 generali
3216 1171 3518 1263 quadam

699 1296 1142 1387 regularitate
1170 1297 1258 1369 sit
1287 1298 1581 1390 stabiliS,
1615 1299 1750 1370 illis
1786 1309 2267 1372 verumtamen
2296 1299 2598 1391 gratiosa
2633 1297 3007 1392 porrigitur
3037 1293 3336 1388 quadam
3369 1315 3522 1387 spe·

700 1420 999 1492 cialitate
1025 1421 1347 1494 libentior
1360 1419 1461 1519 (a)
1490 1423 1562 1493 in
1590 1423 1844 1516 quibus
1876 1424 2069 1496 velut
2102 1421 2241 1496 fide
2268 1423 2598 1517 preclaris
2627 1432 2698 1494 et
2727 1443 3017 1517 operum
3047 1419 3321 1491 actione
3354 1438 3518 1512 pro-

704 1545 963 1617 meritis
991 1546 1268 1618 servitia
1300 1558 1579 1642 recepta
1610 1559 2009 1621 remunerat
2035 1558 2105 1620 et
2130 1547 2504 1644 prestanda
2527 1547 2599 1618 in
2628 1557 2980 1642 posterum
3008 1543 3216 1616 efficit
3247 1564 3524 1637 promp-

703 1666 901 1739 tiora.
927 1671 1310 1766 Eapropter
1333 1693 1458 1766 per
1485 1693 1772 1767 presens
1803 1672 2242 1767 privilegium
2269 1681 2514 1743 notum
2546 1671 2835 1742 facimus
2871 1668 3214 1741 universis
3248 1667 3522 1765 imperii

700 1790 1025 1864 fidelibus
1077 1803 1218 1866 tam
1265 1797 1700 1890 presentibus
1748 1818 1958 1890 quam
2001 1797 2251 1869 futuris
2293 1797 2518 1890 quod,
2556 1796 2718 1867 licet
2754 1817 2883 1867 nos
2900 1795 3064 1865 olim
3091 1797 3517 1897 provinciam

702 1917 1209 2010 Garfagnanam
1248 1941 1408 1991 cum
1435 1919 1710 2012 juribus
1742 1928 1812 1991 et
1843 1919 2274 2015 pertinentiis
2307 1921 2457 2012 ejus
2488 1918 2785 1991 Henrico
2816 1918 3064 1990 illustri
3100 1919 3245 2011 regi
3285 1920 3518 1993 Sardi·

701 2043 840 2131 nie,
862 2043 1035 2114 sacri
1053 2044 1317 2138 imperii
1340 2044 1406 2114 in
1420 2045 1613 2115 Italia
1629 2043 1937 2136 generali
1968 2045 2226 2136 legam,
2258 2043 2515 2116 dilecto
2541 2042 2682 2115 filio
2708 2052 2975 2133 nostro,
2994 2043 3083 2115 de
3099 2066 3290 2116 mera
3305 2045 3522 2119 dona·

701 2169 886 2240 tione
918 2180 1155 2242 nostra
1187 2169 1519 2242 duximus
1558 2169 2048 2242 conferendam
2075 2221 2095 2258 ‚
2129 2168 2573 2240 attendentes
2606 2176 2837 2239 tamen
2880 2166 3040 2239 fidei
3082 2190 3255 2264 pure
3295 2172 3520 2243 zelum

698 2314 906 2385 quem
933 2315 1229 2366 comune
1260 2297 1442 2367 Luce
1470 2294 1713 2366 fideles
1739 2294 1954 2366 nostri
1990 2315 2152 2386 erga
2190 2293 2566 2386 majestatis
2597 2302 2833 2363 nostre
2866 2313 3234 2387 personam
3263 2293 3522 2369 habere

699 2428 1104 2508 noscuntur,
1137 2419 1659 2492 considerantes
1694 2419 1901 2490 etiam
1936 2427 2131 2511 grata
2164 2418 2445 2490 servitia
2474 2440 2612 2512 que
2646 2418 2931 2488 culmini
2965 2427 3204 2490 nostro
3232 2419 3521 2492 exibue-

699 2552 862 2613 runt
895 2542 1259 2634 hactenus,
1280 2544 1621 2639 presentis
1656 2544 2067 2615 turbationis
2099 2552 2408 2637 tempore
2436 2541 2735 2613 fideliter
2760 2541 3046 2614 exibere
3077 2564 3216 2614 non
3250 2555 3525 2618 cessant

700 2676 770 2738 et
800 2689 938 2761 que
974 2668 1258 2739 exibere
1286 2678 1615 2764 poterunt
1645 2668 1714 2738 in
1749 2677 1952 2739 antea
1982 2667 2310 2759 gratiora,
2345 2666 2434 2738 de
2468 2668 2827 2738 voluntate
2851 2667 3036 2759 regis
3064 2667 3378 2760 ejusdem
3411 2669 3524 2740 cui

563 2836 577 2848 -
698 2792 770 2862 iu
807 2792 960 2863 aliis
995 2802 1067 2864 et
1100 2794 1478 2886 majoribus
1519 2791 1953 2888 providentia
1997 2801 2286 2886 paterna
2321 2792 2644 2863 volumus
2680 2790 3084 2885 providere,
3119 2791 3210 2863 de
3242 2792 3527 2888 speciali

697 2917 947 3009 gratia,
980 2939 1074 2990 ex
1098 2928 1288 2990 certa
1316 2917 1737 2990 conscientia
1771 2926 2037 3006 nostra,
2074 2916 2503 3012 provinciam
2541 2915 2759 3010 ipsam
2794 2937 2954 2988 cum
2986 2916 3268 3006 castriS‚
3302 2917 3520 3009 villis,

700 3042 1125 3132 hominibus,
1153 3042 1787 3135 jurisdictionibus,
1831 3042 2028 3114 terris
2073 3041 2278 3113 cultis
2329 3051 2400 3113 et
2442 3041 2757 3131 incultis„
2803 3041 3001 3134 aquis
3050 3062 3526 3137 aquarumque

698 3167 1133 3255 decursibus,
1164 3167 1478 3260 justitiiS,
1513 3167 1898 3238 rationibus
1923 3167 2247 3238 omnibus
2275 3175 2347 3238 et
2373 3165 2687 3260 pertinen
2698 3165 2806 3236 tiis
2833 3166 3002 3256 suis,
3030 3165 3358 3239 videlicet
3386 3189 3525 3260 que

699 3291 787 3363 de
820 3291 1145 3363 demanio
1181 3292 1253 3362 in
1293 3292 1691 3362 demanium
1736 3301 1807 3362 et
1847 3313 1983 3384 que
2026 3291 2116 3364 de
2157 3290 2441 3362 servitio
2471 3291 2543 3361 in
2576 3290 2962 3381 servitium,
2988 3290 3215 3362 eidem
3244 3294 3524 3365 comuni

700 3415 1019 3488 fidelibus
1050 3416 1302 3487 nostris
1333 3416 1403 3486 in
1443 3414 1581 3487 fide
1614 3425 1685 3487 et
1715 3416 2085 3488 devotione
2130 3425 2368 3487 nostra
2413 3415 2938 3510 persistentibus
2968 3416 3038 3485 in
3076 3427 3339 3489 rectum
3372 3418 3524 3489 seu·

699 3545 867 3616 dum
887 3517 1216 3615 duximus
1230 3542 1794 3633 concedendam;
1824 3542 1918 3614 ita
1942 3552 2173 3613 tamen
2202 3542 2394 3634 quod
2434 3542 2860 3637 provinciam
2897 3543 3119 3639 ipsam
3149 3565 3191 3616 a
3221 3546 3423 3618 nobis
3455 3557 3526 3618 et

698 3668 1209 3739 successoribus
1240 3667 1494 3739 nostris
1527 3666 1595 3737 in
1631 3676 2043 3762 perpetuum
2072 3666 2354 3738 nomine
2390 3666 2558 3737 recti
2587 3665 2773 3737 feudi
2818 3667 2908 3738 de
2936 3676 3170 3739 cetero
3205 3677 3518 3762 teneant,

699 3792 877 3863 sicut
917 3801 1154 3863 tenent
1179 3792 1350 3862 alias
1384 3799 1601 3861 terras
1631 3812 1871 3862 eorum
1905 3790 2257 3862 districtus
2294 3799 2367 3862 et
2399 3812 2443 3861 a
2478 3790 2679 3862 nobis
2710 3811 2793 3862 ac
2823 3790 3118 3884 imperio
3149 3803 3386 3865 nostro
3419 3816 3526 3865 re·

698 3926 1129 4009 cognoscunt
1154 3916 1255 3987 eis
1284 3916 1446 3987 olim
1478 3936 1519 3987 a
1550 3914 1729 3987 divis
1760 3916 2071 4009 augustis
2109 3914 2669 4010 progenitoribus
2695 3915 2948 3986 nostris
2975 3935 3338 3988 concessas
3376 3926 3447 3987 et
3481 3938 3523 3989 a

695 4039 896 4112 nobis
922 4039 1366 4135 postmodum
1394 4037 1869 4131 confirmatas;
1895 4039 2132 4111 debita
2160 4060 2442 4132 quoque
2473 4048 2544 4110 et
2571 4048 2903 4110 consueta
2931 4039 3206 4109 servitia
3229 4039 3522 4133 proinde

699 4164 901 4235 nobis
933 4173 1000 4235 et
1033 4163 1327 4258 imperio
1361 4164 1585 4235 facere
1617 4171 2008 4235 teneantur.
2053 4164 2432 4233 Statuimus
2467 4162 2675 4253 igitur
2707 4170 2779 4232 et
2808 4160 3145 4255 imperiali
3177 4162 3524 4234 sancimus

699 4288 926 4360 edicto
969 4288 1160 4381 quod
1200 4288 1434 4359 nullus
1475 4286 1662 4377 dux,
1698 4288 1933 4360 nullus
1969 4285 2312 4376 marchio,
2344 4286 2576 4356 nullus
2608 4306 2879 4374 comeS,
2917 4286 3151 4356 nullus
3181 4284 3515 4376 vicarius,

698 4412 887 4483 nulla
919 4420 1223 4505 potestas
1258 4431 1381 4481 seu
1412 4432 1736 4498 comune,
1767 4410 1958 4481 nulla
1989 4408 2290 4503 denique
2324 4428 2619 4504 persona
2646 4409 2786 4479 alta
2811 4409 2927 4479 vel
2963 4405 3268 4500 humiliS,
3300 4410 3522 4481 eccle-

697 4536 971 4608 siastica
1011 4536 1122 4607 vel
1164 4535 1529 4625 secularis,
1571 4535 1831 4607 dictum
1874 4555 2170 4607 comune
2215 4532 2458 4606 fideles
2508 4543 2779 4606 nostros
2826 4533 2897 4604 in
2945 4530 3106 4606 fidei
3152 4533 3522 4607 devotione

778 4782 864 4863 (a)
898 4782 1233 4844 *Exordium
1264 4781 1386 4843 sere
1417 4783 1608 4844 simile
1631 4782 1875 4844 exordio
1901 4782 2064 4860 quod
2089 4784 2270 4844 estin
2297 4782 2469 4844 Pom·
2491 4779 2563 4844 de
2592 4783 2728 4845 Vin.
2750 4782 2949 4864 epist,
2967 4781 3076 4847 ltb.
3094 4784 3207 4861 vl,
3226 4801 3358 4865 cap.
3383 4785 3518 4851 XV.
