4525 6031
620 608 820 666 Nocet.
853 602 947 680 6.]
1510 596 1908 659 HISTORIA
1950 595 2554 661 mPLoMA'rch.
3328 598 3447 660 607

617 741 842 812 zelum
885 736 1051 810 fidei
1079 733 1441 807 defecisse.
1474 731 1651 803 Nam
1680 732 1863 804 circa
1890 732 2252 805 biennium
2278 731 2679 825 episcopum
2707 731 3166 803 Geracensem
3198 730 3287 803 de
3319 731 3446 803 Ca·

620 863 837 936 labria
866 861 1031 934 fecit
1066 860 1138 931 in
1170 857 1368 950 aquis
1390 854 1929 953 serventibus(a)
1958 855 2328 952 prefocati.
2357 857 2504 926 Hoc
2529 875 2698 926 vero
2726 876 2912 927 anno
2939 855 3012 925 in
3037 855 3224 927 Urbe
3259 854 3448 957 apud

618 988 1032 1060 Lateranum
1082 981 1455 1055 recolende
1500 980 1831 1053 memorie
1881 980 2410 1053 Cefaludensem
2459 978 2861 1074 episcopum
2902 978 2992 1051 de
3035 979 3265 1050 Sicilia
3299 980 3448 1070 jam

619 1111 819 1182 annis
840 1107 1245 1203 quindecim
1270 1127 1399 1200 per
1420 1104 1684 1176 dictum
1711 1103 2002 1199 impium
2033 1126 2075 1176 a
2107 1102 2385 1198 propria
2414 1101 2581 1174 sede
2608 1104 2915 1197 pulsum,
2930 1122 3057 1195 per
3074 1101 3448 1194 quemdam

621 1235 933 1307 lictorem
969 1232 1263 1304 siculum
1299 1227 1533 1322 gladio
1565 1228 1728 1300 fecit
1758 1228 2032 1318 necari3
2064 1228 2265 1319 cujus
2295 1226 2698 1297 veneranda
2731 1225 3018 1296 canities
3050 1225 3140 1298 ad
3180 1225 3451 1296 senium

615 1360 759 1450 jam
791 1357 1103 1452 procliva
1145 1355 1269 1426 diu
1301 1354 1373 1424 in
1409 1353 1682 1425 camino
1723 1352 2152 1447 paupertatis
2194 1359 2489 1423 excocta
2527 1360 2598 1422 et
2646 1349 2923 1441 longevi
2970 1349 3162 1420 exilii
3200 1350 3474 1445 pruina,

622 1490 1015 1570 contracta,
1056 1500 1184 1573 per
1223 1496 1298 1548 se
1338 1476 1562 1570 ipsam
1607 1474 1700 1546 ad
1745 1475 2015 1546 exitum
2060 1474 2502 1570 properabat.
2544 1473 2681 1545 Sed
2719 1472 3061 1564 gladiator
3099 1472 3451 1566 predictus

623 1625 762 1677 non
785 1603 879 1675 ad
912 1603 1047 1675 hoc
1080 1610 1348 1673 tantum
1377 1599 1626 1671 missus
1657 1600 1912 1691 fuerat,
1953 1598 2079 1670 sed
2105 1608 2187 1670 ut
2213 1598 2287 1668 in
2321 1598 2627 1690 aliquam
2655 1596 2743 1668 de
2768 1596 3037 1688 magnis
3063 1596 3450 1690 columpnis

626 1750 869 1800 manus
895 1726 1310 1799 extenderet
1338 1724 1394 1794 si
1419 1725 1685 1796 valeret
1710 1732 2130 1795 cruentatas.
2158 1723 2305 1793 Nec
2333 1721 2584 1791 mirum
2617 1719 2672 1790 si
2707 1720 2936 1790 minus
2968 1720 3265 1790 famosos
3296 1742 3452 1814 pre·

625 1852 797 1922 latos
834 1850 1139 1945 perimit,
1176 1870 1337 1920 cum
1364 1847 1531 1919 olim
1558 1846 1841 1919 sicarios
1873 1855 1945 1918 et
1974 1845 2305 1917 assisinos
2332 1843 2750 1916 conduxerit
2779 1842 2872 1914 ad
2901 1843 3296 1914 necandum
3327 1867 3449 1933 ,su-

625 1996 943 2070 premum
969 1972 1220 2046 Christi
1249 1972 1586 2044 vicarium
1632 1978 1702 2041 et
1741 1970 2012 2064 aliquos
2051 1971 2299 2040 fratres
2341 1969 2491 2059 ejus
2524 1977 2596 2038 et
2625 1967 2698 2036 in
2730 1967 3070 2060 quosdam
3105 1966 3455 2063 principes

620 2097 765 2188 jam
813 2096 1038 2191 pridie
1083 2095 1333 2167 similia
1372 2093 1842 2166 attentaverit.
1896 2093 2048 2164 Heu
2095 2091 2395 2185 qualiter
2438 2090 2862 2162 obdormivit
2905 2090 2977 2160 in
3026 2090 3454 2184 principibus

623 2217 1010 2289 christianis
1034 2218 1240 2289 timor
1264 2217 1388 2288 Dei
1418 2226 1488 2289 et
1506 2216 1789 2288 omnino
1818 2216 1961 2287 fere
1993 2215 2216 2309 tepuit
2233 2235 2432 2285 amor
2453 2209 2865 2285 Salvatorisl
2898 2213 3163 2308 Nempe
3187 2213 3456 2286 dudum

626 2352 936 2438 tempore
957 2342 1324 2435 gentilium
1343 2342 1401 2412 si
1427 2362 1609 2412 unus
1639 2340 1896 2412 demon
1930 2338 2106 2410 dans
2135 2338 2205 2409 in
2235 2338 2438 2409 terris
2457 2337 2841 2410 idololatris
2859 2359 3192 2431 responsa
3213 2337 3454 2410 ooliab

626 2466 858 2558 aliquo
902 2467 1393 2563 spernebatur,
1425 2464 1660 2535 multis
1701 2463 2071 2535 distractus
2111 2461 2467 2556 suppliciis
2509 2460 2884 2532 crudeliter
2935 2461 3346 2552 necabatur;
3386 2469 3457 2531 et

628 2587 834 2659 modo
875 2585 1051 2659 fides
1090 2587 1583 2677 contemnitur,
1616 2586 2053 2658 invalescunt
2093 2584 2384 2656 heretici
2423 2592 2494 2654 et
2536 2584 2628 2654 ab
2667 2583 2881 2677 impio
2922 2583 3394 2654 defenduntur
3431 2606 3448 2647 ε

625 2710 1075 2806 predicantur
1103 2711 1177 2781 in
1209 2710 1418 2802 hujus
1453 2709 1727 2783 scelesti
1762 2718 2128 2804 potentatu
2161 2707 2480 2796 hereseS,
2512 2707 2909 2778 increscunt
2942 2716 3291 2801 apostate,
3325 2706 3452 2779 de-

627 2835 1008 2907 fenduntur
1056 2834 1295 2905 hostes
1332 2834 1639 2925 Domini,
1673 2841 2215 2905 contemnuntur
2245 2841 2681 2904 sacramenta
2725 2840 2795 2903 et
2834 2832 3067 2903 claves
3105 2831 3447 2922 Ecclesie,

626 2959 1074 3031 conculcatur
1099 2958 1384 3030 libertas
1411 2957 1879 3031 ecclesiastica
1910 2977 2043 3030 nec
2072 2966 2380 3029 curatur.
2410 2959 2589 3029 Sane
2617 2978 2778 3028 cum
2807 2954 3072 3028 dudum
3105 2954 3455 3029 exercitus

624 3082 1039 3154 christianus
1082 3083 1204 3176 qui
1244 3103 1496 3176 capere
1524 3081 1978 3176 Babyloniam
2006 3080 2449 3171 intendebat,
2483 3080 2613 3151 fuit
2641 3079 2733 3150 ab
2763 3079 2965 3172 aquis
2996 3077 3136 3150 Nili
3172 3099 3451 3151 excres-

629 3206 947 3278 centibus
979 3207 1443 3301 interceptus‚
1476 3226 1711 3277 nonne
1743 3204 2017 3282 soldani
2056 3204 2591 3276 mansuetudine
2623 3203 2923 3274 refectus
2954 3212 3059 3274 est
3093 3202 3352 3296 pabulo
3384 3211 3457 3274 et

624 3328 987 3401 incolumis
1010 3339 1117 3401 est
1138 3339 1456 3401 servatus
1483 3328 1951 3420 remissusque
1986 3327 2079 3400 ad
2107 3328 2386 3423 propria
2413 3327 2560 3398 sine
2588 3327 2873 3417 damno,
2898 3325 3020 3396 ubi
3049 3336 3249 3397 erant
3271 3325 3453 3398 bone

630 3452 961 3524 memorie
990 3453 1314 3525 dominus
1336 3451 1753 3525 Albanensis
1785 3460 1856 3523 et
1885 3449 2269 3523 Aconensis
2301 3451 2605 3546 episcopi
2644 3459 2714 3521 et
2747 3449 3034 3543 quidam
3061 3449 3179 3520 alii
3211 3470 3454 3543 presu-

631 3577 731 3647 les
781 3585 855 3646 et
899 3576 1150 3670 prelati
1204 3585 1274 3648 et
1319 3576 1505 3647 clare
1560 3574 1893 3646 memorie
1944 3594 2076 3644 rex
2114 3574 2545 3645 Hierusalem
2583 3574 2933 3645 Iohannes
2983 3572 3073 3643 de
3115 3571 3457 3643 Bresnes?

629 3699 876 3770 Nonne
903 3699 1162 3793 inclyte
1192 3697 1686 3770 recordationis
1718 3697 2040 3770 dominus
2065 3697 2414 3769 lohannes
2441 3697 2531 3769 de
2558 3697 2891 3768 Columna
2918 3694 3282 3791 presbyter
3305 3715 3456 3765 car-

629 3821 880 3893 dinalis
900 3823 1022 3914 qui
1046 3843 1207 3893 cum
1226 3822 1642 3916 imperatore
1671 3820 2431 3916 Constantinopolitano
2452 3821 2544 3893 ad
2568 3819 2878 3891 Greciam
2906 3817 3456 3912 recuperandam

630 3948 1038 4037 intraverat,
1070 3958 1315 4042 captus
1344 3969 1387 4018 a
1421 3947 1785 4019 Theodoro
1816 3947 2123 4020 Cumano
2169 3955 2573 4019 reverenter
2604 3954 2936 4017 tractatus
2972 3954 3078 4015 est
3109 3953 3179 4013 et
3213 3942 3454 4015 dimis-

632 4073 792 4142 sus?
822 4073 999 4144 Ecce
1036 4071 1374 4143 sevissimi
1414 4070 1633 4142 hostis
1669 4071 1936 4141 insania
1977 4091 2120 4142 non
2162 4080 2488 4142 contenta
2516 4068 2625 4139 his
2657 4068 2886 4155 maliS,
2922 4089 3048 4161 per
3078 4066 3457 4137 Saracenos

634 4193 1051 4290 prophanari
1082 4195 1246 4266 fecit
1272 4194 1600 4267 ecclesias
1617 4247 1638 4285 ,
1671 4194 1910 4266 subrui
1937 4194 2212 4284 altaria,
2244 4193 2477 4288 spargi
2501 4193 2830 4285 reliquias
2858 4191 3021 4262 etin
3051 4189 3220 4261 locis
3244 4188 3457 4260 sacris

633 4319 1069 4414 constuprari
1098 4318 1503 4390 christianas
1531 4317 1862 4410 virgineS,
1882 4318 2131 4389 viduas
2163 4339 2324 4388 cum
2359 4315 2719 4387 maritatis.
2748 4314 2931 4401 Quin
2965 4312 3174 4384 etiam
3207 4311 3297 4384 de
3329 4333 3457 4383 suo

635 4442 968 4514 mandato
1002 4443 1249 4513 fratres
1282 4442 1584 4513 minores
1618 4441 1876 4536 aliique
1909 4441 2043 4514 viri
2078 4439 2384 4534 religiosi
2422 4439 2545 4534 qui
2574 4440 2665 4511 ad
2699 4438 3011 4512 dandum
3044 4435 3460 4532 penitentias

723 4702 806 4781 (a)
850 4704 925 4766 In
950 4707 1234 4784 impresso
1255 4701 1694 4767 vehementibus.
