4525 6031
675 660 877 719 lamet.
910 658 1003 734 7.]
1570 658 1959 721 HISTORIA
2009 657 2599 721 DIPLOMATICA.
3367 649 3490 710 683

789 1209 1271 1294 Innocentius
1316 1238 1513 1320 papa
1552 1210 1868 1294 Sanctae
1900 1211 2180 1296 Mariae
2225 1212 2304 1294 in
2358 1213 2497 1296 Via
2549 1213 2704 1295 lata
2751 1212 3073 1296 diacono
3128 1208 3495 1293 cardinali

684 1342 1157 1449 Apostolicae
1220 1345 1435 1427 Sedis
1499 1342 1750 1453 legato
1810 1346 2125 1428 mandat
2177 1348 2383 1454 quod
2441 1346 3079 1455 dispensationem
3129 1346 3225 1427 de
3278 1344 3496 1426 tertio

684 1476 927 1583 gradu
983 1476 1662 1588 consanguinitatis
1719 1477 1914 1561 inter
1968 1478 2301 1560 Ulricum
2357 1492 2621 1562 natum
2676 1479 2890 1562 ducis
2940 1476 3370 1560 Carinthiae
3425 1487 3499 1560 et

684 1608 1052 1717 Agnetem
1109 1621 1410 1721 neptem
1461 1610 1930 1721 patriarchae
1985 1611 2514 1723 Aquilegensis
2568 1611 2895 1719 tribuat,
2935 1621 3231 1722 recepta
3283 1609 3499 1720 prius

685 1739 781 1823 ab
819 1758 1143 1852 utroque
1181 1745 1276 1827 de
1313 1744 1738 1828 assistendo
1774 1745 2160 1828 Romanae
2206 1745 2582 1829 Ecclesiae
2616 1757 2880 1829 contra
2923 1746 3386 1828 Fridericum
3425 1754 3498 1826 et

683 1875 780 1956 de
820 1878 1368 1990 perseverando
1420 1878 1910 1962 immobiliter
1958 1880 2036 1959 in
2090 1878 2467 1962 Ecclesiae
2525 1880 2921 1964 devotione
2971 1880 3242 1963 idonea
3294 1904 3496 1962 cau-

686 2005 912 2090 tione.

848 2196 1094 2277 (Incdtt.
1125 2216 1199 2260 ex
1227 2207 1457 2279 regesto
1483 2202 1654 2280 epist.
1686 2201 1895 2262 Innoc.
1927 2200 2035 2278 IV,
2065 2219 2225 2264 anno
2252 2203 2366 2282 vl,
2395 2205 2460 2263 in
2487 2202 2641 2264 Bibl.
2673 2202 2872 2265 Cesar.
2911 2203 3129 2282 Paris„
3162 2220 3290 2264 ane.
3316 2201 3503 2285 fonds

923 2302 1098 2386 latin,
1124 2316 1192 2366 11⁰
1221 2307 1428 2387 ⁴0³9.)

784 2467 1035 2539 Datum
1061 2470 1408 2563 Lugduni,
1440 2471 1507 2542 X
1533 2470 1867 2545 kalendas
1888 2471 2217 2566 januarii,
2260 2493 2447 2544 anno
2478 2472 2593 2545 VI.

796 2993 1258 3102 Fridericus‚
1311 2961 1829 3085 Romanorum
1878 3001 2319 3110 imperator,
2374 2999 2716 3084 concedit
2766 3007 2842 3082 et
2884 2995 3286 3081 confirmat
3325 2994 3503 3078 Ver.

693 3155 825 3211 seu
861 3131 948 3212 B.
994 3132 1090 3215 de
1124 3134 1479 3216 Vercellis
1514 3137 1895 3244 quaedam
1931 3135 2134 3218 bona
2170 3135 2276 3218 ibi
2306 3159 2658 3244 expressa
2696 3159 2893 3244 quae
2927 3132 3193 3214 Petrus
3225 3130 3512 3213 Biche-

691 3260 853 3343 rius
890 3273 966 3346 et
998 3264 1125 3345 alii
1168 3265 1446 3348 milites
1493 3266 1753 3348 statuti
1802 3290 2029 3374 super
2068 3266 2612 3362 distribuendis
2658 3265 2879 3348 bonis
2921 3262 3512 3349 Vercellensium

692 3397 1204 3504 proditorum,
1244 3399 1491 3482 eidem
1527 3399 1782 3481 danda
1817 3401 2327 3508 providerant.

848 3582 1102 3663 (Inedit.
1133 3604 1207 3646 ex
1233 3588 1367 3647 cod.
1397 3587 1551 3648 Bibl.
1585 3586 1886 3661 vatican„
1915 3597 1984 3647 n⁰
2014 3595 2194 3665 5985,
2220 3585 2325 3646 fol.
2360 3595 2433 3648 73
2462 3603 2659 3664 verso,
2681 3602 2820 3648 cum
2842 3587 2955 3647 hoc
2981 3584 3154 3645 titulo
3181 3603 3198 3646 ε
3225 3580 3519 3662 Reoesacit

928 3690 1183 3769 qratiam
1208 3687 1436 3750 cuidam
1462 3687 1644 3750 nobili
1672 3689 1742 3751 de
1771 3689 1930 3752 bonis
1948 3689 2341 3771 proditorum.
2374 3692 2552 3753 Deest
2577 3693 2803 3753 notatio
2836 3692 2949 3751 loci
2976 3696 3039 3751 et
3064 3687 3396 3767 temporis.)

786 3847 1203 3941 FridericuS,
1242 3861 1376 3924 etc.
1408 3853 1896 3924 Remuneratio
1924 3853 2391 3945 subjectorum
2424 3852 2907 3925 liberalitatem
2936 3848 3267 3945 principis
3291 3859 3524 3921 osten-

692 3969 794 4042 dit
821 3972 893 4043 in
920 3985 1371 4070 perpetuum3
1414 3975 1533 4048 illa
1563 3998 1733 4050 vero
1762 3977 2095 4070 dignioris
2127 3978 2354 4051 laudis
2394 3978 2590 4050 titulo
2625 3977 2954 4049 elucescit
2979 3996 3119 4068 qua
3152 3973 3361 4067 digna
3392 3995 3521 4068 pro

688 4094 948 4166 meritis
976 4098 1241 4192 premia
1269 4100 1656 4191 largiuntur
1685 4111 1755 4172 et
1782 4101 2095 4173 ditantur
2112 4102 2281 4194 justi
2313 4102 2548 4198 spoliis
2572 4098 3090 4194 quodammodo
3117 4098 3524 4191 dampnato-

685 4240 865 4291 rum.
902 4221 1033 4293 Per
1070 4245 1358 4317 presens
1408 4224 1619 4316 igitur
1659 4224 1992 4320 scriptum
2034 4235 2282 4298 notum
2332 4225 2481 4297 fieri
2521 4226 2844 4297 volumus
2876 4222 3219 4294 universis
3250 4221 3524 4316 imperii

689 4340 1011 4416 fidelibus
1066 4355 1205 4417 tam
1260 4349 1700 4443 presentibus
1756 4372 1968 4442 quam
2018 4350 2269 4422 futuris
2328 4349 2520 4442 quod
2562 4350 2724 4422 Ver.
2769 4347 2858 4422 de
2916 4346 3248 4421 Vercellis
3299 4345 3526 4418 fidelis

690 4476 928 4539 noster
975 4472 1319 4562 majestati
1364 4481 1600 4544 nostre
1648 4471 2003 4546 humiliter
2040 4474 2458 4569 supplicavit
2493 4483 2572 4546 ut
2615 4495 2776 4545 cum
2818 4475 2891 4546 P.
2934 4470 3289 4544 Bicherius
3316 4468 3423 4567 (⁴)
3456 4477 3529 4542 et

762 4696 840 4769 (l)
879 4697 939 4752 ln
969 4698 1155 4757 codice
1172 4701 1236 4756 B.
1271 4701 1511 4772 Vicheus,
1540 4703 1721 4759 minus
1749 4709 1914 4760 recte.
1935 4703 2124 4776 Agitur
2145 4702 2215 4761 de
2238 4702 2342 4761 isto
2364 4702 2609 4760 Bicherio
2634 4700 2705 4759 de
2725 4718 2831 4775 quo
2852 4719 3040 4776 supra,
3067 4719 3125 4775 p.
3150 4703 3275 4758 655.
3309 4697 3370 4753 In
3397 4712 3526 4754 eum

694 4795 890 4852 acriter
911 4794 1117 4854 invehit
1142 4798 1482 4858 Innocentius
1508 4815 1670 4874 papa,
1701 4800 1756 4857 in
1785 4800 1980 4859 litteris
1997 4801 2091 4858 ubi
2117 4802 2343 4874 legimus
2370 4820 2383 4858 :
2416 4822 2443 4854 α
2469 4802 2604 4859 Cum
2633 4799 2797 4873 igitur
2817 4801 3014 4858 Petrus
3040 4799 3219 4857 dictus
3242 4795 3525 4855 Bicherius

3613 1213 3819 1267 Lugduni
3833 1240 3850 1263 ,

3562 1269 3618 1313 28
3635 1268 3894 1314 decembris.

3632 2996 3856 3103 ..13:32
