4525 6031
1103 626 1230 689 934
2210 619 2835 686 Anm'rAuEN'rA.

1105 761 1637 833 obumbratione
1679 759 1935 833 deduci
1977 779 2342 852 quousque
2381 760 2905 855 superstitiones
2946 767 3017 829 et
3056 757 3226 829 vitia
3263 756 3745 848 seductorum,
3794 780 3932 852 que

1104 884 1368 956 diutius
1422 884 1638 955 latere
1688 904 1830 954 non
1896 892 2260 978 poterant,
2326 883 2690 956 evidenter
2747 901 3170 975 cognoscere
3229 891 3631 977 potuerunt.
3694 883 3934 978 Nuper

1103 1018 1339 1080 autem
1374 1009 1652 1079 fortune
1688 1017 1926 1078 nostre
1961 1006 2352 1103 proprietas
2387 1006 2555 1104 (que
2589 1008 2766 1081 solet
2800 1006 3004 1079 nobis
3043 1006 3386 1101 placidius
3420 1005 3728 1078 arridere
3760 1006 3931 1079 dum

1102 1141 1470 1227 provocat,
1506 1140 1577 1202 et
1610 1153 1738 1227 per
1773 1130 2135 1223 sequentia
2175 1130 2372 1223 signa
2411 1131 2687 1226 placere
2718 1140 3059 1223 gratatur,
3098 1130 3310 1201 etiam
3358 1151 3518 1201 cum
3557 1129 3925 1221 ingratitu-

1102 1256 1286 1327 dinis
1321 1254 1492 1327 vitio
1531 1254 1727 1348 quod
1763 1252 2134 1351 promisit),
2173 1254 2688 1347 quantumlibet
2719 1253 2870 1325 visa
2907 1254 2997 1325 sit
3026 1252 3365 1324 hactenus
3406 1262 3677 1344 tergum
3725 1252 3929 1324 nobis

1101 1377 1478 1471 aliquando
1510 1388 1821 1467 vertere,
1857 1376 2106 1448 faciem
2141 1385 2373 1448 tamen
2411 1376 2704 1448 hilarem
2725 1378 3248 1471 jucundamque
3276 1375 3719 1467 monstravit,
3755 1374 3926 1447 dum

1100 1503 1324 1595 major
1375 1523 1537 1597 pars
1579 1500 1911 1590 Marchie,
1972 1499 2097 1571 sed
2149 1501 2402 1572 Civitas
2449 1502 2645 1574 Nova
2690 1499 2795 1597 (l)
2831 1501 3159 1597 precipue
3211 1500 3407 1573 velut
3452 1499 3924 1593 ‹antesignaria

1098 1625 1465 1722 prosiliens
1513 1634 1584 1696 et
1633 1645 2017 1717 exurgens,
2067 1634 2555 1717 suggestorum
2609 1625 2901 1697 detectis
2950 1622 3314 1697 fraudibus
3361 1633 3434 1696 et
3478 1623 3597 1696 via
3644 1625 3922 1717 cognita

1097 1747 1442 1840 veritatis,
1479 1745 1571 1820 ad
1603 1745 1764 1820 fidei
1803 1757 2042 1821 nostre
2079 1750 2344 1821 cultum
2374 1751 2649 1823 noviter
2680 1749 3063 1823 redierunt.
3100 1750 3189 1822 Et
3218 1759 3297 1821 ut
3330 1750 3583 1822 erroris
3608 1748 3921 1844 preteriti

1093 1871 1342 1944 vitium
1395 1872 1674 1945 virtutis
1727 1873 1984 1968 placita
2030 1873 2488 1946 conversione
2541 1873 3003 1964 redimerent,
3059 1873 3152 1946 ad
3198 1871 3551 1946 fidelitatis
3604 1871 3919 1945 semitam

1093 1997 1323 2069 redire
1351 1999 1665 2068 nolentes
1711 1996 2021 2088 inglorii,
2060 1996 2187 2068 sed
2229 2000 2655 2070 tumultuoso
2687 1998 3011 2070 conflictu
3045 1999 3230 2071 sacto
3264 2018 3427 2070 cum
3466 1996 3809 2088 hostibus,
3845 1996 3919 2069 in

1093 2121 1367 2213 signum
1392 2122 1761 2215 reprobate
1780 2119 2071 2215 perfidie
2093 2120 2256 2193 fidei
2272 2145 2402 2193 sue
2429 2124 2889 2194 constantiam
2915 2123 3219 2217 experiri
3238 2118 3639 2220 [volentes],
3663 2122 3919 2194 multos

1093 2245 1183 2318 de
1224 2245 1628 2316 melioribus
1661 2246 2215 2318 Bononiensibus
2267 2256 2337 2317 et
2380 2247 2706 2319 Romanis
2749 2246 3040 2339 aliisque
3089 2244 3469 2318 rebellibus
3505 2259 3578 2317 et
3623 2267 3783 2318 cum
3816 2245 3918 2318 eis

1082 2372 1395 2464 judicem
1438 2370 1839 2462 generalem
1891 2367 1994 2466 (a)
2032 2370 2334 2442 Marchie
2353 2424 2373 2460 ‚
2417 2355 2729 2464 aliosque
2774 2373 3076 2443 famosos
3119 2371 3308 2444 viros
3354 2371 3574 2443 nostri
3617 2370 3917 2446 carceris

1090 2494 1384 2567 excidiis
1429 2503 1922 2587 aggregarunt.
1959 2496 2069 2566 Ex
2101 2516 2242 2587 quo
2283 2494 2535 2568 fiducia
2572 2495 2775 2567 nobis
2818 2504 3008 2566 certa
3039 2494 3489 2589 promittitur,
3534 2494 3728 2589 quod
3770 2503 3915 2566 tota

1087 2620 1446 2715 provincia
1497 2620 2007 2712 subsequenter
2054 2619 2147 2691 ad
2204 2618 2415 2690 fidem
2474 2619 2691 2692 nostri
2741 2618 3062 2691 culminis
3115 2617 3515 2709 reducetur,
3569 2616 3647 2690 si⁷
3679 2627 3911 2689 tamen

1086 2752 1319 2838 partes
1368 2743 1556 2834 illas,
1615 2751 1695 2814 ut
1756 2743 2133 2833 credimus,
2192 2752 2514 2836 potenter
2573 2752 2644 2815 et
2703 2741 3065 2834 magnifice
3110 2752 3529 2838 repetamus,
3580 2741 3913 2815 Nolentes

1086 2866 1298 2959 igitur
1332 2868 1638 2938 oblatam
1683 2866 1884 2960 quasi
1914 2865 2118 2938 nobis
2158 2865 2252 2937 ad
2297 2866 2577 2938 oculum
2628 2865 2719 2937 de
2766 2865 3070 2938 hostium
3111 2865 3634 2938 conculcatione
3685 2864 3908 2937 victo-

1087 2989 1260 3062 riam
1329 2990 1763 3084 negligenter
1809 2990 2154 3080 abnuere,
2205 3012 2371 3083 voS,
2439 3012 2614 3083 quos
2661 2987 2979 3062 laborum
3044 3000 3436 3063 nostrorum
3493 2999 3567 3062 et
3617 3010 3910 3062 onerum

1086 3126 1413 3209 expertes
1458 3135 1610 3186 esse
1662 3135 1803 3187 non
1851 3114 2173 3203 sinimuS,
2234 3115 2329 3187 ad
2383 3114 2599 3209 ipsius
2647 3114 2939 3187 victorie
2986 3112 3425 3211 participium
3479 3110 3901 3203 invitamu83

1083 3236 1401 3311 fidelitati
1434 3250 1666 3311 vestre
1697 3238 2109 3310 mandantes
2137 3251 2484 3333 quatenus
2514 3260 2605 3312 ex
2633 3260 2880 3334 sapore
2911 3259 3269 3310 rumorum
3304 3237 3730 3331 hujusmodi,
3760 3220 3925 3311 non>

1084 3362 1309 3431 solum
1339 3381 1617 3432 causam
1657 3360 1881 3432 leticie
1902 3413 1920 3448 ‚
1957 3360 2084 3432 sed
2119 3363 2332 3433 robur
2361 3374 2431 3433 et
2457 3362 2726 3433 animos
2753 3374 3219 3453 assumentes,
3260 3383 3504 3435 omnes
3539 3370 3613 3434 et
3649 3342 3906 3454 singuli

1082 3481 1176 3554 ad
1225 3482 1746 3575 requisitionem
1787 3483 2152 3577 justiciarii
2195 3484 2496 3576 regionis
2549 3485 2805 3580 ipsius,
2858 3507 2988 3557 vos
3034 3484 3248 3558 armis
3300 3495 3372 3557 et
3413 3483 3646 3578 equis,
3695 3462 3907 3581 prout

1079 3604 1637 3699 magnificentius
1677 3628 2249 3702 unumquemque
2295 3608 2648 3700 decuerit,
2685 3611 3107 3704 preparetis,
3150 3618 3232 3680 ut
3270 3608 3342 3679 in
3396 3617 3616 3680 estate
3670 3607 3904 3681 futura

1080 3750 1240 3801 cum
1275 3728 1460 3802 felici
1486 3730 1803 3803 exercitu
1833 3741 2073 3803 nostro
2103 3729 2195 3803 ad
2228 3731 2686 3804 obtinendum
2718 3731 2807 3803 de
2838 3731 3145 3804 hostium
3171 3730 3621 3828 depressione
3656 3730 3900 3809 trium-

1089 3958 1094 3961 -
1164 3929 1246 4010 (a)
1296 3929 1632 3994 amntem
1655 3934 1719 3992 tn
1744 3933 1877 3993 cod.
1910 3941 2030 3994 455
2058 3934 2245 3995 deest.

1148 4252 1220 4324 (t)
1249 4249 1327 4306 Ex
1347 4249 1538 4307 litteris
1563 4250 1847 4308 cardinalis
1877 4251 2129 4324 Raynerii
2157 4250 2518 4324 comperimus
2539 4254 2662 4306 ante
2690 4264 2931 4307 mensem
2958 4250 3161 4307 maium
3190 4252 3350 4320 ⁴2⁴8,
3381 4249 3660 4306 Civitatem
3686 4251 3895 4307 Novam

1073 4345 1131 4402 in
1157 4347 1500 4419 imperatoris
1529 4353 1715 4419 partes
1740 4363 1799 4404 se
1827 4347 2184 4417 convertiss03
2215 4361 2357 4419 quae
2382 4346 2541 4404 datae
2569 4346 2784 4403 fuerunt
2811 4347 3086 4417 Racanati,
3114 4346 3294 4404 idibus
3317 4346 3466 4417 maii,
3498 4362 3595 4419 pro
3621 4344 3894 4402 communi

1071 4444 1442 4501 Montiscosari
1477 4444 1737 4501 adversus
1781 4444 1928 4500 cives
1962 4444 2205 4501 Civitatis
2234 4445 2416 4500 Novae
2450 4449 2505 4501 et
2544 4442 2825 4500 Gibelinos
2848 4444 3159 4502 forinsecos.
3191 4444 3272 4501 Cf.
3295 4443 3686 4512 Coummwm,
3722 4443 3888 4516 ⁸⁰99·

1075 4542 1282 4609 Picum,
1303 4556 1431 4613 pars
1451 4542 1494 4609 1,
1526 4557 1584 4613 p.
1612 4544 1735 4597 ⁴09.
1765 4541 2071 4613 Marangoni
2095 4540 2150 4597 in
2174 4541 2399 4597 Memor.
2425 4541 2486 4595 di
2521 4541 2711 4597 civito
2737 4542 2918 4612 Nova,
2941 4540 3163 4598 alteram
3192 4540 3474 4613 epistolam
3499 4539 3738 4611 ejusdem
3764 4554 3893 4595 car-

1069 4637 1266 4695 dinalis
1301 4644 1588 4709 memorat,
1620 4637 1802 4694 datam
1833 4637 2040 4710 Cinguli
2064 4641 2098 4694 2
2122 4637 2238 4710 julii
2268 4640 2437 4706 ⁴2⁴8,
2469 4653 2574 4709 qua
2609 4638 2774 4711 liquet
2807 4637 2948 4695 hanc
2978 4638 3169 4694 urbem
3203 4637 3438 4694 nondum
3460 4636 3532 4693 ab
3570 4637 3895 4709 imperatore

1069 4734 1360 4793 defecisse:
1390 4750 1499 4792 non
1520 4734 1662 4792 enim
1689 4740 1814 4792 ante
1840 4749 2083 4794 mensem
2110 4735 2462 4793 novembrem
2486 4736 2612 4792 anni
2642 4736 2779 4793 ⁴2⁴9
2806 4735 2873 4793 ad
2903 4734 3063 4794 fidem
3088 4734 3362 4792 Ecclesiae
3389 4734 3568 4794 rediit.
3890 4754 3891 4757 ¹
