4525 6031
747 1978 1004 2026 Novembri.

1117 630 1240 700 800
2123 640 2560 704 FltlDERlcl
2608 618 2965 703 sncimm'
3016 617 3025 624 ’
3564 624 3731 721 [ame.
3767 627 3944 706 mol

1115 773 1456 845 medietas
1505 770 1674 846 fisco
1718 783 1957 846 nostro
2000 784 2069 846 et
2115 776 2384 871 reliqua
2429 775 2765 847 medietas
2803 774 2925 846 tibi
2958 774 3219 846 Uberto
3254 774 3535 869 tuisque
3552 776 3948 870 prescriptis

1112 896 1529 993 applicetur.
1585 898 1699 971 Ad
1764 899 1976 991 hujus
2021 900 2257 993 itaque
2306 900 2773 995 exemptionis
2821 910 2893 971 et
2922 899 3378 971 immunitatis
3412 922 3495 972 ac
3523 900 3947 974 liberationis

1115 1031 1355 1093 nostre
1393 1022 1798 1094 memoriam
1836 1035 1908 1094 et
1948 1023 2163 1096 robur
2189 1034 2530 1120 perpetuo
2562 1024 2973 1115 valiturum,
3012 1044 3300 1119 presens
3332 1024 3772 1121 privilegium
3798 1023 3944 1097 fieri

1119 1155 1190 1217 et
1216 1145 1405 1216 bulla
1433 1147 1785 1241 pendente
1815 1157 2054 1218 nostre
2084 1148 2467 1240 majestatis
2488 1148 2820 1241 jussimus
2855 1147 3293 1219 communiri.

1215 1271 1470 1342 Datum
1521 1270 1764 1363 Fogie,
1828 1294 2014 1344 anno
2064 1272 2423 1345 Dominice
2493 1271 2987 1344 incarnationis
3042 1271 3407 1344 millesimo
3469 1270 3939 1345 ducentesimo

1118 1394 1694 1489 quinquagesimo
1713 1451 1734 1485 ,
1770 1416 2008 1468 mense
2044 1396 2350 1469 octobris
2372 1451 2392 1488 ,
2429 1407 2677 1470 octava
2708 1396 3083 1469 indictione
3117 1392 3252 1492 (4).

1221 1971 1675 2055 Universitas
1742 1972 2021 2055 civium
2091 1973 2381 2059 Brisaei
2453 1973 2794 2057 notificat
2854 1974 3067 2083 quod
3089 2024 3127 2081 ,·
3167 1974 3233 2055 si
3283 1973 3619 2058 civitates
3675 1999 3930 2057 secum

1110 2106 1545 2217 conjuratas
1594 2106 1693 2189 ab
1747 2106 2203 2216 imperatore
2256 2106 2636 2190 Friderico
2690 2117 2998 2217 propter
3051 2107 3258 2190 illius
3324 2106 3928 2190 humiliationem

1108 2241 1455 2323 recedere
1507 2239 1928 2349 contingat,
1987 2265 2270 2349 easque
2315 2240 2552 2323 alium
2608 2241 3008 2323 dominum
3044 2249 3343 2349 praeter
3367 2241 3721 2322 eumdem
3745 2239 3926 2321 Fri-

1106 2374 1447 2456 dericum
1486 2400 1615 2456 seu
1652 2374 2091 2456 Conradum
2129 2373 2374 2456 filium
2403 2374 2569 2484 ejus
2597 2374 2913 2483 eligere,
2956 2374 3264 2456 se‘nulli
3296 2373 3424 2456 alii
3462 2399 3697 2484 quam
3733 2373 3927 2456 Ber-

1106 2506 1370 2590 tholdo
1406 2506 1802 2589 Basiliensi
1846 2507 2196 2616 episcopo
2241 2518 2317 2590 et
2352 2507 2710 2590 ecclesiae
2745 2505 2911 2616 ejus
2944 2506 3389 2591 submittere
3423 2507 3914 2591 consentient.

1266 2737 1469 2813 (Edid.
1504 2737 1704 2816 Korn
1735 2737 1934 2819 Ko'niq
1961 2736 2327 2817 liudolfum!
2349 2738 2509 2798 scine
2528 2738 2690 2813 Zeit,
2719 2739 3031 2817 Beilagen,
3060 2748 3129 2799 n‘
3158 2748 3218 2817 2,
3243 2748 3430 2817 p.88⁴
3443 2740 3724 2820 (Leipzig,
3748 2744 3919 2816 1845)

1341 2861 1418 2906 ex
1445 2844 1610 2906 arch.
1639 2846 1805 2905 civit.
1832 2845 2040 2941 Basti„
2073 2858 2261 2922 gross.
2295 2847 2494 2906 weiss.
2523 2844 2712 2906 Buch.
2745 2844 2832 2908 bl.
2862 2853 2965 2921 91,
2993 2843 3088 2925 a.)

1197 3046 1536 3120 Omnibus
1580 3046 1671 3118 ad
1708 3067 1884 3139 quos
1920 3066 2207 3141 presens
2243 3045 2579 3140 scriptum
2612 3045 3051 3140 pervenerit,
3082 3033 3499 3118 universitas
3532 3031 3793 3119 civium
3830 3031 3918 3122 de

1100 3171 1399 3265 Brysaco
1445 3168 1771 3242 noticiam
1826 3170 2399 3264 subscriptorum.
2464 3169 2752 3241 Noverit
2803 3170 3216 3242 universitas
3264 3171 3498 3242 vestra
3550 3155 3761 3264 quod*
3795 3193 3920 3266 nos

1101 3293 1554 3364 munitionem
1603 3303 1673 3364 et
1717 3304 2026 3363 montem
2067 3315 2278 3387 quem
2315 3292 2780 3364 inhabitamus
2819 3315 2978 3364 cum
3013 3292 3459 3387 pertinenciis
3496 3293 3640 3365 suis
3682 3287 3793 3368 ad⁴
3803 3296 3918 3390 jus

1102 3427 1173 3489 et
1212 3417 1703 3513 proprietatem
1747 3416 2141 3487 Basiliensis
2182 3416 2472 3511 ecclesie
2518 3417 2865 3513 pertinere
2897 3428 3501 3510 recognoscenteS,
3536 3407 3919 3493 venerabili

1100 3540 1385 3614 domino
1416 3551 1655 3612 nostro
1687 3539 2100 3612 Berchtoldo
2133 3537 2370 3612 divino
2404 3542 2640 3612 favore
2681 3563 2869 3613 nunc
2915 3541 3240 3638 episcopo
3276 3529 3653 3616 Basiliensiw
3675 3566 3758 3617 ac
3796 3567 3921 3642 per

1098 3667 1327 3763 ipsum
1369 3666 1658 3738 ecclesie
1706 3664 2062 3736 Basiliensi
2120 3665 2582 3759 promittimus
2640 3665 2824 3737 bona
2882 3664 3021 3738 fide
3056 3666 3273 3760 quod,
3316 3667 3374 3737 si
3406 3668 3915 3740 serenissimum

1098 3789 1461 3863 dominum
1493 3798 1808 3862 nostrum
1837 3787 2262 3859 Fridericum
2293 3790 2761 3861 Romanorum
2796 3789 3280 3884 imperatorem
3308 3790 3428 3883 qui
3462 3790 3800 3864 hactenus
3827 3773 3918 3863 ab

1096 3915 1249 4012 ipsa
1272 3912 1629 3986 Basiliensi
1665 3911 1953 3984 ecclesia
1986 3910 2242 3984 dictam
2277 3911 2733 3984 munitionem
2765 3913 2837 3983 in
2865 3912 3145 3985 feodum
3165 3911 3492 3984 habuisse
3507 3911 3913 4004 dinoscitur,

1097 4049 1386 4112 eatenus
1411 4036 1761 4111 humiliari
1786 4035 2143 4129 contingat
2169 4034 2361 4129 quod
2393 4035 2707 4108 civitates
2735 4036 2940 4108 nobis
2967 4036 3328 4128 conjurata
3368 4033 3476 4134 (2)
3510 4035 3920 4109 recesserint

1166 4366 1239 4440 (4)
1274 4365 1483 4424 Graeca
1511 4372 1691 4423 autem
1720 4365 1940 4423 indictio
1969 4382 2108 4423 nona
2142 4380 2264 4422 esse
2295 4365 2533 4423 deberet.

1163 4462 1241 4537 (2)
1277 4463 1366 4521 Nil
1392 4478 1521 4522 vero
1546 4461 1827 4536 hucusque
1853 4464 2073 4536 reperiri
2114 4461 2290 4536 potuit
2323 4462 2465 4536 quod
2505 4463 2573 4519 de
2609 4462 2983 4536 coniuratione
3020 4461 3120 4520 ista
3154 4462 3437 4519 civitatum
3467 4462 3751 4521 Frederico
3783 4462 3915 4522 flde-

1092 4562 1226 4619 lium
1252 4561 1427 4619 lucem
1461 4563 1689 4636 aliquam
1719 4563 1910 4619 afferre
1937 4559 2135 4630 valeat,
2169 4560 2276 4616 nisi
2311 4559 2505 4616 harum
2540 4560 2757 4617 nomina
2784 4559 3006 4633 reperiri
3033 4560 3267 4618 debeant
3291 4560 3347 4617 in
3382 4560 3740 4619 instrumento
3768 4561 3911 4636 apud

1095 4658 1398 4733 Schoepssin
1436 4658 1628 4732 (Alsat.
1661 4657 1909 4732 diplom„
1927 4661 1968 4714 t.
1997 4658 2049 4729 1,
2089 4675 2146 4731 p.
2178 4658 2323 4729 406),
2355 4659 2477 4715 dato
2500 4658 2604 4714 sub
2632 4674 2771 4716 anno
2791 4660 2947 4723 ⁴25⁴,
2971 4672 3159 4715 meuse
3181 4659 3476 4733 maio,quo
3504 4660 3821 4717 universitas
3857 4660 3913 4717 in

1093 4754 1434 4814 Columbaria
1466 4755 1732 4813 universis
1771 4754 1979 4813 civibus
2015 4754 2071 4812 in
2106 4753 2421 4826 Hagenowe
2437 4797 2452 4828 ,
2480 4753 2730 4825 Sletstat,
2756 4754 3135 4830 Keisersperch
3150 4799 3164 4827 ,
3204 4755 3435 4814 Brisaei·
3452 4797 3467 4828 ,
3492 4755 3875 4816 Nuvvenburch
3891 4800 3906 4830 ,
