4525 6031
1000 660 1129 721 712
2000 655 2428 717 rnlnnalcl
2480 653 2824 716 suenum
3431 650 3596 729 [Arm.
3633 650 3810 713 1249.

986 793 1294 888 jusmodi
1334 814 1460 865 vos
1500 791 1699 886 quasi
1737 792 2106 887 participes
2145 791 2537 878 denotaret,
2575 798 2656 859 ut
2689 809 2827 880 que
2865 785 3228 857 vobiscum
3273 782 3585 855 nondum
3628 785 3813 856 cele·

992 917 1197 991 brato
1230 914 1579 1009 colloquio
1615 923 1879 986 tentare
1912 914 2302 1005 distulerat,
2329 921 2486 1008 post
2514 920 2818 983 vestram
2845 930 3004 982 cum
3037 929 3123 980 eo
3154 907 3594 980 collationem
3625 907 3819 979 habi·

990 1050 1170 1132 tam,
1210 1048 1614 1135 presumpta
1655 1038 1755 1110 sic
1797 1047 2091 1128 temere,
2128 1059 2270 1109 non
2314 1037 2460 1108 sine
2505 1047 2736 1106 vestre
2781 1032 3224 1106 conniventie
3272 1033 3387 1103 vel
3436 1052 3813 1103 consensus

986 1163 1378 1253 involucr0,
1418 1161 1608 1253 quod
1649 1161 1932 1257 omnino
1980 1183 2124 1234 non
2165 1159 2542 1249 credimus,
2579 1157 2940 1229 manifeste
2985 1156 3185 1228 daret
3219 1155 3507 1248 intelligi
3539 1156 3808 1251 prefor-

986 1294 1199 1357 mata.
1231 1287 1341 1356 Ex
1372 1283 1480 1356 his
1508 1305 1674 1355 sane
1701 1283 1926 1355 causis
1948 1306 2078 1357 nos
2100 1284 2348 1355 merito
2376 1303 2736 1353 movemur
2756 1302 2966 1374 super
2978 1280 3250 1371 juribus
3280 1280 3533 1350 nostris
3559 1281 3812 1372 injuste

984 1407 1085 1480 sic
1118 1408 1381 1503 impeti.
1423 1409 1786 1481 Movemur
1824 1407 2016 1499 quod
2066 1429 2254 1479 nunc
2298 1406 2615 1478 videmus
2658 1405 2813 1475 illos
2852 1403 2923 1474 in
2967 1425 3158 1474 arma
3201 1424 3654 1495 consurgere,
3692 1405 3812 1497 qui

982 1532 1343 1627 predicare
1377 1542 1647 1604 tantum
1680 1531 1941 1603 debent
1969 1531 2262 1603 verbum
2293 1531 2444 1602 Dei.
2480 1530 2839 1602 Movemur
2870 1529 2942 1599 in
2971 1527 3236 1621 gremio
3274 1527 3556 1622 proprio
3586 1527 3808 1599 nutri-

981 1655 1165 1727 visse
1217 1664 1572 1750 serpentes
1624 1681 1641 1725 :
1690 1676 1867 1747 quos
1913 1664 2176 1747 quanto
2226 1653 2629 1725 familiarius
2677 1650 3039 1744 hucusque
3089 1650 3566 1741 tractavimus,
3616 1661 3808 1723 tanto

982 1799 1172 1850 nunc
1203 1777 1438 1851 hostes
1468 1778 1830 1873 pestiferos
1861 1778 2143 1870 gravius
2177 1777 2596 1850 invenimus,
2632 1776 2994 1848 Movemur
3023 1774 3460 1870 profundiuS,
3499 1785 3571 1846 et
3600 1777 3806 1847 Terre

980 1901 1235 1973 Sancte
1276 1901 1802 1972 necessitatibus
1836 1901 2166 1996 precipue
2207 1900 2682 1990 condolemuS,
2712 1920 2849 1992 que
2880 1920 3040 1970 cum
3073 1896 3166 1969 ad
3196 1898 3304 1969 sui
3335 1901 3803 1993 recuperatio·

980 2044 1169 2114 nem,
1189 2023 1389 2096 nobis
1420 2024 1685 2096 dudum
1709 2023 1910 2096 firmo
1936 2024 2291 2120 proposito
2311 2044 2506 2095 arma
2534 2031 2605 2094 et
2630 2031 2903 2093 scutum
2929 2020 3222 2093 viriliter
3247 2021 3798 2115 adsumentibus,

983 2156 1055 2218 et
1087 2155 1407 2243 potenter
1441 2147 1856 2219 Gallicarum
1883 2147 2135 2220 virium
2165 2157 2446 2242 recepto
2476 2144 2812 2234 subsidio,
2843 2145 3237 2217 universale
3266 2144 3805 2219 Christianorum

982 2270 1367 2343 subsidium
1401 2279 1828 2365 expectaret,
1863 2271 2095 2365 papali
2125 2270 2450 2362 suffragio
2476 2270 2805 2341 fmstrata
2827 2268 2972 2360 jam
3005 2277 3343 2355 remanet,
3378 2278 3449 2341 et
3481 2292 3802 2344 necessa-

980 2392 1087 2466 rio
1115 2393 1317 2467 vobis
1346 2394 1418 2464 in
1448 2394 1762 2490 partibus
1794 2393 2262 2466 ultramarinis
2296 2393 2729 2467 morantibus
2780 2389 2915 2488 (4),
2952 2414 2997 2463 a
3030 2392 3284 2486 quibus
3314 2393 3589 2466 modico
3626 2395 3803 2469 freto

981 2515 1192 2589 distat
1233 2517 1524 2613 Apulia,
1563 2516 1785 2613 ipsam
1825 2538 2062 2589 rerum
2099 2517 2505 2590 victualium
2554 2514 2985 2611 opulentiam
3033 2516 3442 2589 subtrahere
3497 2529 3795 2613 oportet.

977 2640 1147 2714 Cum
1195 2641 1380 2714 enim
1421 2662 1609 2713 anno
1648 2642 1968 2736 proxime
2000 2641 2366 2737 preterito,
2406 2640 2496 2713 de
2536 2639 2861 2712 charistia
2903 2638 3308 2711 victualium
3348 2644 3546 2734 regni
3586 2646 3801 2716 nostri

979 2786 1189 2858 quam
1222 2765 1546 2837 accidens
1579 2766 1959 2859 temporale
2001 2763 2472 2854 conduxerat,
2513 2772 2722 2858 prout
2751 2762 3194 2835 dilectionem
3237 2761 3541 2836 ve'stram
3585 2768 3800 2840 latere

977 2909 1120 2961 non
1152 2888 1525 2980 credimuS,
1567 2889 1815 2961 vestris
1851 2898 1921 2960 et
1949 2897 2341 2961 vestrorum
2378 2887 2617 2958 usibus
2656 2885 3109 2957 amicabiliter
3145 2887 3529 2959 faceremus
3568 2892 3800 2984 provi-

980 3011 1128 3086 deri
1157 3066 1177 3098 ‚
1214 3034 1297 3085 ac
1330 3035 1637 3085 essemus
1670 3013 1741 3084 in
1770 3023 1976 3085 antea
2008 3023 2202 3085 tanto
2236 3010 2601 3085 fecundius
2630 3009 3000 3105 providere
3033 3012 3282 3106 parati,
3320 3023 3583 3106 quanto
3612 3038 3798 3090 nunc

978 3137 1239 3209 ibidem
1288 3146 1598 3232 tempora
1643 3138 2043 3209 fecundiora
2087 3137 2506 3226 succedunt,
2568 3157 2707 3229 que
2750 3135 2967 3231 possit
3013 3144 3136 3207 aut
3179 3136 3433 3209 debeat
3483 3140 3683 3212 vobis
3725 3142 3798 3213 in

976 3269 1184 3331 antea
1226 3259 1423 3350 regni
1466 3260 1781 3331 fertilitas
1820 3260 2174 3355 opulentie
2224 3260 2420 3351 signa
2466 3259 2853 3331 successive
2902 3259 3353 3354 protendere,
3403 3261 3463 3332 si
3505 3282 3796 3354 regnum

976 3390 1294 3476 oporteat
1337 3402 1431 3452 ex
1471 3382 1687 3476 patris
1733 3382 1950 3454 nostri
1998 3382 2478 3476 persecutione
2528 3404 2738 3476 quam
2791 3380 3096 3453 diximus
3148 3383 3517 3477 plusquam
3567 3385 3796 3460 civilia

972 3502 1158 3575 bella
1192 3512 1523 3596 tractare,
1562 3504 1810 3596 regalis
1842 3504 2179 3576 industria
2206 3504 2444 3577 videat
2479 3513 2551 3576 et
2580 3505 2904 3576 discutiat
2938 3505 3331 3598 diligenter.
3368 3508 3520 3579 Non
3561 3519 3793 3584 tamen

970 3627 1043 3699 in
1087 3635 1309 3700 totum
1356 3637 1727 3723 propterea
1771 3628 1870 3700 sic
1915 3628 2112 3701 vobis
2153 3629 2453 3701 credatis
2492 3637 2728 3701 nostra
2773 3627 3080 3700 subsidia
3121 3631 3304 3702 velle
3344 3632 3788 3726 subtrahere,

969 3750 1140 3844 quin
1177 3750 1403 3841 vobis,
1436 3751 1509 3822 in
1536 3760 1873 3842 quantum
1907 3751 2344 3844 negotiorum
2377 3760 2449 3824 et
2477 3760 2866 3847 temporum
2892 3751 3189 3844 qualitas
3214 3753 3498 3848 patitur,
3521 3764 3666 3827 tum
3699 3779 3793 3830 ex

967 3873 1248 3968 publico
1284 3874 1470 3947 bono
1509 3872 1673 3945 fidei
1704 3873 2111 3965 christiane,
2149 3895 2361 3967 quam
2396 3885 2539 3947 tota
2576 3874 2828 3946 mentis
2856 3874 3246 3947 adfectione
3274 3879 3604 3971 zelamur,
3642 3892 3789 3954 tum

968 3998 1176 4070 etiam
1204 4019 1298 4069 ex
1322 3997 1620 4069 amicitie
1658 3998 1947 4088 foedere,
1987 3998 2178 4090 quod
2207 3998 2300 4070 ad
2331 4018 2460 4070 nos
2490 3998 2968 4094 progenitores
2992 4009 3263 4071 vestros
3293 4010 3366 4071 et
3395 4023 3526 4074 nos
3553 4005 3786 4078 vobis-

964 4142 1126 4194 cum
1159 4121 1481 4193 habuisse
1513 4121 1819 4193 suaviter
1849 4142 2391 4194 rememoramus
2418 4121 2689 4193 illesum
2708 4174 2731 4212 ,
2764 4130 3091 4214 tanquam
3124 4122 3226 4193 illi
3259 4145 3470 4217 quem
3511 4125 3786 4201 chario-

965 4264 1116 4316 rem
1160 4244 1522 4335 habemus,
1557 4264 1684 4338 pre
1724 4243 1876 4315 aliis
1922 4243 2350 4316 liberalitatis
2391 4252 2626 4316 nostre
2668 4244 2990 4334 suffragia
3027 4248 3364 4341 promptis
3404 4248 3788 4322 adfectibus

964 4367 1356 4440 offeramus.
1398 4368 1687 4439 Causam
1720 4368 1953 4459 itaque
1984 4376 2292 4438 nostram
2334 4367 2407 4437 in
2441 4367 2616 4438 libra
2644 4376 2876 4439 vestre
2918 4369 3487 4442 considerationis
3517 4392 3784 4469 appen-

963 4489 1111 4564 dite
1142 4519 1160 4564 ε
1200 4498 1272 4563 et
1297 4511 1458 4563 cum
1483 4499 1715 4562 vestra
1748 4512 1861 4562 res
1889 4500 2136 4581 agatur
2161 4490 2235 4561 in
2262 4489 2624 4584 proximiS,
2644 4512 2781 4582 que
2810 4489 2982 4563 fides
3013 4492 3410 4584 hujusmodi
3437 4494 3670 4570 danda
3698 4498 3790 4570 sit

1042 4758 1114 4832 (4)
1148 4759 1301 4817 Tunc
1323 4759 1471 4817 enim
1496 4774 1592 4817 rex
1612 4757 1867 4818 Franciae
1895 4758 2151 4818 ininsula
2176 4760 2357 4834 Cypro
2374 4759 2552 4819 adhuc
2570 4760 2899 4829 morabatur.
