4525 6031
1066 672 1187 735 736
2068 676 2497 741 nmmum
2546 672 2898 736 SECUND}
3509 672 3674 751 [An.
3711 671 3892 736 1249.

1067 819 1214 879 tum
1257 808 1345 881 de
1380 812 1696 905 partibus
1736 813 2150 887 Lombardie
2192 812 2509 884 invenire
2547 821 2616 881 et
2655 809 2910 901 eligere
2943 806 3229 879 studeas
3264 813 3334 877 et
3370 806 3669 878 electum
3708 808 3891 901 regi-

1061 926 1231 998 mini
1280 928 1578 1001 civitatis
1635 931 1853 1025 ipsius
1903 930 2222 1027 preficias
2275 939 2346 1003 et
2403 930 2790 1025 prefectum
2830 927 2980 999 sine
3029 946 3226 998 mora
3268 926 3732 1019 transmittaS,
3795 928 3893 1000 ita

1062 1049 1256 1143 quod
1312 1052 1463 1123 ΧΨ
1526 1053 1681 1144 julii
1746 1054 1972 1148 primo
2033 1055 2247 1126 futuri
2310 1052 2643 1124 interesse
2703 1050 2922 1145 possit
2996 1048 3091 1121 ad
3159 1048 3633 1121 exercendum
3703 1050 3890 1142 regi-

1061 1193 1224 1245 men
1267 1173 1565 1245 civitatis
1610 1174 1952 1267 ejusdem.
2002 1177 2264 1249 Verum
2300 1175 2464 1271 quia
2499 1183 2786 1269 propter
2834 1172 3250 1244 brevitatem
3291 1174 3622 1268 temporis
3656 1181 3891 1269 posset

1062 1295 1308 1368 merito
1350 1296 1652 1369 dubitari
1678 1298 1870 1393 quod
1899 1309 2206 1395 potestas
2232 1321 2361 1395 per
2405 1309 2473 1371 te
2506 1295 2876 1369 statuenda
2915 1295 3009 1368 ad
3037 1295 3335 1369 eandem
3368 1297 3714 1369 civitatem
3743 1316 3887 1368 non

1063 1429 1299 1515 posset
1331 1419 1406 1491 in
1433 1420 1748 1514 predicto
1778 1424 2076 1496 termino
2109 1445 2186 1495 se
2219 1423 2564 1513 conferre,
2603 1431 2674 1492 et
2704 1419 2996 1515 proinde
3024 1429 3164 1491 tam
3198 1420 3268 1490 in
3294 1441 3500 1492 causa
3534 1419 3889 1512 regiminis

1059 1541 1355 1613 civitatis
1399 1542 1714 1633 ejusdem
1754 1566 1964 1636 quam
2008 1545 2084 1616 in
2134 1544 2388 1617 nostris
2418 1543 2728 1616 serviciis
2772 1541 3148 1614 haberetur
3174 1543 3486 1614 defectus
3506 1594 3527 1632 ,
3571 1542 3889 1614 volentes

1058 1663 1308 1735 futuris
1344 1664 1669 1758 periculis
1709 1667 2023 1759 obviare,
2061 1666 2398 1741 Riccardo
2430 1666 2666 1739 comiti
2704 1666 3040 1738 Theatino
3075 1665 3253 1737 sacri
3288 1665 3559 1759 imperii
3600 1665 3673 1737 in
3699 1667 3886 1738 Mar-

1059 1785 1214 1858 chia
1238 1787 1601 1882 capitaneo
1630 1789 1885 1862 dilecto
1914 1787 2055 1862 filio
2083 1787 2190 1888 (a)
2212 1800 2454 1863 nostro
2487 1812 2615 1885 per
2642 1797 2914 1861 nostras
2948 1788 3272 1860 dedimus
3297 1788 3561 1860 litteras
3588 1788 3657 1858 in
3689 1810 3886 1861 man·
3938 1822 3947 1829 ·

1060 1911 1240 1983 datis
1270 1911 1460 2005 quod
1488 1912 1548 1983 si
1577 1922 1836 1985 statuto
1872 1914 2168 1987 termino
2197 1924 2506 2010 potestas
2537 1934 2665 2009 per
2697 1923 2765 1984 te
2802 1912 3172 1985 statuenda
3215 1934 3359 1984 non
3392 1912 3756 1985 interesset
3791 1913 3884 1986 ad

1060 2036 1532 2109 exercendum
1575 2036 1889 2129 ejusdem
1924 2037 2235 2129 regimen
2271 2038 2566 2111 civitatis
2585 2091 2607 2129 ,
2655 2037 2844 2109 idem
2873 2056 3107 2108 comes
3137 2036 3442 2131 aliquem
3470 2037 3770 2130 probum
3814 2047 3886 2110 et

1058 2157 1339 2231 fidelem
1364 2159 1596 2230 virum
1628 2160 1718 2232 de
1762 2159 1895 2231 hiis
1939 2160 2060 2253 qui
2090 2161 2160 2231 in
2190 2183 2318 2233 sua
2345 2162 2535 2233 curia
2562 2168 3119 2250 commorantur,
3167 2159 3534 2252 diligenter
3566 2161 3778 2253 eligat
3814 2170 3886 2233 et

1061 2284 1359 2353 electum
1379 2279 1691 2377 preficiat
1718 2283 2040 2374 regimini
2067 2284 2366 2356 civitatis
2393 2284 2729 2379 predicte.
2758 2285 3049 2377 Oportet
3067 2304 3234 2374 ergo
3259 2293 3451 2354 tuam
3474 2283 3885 2356 industriam

1063 2407 1270 2478 talem
1299 2427 1508 2502 super
1525 2407 1857 2502 premissa
1881 2426 2119 2477 curam
2150 2416 2221 2478 et
2235 2406 2665 2499 diligentiam
2684 2405 3018 2477 adhibere
3044 2415 3125 2476 ut
3152 2426 3289 2498 que
3310 2404 3434 2476 tibi
3467 2405 3885 2500 precipimus

1060 2539 1131 2601 et
1159 2531 1492 2626 expedire
1520 2530 1906 2623 cognosciS,
1930 2530 2004 2601 in
2031 2528 2303 2625 prefixo
2335 2530 2629 2601 termino
2649 2527 2863 2600 finem
2895 2529 3210 2602 debitum
3244 2529 3645 2621 sortiantur,
3683 2532 3884 2623 cujus

1054 2654 1327 2747 negocii
1357 2655 1944 2749 complementum
1995 2653 2052 2725 si
2094 2654 2354 2727 videris
2380 2654 2569 2747 quod
2607 2652 2938 2747 temporis
2979 2652 3284 2725 brevitas
3328 2652 3744 2745 denegabit,
3788 2675 3881 2726 ex

1060 2785 1224 2849 tunc
1254 2778 1379 2849 tibi
1415 2756 2011 2871 supersedendum
2060 2776 2370 2848 fueritin
2412 2776 2786 2870 premissis.
2825 2776 3188 2847 Defectum
3229 2775 3417 2847 enim
3468 2776 3591 2869 qui
3625 2776 3694 2846 in
3728 2777 3881 2872 ipso

1056 2901 1336 2992 negotio
1370 2901 1590 2996 possit
1618 2900 2022 2993 contingere
2051 2907 2122 2972 et
2152 2899 2488 2972 distancia
2515 2900 2831 2972 locorum
2872 2909 2944 2970 et
2977 2897 3305 2994 temporis
3339 2898 3706 2991 brevitate,
3751 2920 3881 2994 per

1058 3023 1386 3096 eumdem
1433 3025 1756 3096 comitem
1810 3023 1923 3097 cui
1976 3023 2098 3097 dat
2156 3023 2681 3120 possibilitatem
2731 3022 3144 3118 proximitas
3163 3073 3185 3113 ,
3245 3021 3580 3094 serenitas
3641 3011 3884 3095 nostra'

1059 3147 1395 3242 providit,
1430 3157 1564 3219 eto.
1598 3145 1778 3242 (sic).

704 3743 935 3855 tuffam·
1157 3724 1642 3808 Innocentius
1674 3749 1873 3834 papa
1910 3723 2234 3809 Henrico
2270 3726 2438 3835 Fraj
2447 3727 2673 3836 spani
2716 3727 3012 3810 fructus
3054 3738 3134 3811 et
3176 3729 3517 3813 redditus
3552 3729 3866 3840 judica-

726 3799 907 3842 cult.

1050 3868 1174 3941 tus
1224 3856 1605 3940 Arboreae
1633 3917 1658 3963 ,
1717 3866 2025 3965 excepto
2077 3882 2312 3940 censu
2369 3857 2757 3941 Romanae
2803 3858 3181 3943 Ecclesiae
3240 3860 3497 3945 debito
3512 3921 3536 3966 ,
3613 3863 3871 3972 quoad

1047 3988 1314 4073 vixerit
1346 3988 1868 4098 percipiendos
1901 3988 2272 4072 concedit.

1208 4229 1415 4308 (Edid.
1433 4230 1700 4308 Rom,
1719 4228 1882 4291 Καὶ.
1905 4228 2130 4292 Ναόν.
2155 4231 2235 4306 11,
2260 4229 2542 4308 append„
2564 4237 2633 4291 n⁹
2654 4237 2757 4309 4ο,
2775 4229 2961 4291 ecod.
2988 4230 3143 4294 Bibl.
3162 4231 3383 4310 Paris„
3403 4239 3584 4304 4089,
3607 4241 3676 4294 η’
3696 4233 3866 4314 669.)

1144 4444 1587 4516 Innocentius
1614 4495 1636 4534 ,
1691 4453 1827 4515 etc.
1853 4495 1875 4534 ,
1929 4443 2150 4516 nobili
2188 4444 2343 4515 viro
2392 4443 2689 4515 Henrico
2730 4442 3093 4538 Frajapani
3110 4495 3131 4532 ,
3171 4450 3307 4517 etc.
3355 4444 3551 4516 Clara
3584 4443 3868 4517 devotio

1044 4577 1120 4639 ut
1140 4588 1381 4661 supra,
1402 4589 1474 4663 p.
1500 4562 1675 4657 734,
1701 4588 1911 4660 usque
1930 4564 2020 4638 ad
2042 4566 2379 4638 ditarunt.
2406 4566 2582 4637 Hinc
2604 4575 2710 4638 est
2727 4566 2919 4660 quod
2940 4587 3067 4640 nos
3088 4566 3184 4638 tui
3204 4566 3568 4640 nobilitate
3590 4567 3868 4660 generis

1128 4712 1210 4845 (c)
1256 4764 1331 4826 In
1356 4764 1491 4826 cod.
1520 4765 1713 4828 Berol.
1726 4760 1930 4844 fidoli,
1959 4763 2136 4826 male.
