4525 6031
1004 596 1127 657 584
2008 604 2436 668 munemel
2487 602 2831 664 SECUNDI
3451 607 3614 684 [Asu.
3655 608 3830 671 1:248.

624 1127 914 1233 zkffissssla
1111 1124 1595 1208 Innocentius
1690 1152 1888 1237 papa
1977 1127 2628 1238 archipresbytero
2699 1128 2798 1208 de
2873 1125 3303 1211 Curtenova
3383 1128 3826 1238 Reginensis

1005 1256 1366 1339 dioecesis
1421 1269 1495 1339 et
1537 1257 1864 1341 Roberto
1927 1261 2023 1341 de
2090 1260 2430 1369 Corrigia
2491 1257 2855 1341 canonico
2913 1258 3315 1369 Reginensi
3374 1262 3690 1343 mandat
3742 1270 3828 1341 ut

1005 1391 1701 1472 excommunicatos
1764 1392 2213 1473 denuntient
2264 1391 2588 1500 singulis
2639 1390 2909 1472 diebus
2960 1391 3364 1474 dominicis
3415 1402 3490 1473 et
3535 1392 3824 1474 festivis

1001 1519 1092 1602 R.
1161 1524 1553 1629 quondam
1616 1523 1948 1632 priorem
2024 1523 2466 1607 Columbari
2530 1534 2607 1605 et
2668 1521 2900 1631 hujus
2959 1524 3337 1631 prioratus
3411 1524 3825 1608 monachos

1001 1677 1293 1734 necnon
1334 1654 1425 1735 G.
1472 1654 1715 1735 filium
1753 1655 2167 1737 Bonacursi
2206 1657 2303 1738 de
2338 1655 2623 1737 Palude
2668 1653 2767 1736 ab
2813 1654 2920 1735 eis
2967 1657 3044 1735 in
3098 1655 3450 1739 abbatem
3499 1656 3824 1739 Marolae

999 1784 1360 1888 electum,
1403 1787 1535 1894 qui
1591 1786 2034 1871 auctoritate
2070 1787 2371 1869 Henrici
2407 1787 2567 1868 nati
2622 1786 2980 1869 Friderici
3035 1786 3429 1899 quondam
3485 1788 3823 1898 impera-

1000 1916 1185 1999 toris
1221 1917 1413 1999 sein
1451 1918 2005 2025 possessionem
2062 1918 2297 2028 hujus
2343 1900 2782 2001 monasterii
2829 1920 3165 2005 intrusit.

1166 2130 1507 2210 (Memorat.
1538 2149 1636 2210 ap.
1668 2132 2064 2209 Tinmoscnr,
2093 2133 2332 2192 Memor.
2367 2138 2504 2193 ator.
2531 2130 2786 2205 Madau„
2807 2140 2855 2193 t.
2875 2133 2954 2207 V,
2984 2133 3117 2194 cod.
3149 2133 3486 2212 dlplomat.,
3514 2151 3575 2211 p.
3609 2133 3735 2211 28.)

1095 2317 1345 2389 Datum
1412 2317 1760 2410 Lugduni,
1823 2319 1974 2389 VIII
2034 2317 2367 2391 kalendas
2425 2318 2793 2408 februarii,
2861 2319 3304 2415 pontificatus
3361 2320 3579 2391 nostri
3633 2340 3817 2392 anno

995 2439 1265 2532 quinto·

3248 2638 3362 2647 “nqu-

1100 2910 1524 2997 Fridericus
1542 2973 1566 3020 ,
1614 2911 2134 2996 Romanorum
2171 2912 2614 3021 imperator,
2655 2919 2915 2993 narrat
2959 2910 3311 2994 fidelibus
3359 2912 3518 2996 suis
3568 2913 3813 2995 victo—

992 3044 1189 3124 riam
1234 3044 1587 3127 Friderici
1634 3045 1927 3154 nepotis
1977 3045 2096 3127 sui
2143 3046 2350 3154 apud
2406 3044 2867 3149 Taurinum,
2925 3045 3362 3129 describens
3422 3046 3809 3155 quomodo

990 3175 1377 3257 Mantuani
1424 3179 1522 3274 ad
1570 3189 1878 3287 pontem
1936 3179 2120 3261 Padi
2176 3177 2275 3260 ab
2328 3178 2649 3261 Henrico
2694 3177 2856 3260 filio
2906 3203 3046 3261 suo
3100 3178 3482 3287 profligati
3530 3178 3811 3262 fuerint

989 3318 1065 3390 et
1106 3309 1347 3391 Guelfi
1384 3336 1425 3392 e
1461 3310 1842 3394 Florentia
1876 3338 2010 3420 per
2046 3311 2512 3395 Fridericum
2553 3311 2793 3393 Albae
2825 3311 3183 3395 comitem
3222 3311 3464 3421 ejecti.

1151 3523 1340 3602 (Edlt.
1365 3527 1427 3584 ln
1454 3524 1620 3585 Petri
1642 3523 1711 3584 de
1750 3526 1878 3585 Vin.
1903 3527 2097 3605 epist„
2124 3527 2227 3587 lib.
2262 3526 2344 3600 11,
2375 3544 2505 3605 cap.
2529 3526 2667 3605 XL3
2699 3527 2835 3587 coll.
2859 3543 2998 3587 cum
3024 3527 3157 3587 cod.
3181 3527 3336 3587 Bibl.
3361 3526 3556 3586 Cesar.
3587 3526 3802 3595 Paris„

1209 3627 1394 3708 fonds
1421 3631 1835 3710 Notre-Dame,
1860 3631 2029 3711 202.)

1079 3807 1187 3888 Ex
1238 3816 1472 3889 votiva
1524 3825 1921 3888 nostrorum
1976 3817 2420 3888 nunciatione
2485 3838 2967 3908 successuum,
3009 3838 3149 3912 qua
3199 3819 3803 3914 expectationibus

978 3940 1228 4011 vestris
1261 3950 1493 4012 nostra
1525 3941 1917 4032 benignitas
1958 3939 2323 4030 satisfecit,
2365 3939 2628 4032 liquido
2664 3950 3041 4033 potuerunt
3079 3941 3293 4013 vestri
3334 3963 3581 4013 sensus
3613 3944 3798 4014 acci-

979 4086 1146 4160 pere
1216 4073 1554 4156 quantum
1624 4066 1984 4137 nobiscum
2043 4085 2319 4159 semper
2376 4063 2914 4134 misericorditer
2965 4064 3183 4157 egerit
3247 4063 3538 4135 dextera
3601 4065 3801 4156 Regis

977 4210 1259 4280 regum3
1300 4197 1371 4259 et
1407 4197 1487 4261 ut
1528 4188 1816 4261 videatis
1850 4188 1945 4261 ad
1984 4190 2265 4261 oculum
2307 4188 2499 4282 quod
2534 4186 2834 4262 hostium
2865 4197 3262 4262 nostrorum
3294 4197 3574 4262 versuta
3605 4188 3798 4282 calli·

976 4312 1157 4385 ditas
1188 4310 1442 4383 divinis
1474 4311 1706 4405 potius
1737 4334 1948 4404 quam
1979 4311 2302 4382 humanis
2330 4311 2860 4406 exceptionibus
2890 4310 3285 4398 collidatur,
3317 4310 3558 4382 audite
3585 4311 3797 4382 mira·

973 4436 1186 4509 bilem
1213 4435 1447 4507 divine
1481 4436 1917 4508 solummodo
1950 4435 2366 4531 provisionis
2403 4443 2757 4506 eventum.
2796 4434 2973 4505 Nam
3005 4455 3163 4505 cum
3206 4432 3514 4505 marchio
3545 4434 3798 4506 Montis

844 4562 848 4565 ⁴
973 4557 1232 4631 Feri-ati
1255 4609 1274 4646 ,
1308 4578 1516 4651 quem
1559 4567 1754 4649 grata
1788 4569 1857 4630 et
1895 4559 2262 4653 multiplex
2287 4556 2784 4630 beneficiorum
2811 4567 3204 4629 nostrorum
3241 4558 3554 4647 collatio,
3587 4557 3794 4628 etiam

975 4691 1289 4753 cessante
1315 4679 1668 4752 affinitatis
1700 4691 1936 4753 nostre
1968 4681 2186 4773 linea,
2220 4704 2362 4775 qua
2398 4682 2674 4754 culmen
2712 4681 3099 4754 serenitatis
3140 4689 3376 4752 nostre
3416 4681 3789 4773 contingit,
