4525 6031
1049 628 1173 693 τοο
2051 629 2483 695 rium-:mci
2534 629 2881 696 secutum
3496 631 3660 716 [Anu.
3695 632 3873 695 1250.

1290 758 1471 842 ditae,
1502 780 1577 826 ex
1619 764 1754 829 cod.
1794 761 1949 827 Bibl.
1985 765 2268 829 Laui-ent.
2305 768 2599 842 Flet-ent„
2635 776 2705 827 n·
2735 770 2914 840 27²5,
2944 764 3127 827 edidit
3157 766 3409 828 Gusrn
3444 768 3703 841 Wonrr,
3749 765 3881 828 νῦν

1287 869 1627 952 wetti-who
1659 872 1852 952 Bn'ese
1879 872 2046 934 Kaic.
2079 872 2313 937 ffledr.
2343 873 2443 935 des
2468 892 2603 946 rw„
2634 891 2696 952 p.
2738 880 2918 944 ηπ
2944 876 3283 950 germanico
3304 890 3574 936 sermone
3599 878 3878 951 interpro-

1283 985 1447 1040 tatns
1488 986 1598 1039 est.
1638 980 1912 1041 Latinam
1964 998 2124 1042 nunc
2167 981 2347 1060 hujus
2394 983 2679 1042 versionis
2726 982 3055 1041 versionem
3106 981 3280 1041 solito
3320 983 3517 1042 curiae
3556 979 3878 1057 imperiali·

1288 1086 1447 1163 stylo
1471 1087 1918 1147 accommodare
1944 1095 2169 1165 quanto
2195 1089 2410 1148 mellus
2430 1102 2747 1165 possumus
2777 1086 3174 1163 aggredimur.
3212 1086 3299 1147 De
3324 1086 3419 1147 his
3446 1086 3655 1147 litteris
3687 1088 3875 1148 disse-

1286 1193 1408 1251 ruit
1437 1190 1513 1251 A.
1543 1192 1842 1253 Reumont
1874 1195 1938 1253 in
1968 1191 2213 1254 Archino
2239 1200 2382 1257 sior.
2413 1190 2583 1271 leat„
2617 1199 2664 1254 t.
2698 1189 2806 1265 IV,
2836 1207 3037 1252 nuova
3063 1193 3233 1264 serie,
3264 1192 3419 1267 disp.
3450 1191 3532 1270 Ι.)

1145 1373 1559 1473 [Fridericus
1615 1386 1782 1468 etc.,
1846 1378 2130 1451 domino
2180 1377 2503 1451 Michaeli
2568 1377 2875 1449 Cumano
2917 1376 3254 1449 Romanie
3285 1372 3618 1474 despoti.]
3648 1373 3866 1449 Valde

1045 1500 1392 1571 sincerum
1425 1521 1588 1590 erga
1615 1521 1744 1571 nos
1773 1510 1968 1571 tuum
2004 1522 2313 1573 amorem
2349 1501 2532 1572 circa
2556 1521 2675 1570 res
2711 1508 3113 1595 praesentes
3139 1496 3505 1570 certificari
3543 1499 3868 1572 volumus

1043 1622 1235 1716 quod
1265 1624 1337 1693 in
1368 1623 1684 1695 ultimam
1717 1623 2078 1695 rebellium
2110 1636 2506 1697 nostrorum
2546 1624 3197 1696 exterminationem
3235 1632 3307 1694 et
3337 1623 3677 1715 integram
3705 1623 3864 1694 des·

1045 1747 1457 1819 tructionem
1486 1769 1726 1819 eorum
1757 1748 1877 1841 qui
1908 1748 2111 1821 nobis
2150 1769 2244 1820 ex
2274 1748 2505 1843 papali
2538 1730 3010 1820 malivolentia
3045 1746 3531 1836 adversantur,
3568 1755 3647 1818 ut
3678 1768 3864 1819 sere-

1039 1872 1222 1944 nitas
1253 1881 1489 1944 nostra
1521 1872 1929 1944 bellicorum
1964 1873 2282 1944 laborum
2314 1872 2623 1965 quietem
2658 1871 2947 1966 recipiat
2974 1880 3046 1942 et
3073 1893 3317 1944 omnes
3342 1870 3544 1942 nobis
3571 1869 3866 1963 subjecti

1039 1996 1112 2066 in
1144 2017 1316 2091 pace
1342 2005 1886 2088 commorentur,
1924 1996 2336 2068 immensam
2367 2005 2791 2068 armatorum
2823 1995 3093 2090 copiam
3121 1995 3433 2087 undique
3469 2015 3609 2066 non
3638 1995 3863 2066 solum

1038 2142 1081 2191 a
1126 2118 1501 2216 provinciis
1556 2128 1625 2190 et
1678 2119 2072 2191 civitatibus
2112 2118 2384 2214 imperii
2424 2119 2677 2209 nostri,
2732 2118 2859 2190 sed
2899 2119 3108 2190 etiam
3143 2118 3234 2190 ab
3273 2117 3596 2190 omnibus
3641 2119 3861 2190 nostri

1035 2242 1334 2317 nominis
1365 2242 1749 2314 fautoribus
1780 2251 1851 2314 et
1876 2243 2198 2315 affinibus
2228 2243 2419 2339 apud
2453 2242 2765 2316 diversos
2789 2243 3087 2338 populos
3112 2262 3501 2316 convocare
3529 2243 3661 2315 sub
3691 2263 3860 2316 vere

1032 2369 1352 2463 proxime
1379 2375 1678 2439 venturo
1707 2366 2180 2457 decrevimus3
2223 2387 2365 2438 non
2395 2377 2627 2438 tamen
2658 2366 2849 2460 quod
2882 2367 3067 2457 vires
3097 2366 3447 2462 potentiae
3478 2376 3758 2439 nostrae
3785 2365 3858 2437 in

1030 2486 1474 2564 multitudine
1539 2499 1612 2561 et
1657 2488 1967 2584 potentia
2005 2488 2303 2561 militum
2356 2500 2427 2562 et
2481 2489 2796 2586 peditum
2846 2490 2937 2563 ad
2983 2501 3372 2563 extremam
3420 2488 3859 2563 inimicorum

1028 2625 1425 2688 nostrorum
1470 2614 1948 2687 confusionem
1985 2613 2231 2685 alienis
2267 2614 2546 2685 auxiliis
2587 2613 2947 2706 indigeant
2981 2616 3097 2686 vel
3132 2615 3437 2687 thesauri
3471 2613 3690 2687 nostri
3735 2613 3859 2686 ali-

1031 2761 1243 2833 quam
1291 2738 1824 2811 minorationem
1861 2737 2226 2827 subierint,
2273 2757 2413 2830 qua
2440 2737 2671 2809 minus
2701 2737 3146 2810 abundanter
3184 2738 3400 2833 copiis
3429 2738 3685 2810 nostris
3728 2737 3854 2809 sti·

1027 2864 1285 2959 pendia
1335 2860 1839 2953 ministrentur,
1896 2860 2023 2932 sed
2072 2871 2151 2932 ut
2198 2871 2495 2934 noscant
2547 2860 2928 2934 adversarii
2971 2861 3191 2934 nostri
3237 2872 3571 2956 quantam
3614 2872 3854 2934 nostra

1025 2989 1354 3080 majestas
1399 2985 1784 3081 potentiam
1826 2984 2084 3057 habeat
2117 3006 2262 3058 non
2308 2984 2533 3058 solum
2581 3006 2623 3058 a
2654 2986 2915 3082 populo
2947 2987 3080 3059 sibi
3126 2986 3442 3077 subdito,
3481 2985 3610 3059 sed
3643 2986 3851 3058 etiam

1025 3113 1118 3184 ab
1163 3111 1317 3183 aliis
1356 3110 1784 3205 principibus
1833 3119 1906 3180 et
1942 3109 2526 3201 gubernatoribus
2561 3109 2748 3182 veris
2783 3109 3026 3181 amicis
3072 3119 3144 3182 et
3191 3109 3518 3183 affinibus
3556 3109 3843 3184 nostris.

1025 3236 1168 3307 Nos
1198 3234 1383 3306 enim
1412 3254 1556 3305 non
1587 3234 1814 3305 solum
1833 3234 1951 3325 jus
1984 3242 2300 3304 nostrum
2337 3234 2665 3327 prosequi
2691 3234 3052 3325 volumus,
3093 3233 3220 3306 sed
3254 3233 3463 3305 etiam
3493 3232 3850 3328 proximo·

1026 3380 1182 3429 rum
1207 3411 1227 3449 ,
1270 3357 1648 3428 amicorum
1681 3356 2022 3448 nobisque
2061 3355 2594 3448 conjunctorum
2617 3409 2637 3446 ,
2688 3378 2867 3449 quos
2902 3379 3120 3452 purus
3156 3359 3225 3427 in
3258 3357 3528 3430 Christo
3563 3357 3849 3428 sinceri-

1027 3481 1191 3553 tatis
1220 3480 1507 3552 affectus
1531 3479 1729 3572 quasi
1763 3479 2204 3550 contraxitin
2234 3502 2482 3568 unum,
2499 3480 2892 3574 specialiter
2913 3491 3149 3552 autem
3177 3481 3479 3553 Graecos
3504 3478 3748 3552 affines
3778 3490 3852 3552 et

1024 3604 1285 3678 amicos
1316 3612 1618 3690 nostros,
1653 3602 1743 3673 de
1772 3600 2025 3694 quibus
2056 3601 2495 3697 supradictus
2523 3603 2653 3673 iste
2675 3624 2853 3698 papa
2880 3656 2901 3692 ,
2931 3614 3217 3698 propter
3242 3602 3489 3675 foedus
3512 3611 3582 3674 et
3606 3604 3846 3676 amici-

1024 3728 1192 3799 tiam
1218 3748 1427 3820 quam
1460 3725 1800 3798 habemus
1828 3747 1988 3796 cum
2017 3725 2116 3796 eis
2136 3777 2155 3814 ,
2190 3725 2353 3796 licet
2389 3725 2936 3798 christianissimi
2973 3727 3110 3799 sint
3142 3737 3213 3798 et
3247 3726 3553 3821 piissime
3585 3728 3674 3799 de
3706 3725 3847 3800 fide

1022 3848 1266 3924 Christi
1292 3848 1634 3937 sentiant,
1666 3867 1862 3919 suam
1889 3836 2120 3945 [sicut]
2143 3842 2217 3918 in
2244 3867 2375 3919 nos
2406 3843 2808 3920 effrenatam
2827 3847 3133 3941 lingnam
3161 3848 3560 3939 commovit,
3593 3849 3851 3944 impiis-

1016 3972 1229 4047 simos
1255 3973 1558 4046 Graecos
1590 3967 1930 4067 piissimos
1956 3987 2217 4043 vocans
2246 3979 2319 4042 et
2349 3969 2736 4044 haereticos
2768 3969 2891 4065 qui
2922 3983 3088 4045 sunt
3112 3972 3418 4044 maxime
3433 3972 3841 4045 orthodoxi.

1015 4099 1129 4173 Ad
1192 4099 1329 4171 tale
1372 4096 1584 4189 igitur
1644 4090 1994 4167 laudabile
2047 4093 2480 4190 propositum
2529 4097 3053 4190 exequendum,
3098 4097 3591 4169 dilectissimus
3628 4116 3850 4190 gener

1015 4232 1257 4295 noster
1293 4223 1673 4316 imperator
1711 4213 2067 4290 lohannes
2121 4217 2227 4314 (t)
2271 4219 2862 4315 promptissimum
2899 4219 3219 4292 affectum
3254 4240 3468 4312 quem
3505 4239 3672 4312 erga
3714 4239 3847 4292 nos

1015 4347 1222 4441 gerit,
1246 4346 1395 4418 sine
1420 4342 1926 4415 intermissione
1943 4342 2425 4415 demonstrare
2436 4342 2756 4439 cupienS,
2780 4363 3066 4414 manum
3102 4361 3196 4415 ex
3224 4343 3378 4415 suis
3407 4342 3740 4416 archeriis
3772 4353 3845 4436 et

1087 4647 1160 4722 (l)
1199 4646 1387 4719 Agitur
1407 4643 1478 4701 de
1515 4643 1756 4701 Johanne
1788 4643 1968 4715 Duca,
1991 4643 2085 4716 qui
2110 4644 2343 4716 Vataces
2376 4659 2444 4700 ex
2468 4659 2665 4717 graeco
2697 4644 3013 4719 cognomine
3039 4644 3336 4718 vocitatus,
3370 4645 3426 4701 in
3454 4643 3624 4718 ipsiu·
3648 4644 3841 4702 Fride-

1012 4745 1113 4804 rici
1137 4742 1332 4802 litteris
1358 4741 1527 4799 etiam
1552 4739 1933 4812 calojohannes
1958 4740 2284 4798 nominatur.
