4525 6031
1011 645 1133 706 ‘104
2006 649 2431 712 ratumne!
2480 649 2825 712 SECUNDI
3444 650 3609 729 [An.
3646 651 3825 714 1249.

1009 780 1417 853 officialibus
1458 782 1712 854 uostris
1760 780 1908 855 fieri
1956 785 2211 858 debeat
2252 785 2410 859 viva
2453 807 2705 879 guerra
2752 783 3171 878 generaliter
3216 784 3423 860 etiam
3480 796 3552 858 et
3588 790 3827 884 priva-

1011 904 1129 975 tim
1154 902 1252 1001 (a)
1298 915 1539 978 contra
1569 928 1689 978 eos
1719 908 1839 1001 qui
1876 907 2086 980 nimie
2119 910 2318 981 famis
2359 909 2715 998 instantia,
2754 909 2985 981 nimiis
3016 910 3353 1002 angustiis
3387 913 3712 1003 coartati,
3758 922 3831 984 et

1008 1049 1101 1099 ex
1129 1028 1384 1121 quibus
1413 1050 1634 1122 usque
1656 1030 1748 1101 ad
1775 1030 2002 1103 CLXX
2025 1031 2115 1103 de
2144 1031 2547 1105 melioribus
2575 1032 2644 1103 in
2669 1042 2897 1104 castro
2921 1030 3271 1127 Airole(⁴)
3297 1023 3486 1127 quod
3515 1035 3829 1106 Sardinie

1006 1172 1137 1223 rex
1198 1152 1488 1224 viriliter
1541 1155 2015 1249 expugnavit,
2068 1177 2306 1228 carcer
2349 1167 2586 1229 noster
2617 1156 2943 1246 includit,
2988 1155 3288 1228 evadere
3324 1178 3463 1228 non
3504 1167 3833 1253 poterunt

1004 1274 1175 1368 quin
1203 1275 1399 1348 inviti
1423 1278 1535 1349 vel
1561 1279 1929 1351 voluntarii
1960 1282 2052 1353 ad
2084 1291 2320 1352 nostra
2353 1282 2790 1376 beneplacita
2819 1281 3265 1373 reducantur;
3287 1293 3518 1377 partes
3537 1283 3830 1355 Thuscie

1003 1421 1141 1492 que
1158 1401 1463 1495 potentie
1484 1409 1714 1473 nostre
1729 1403 2146 1498 presentiam
2180 1405 2470 1476 viriliter
2496 1414 2876 1501 expetunt,
2912 1408 3227 1477 consulte
3258 1406 3687 1501 providimus
3719 1429 3829 1478 re-

1001 1523 1372 1618 petendas3
1404 1534 1484 1595 ut
1507 1525 1670 1598 inde
1700 1535 2093 1598 nostrarum
2122 1527 2371 1600 robore
2397 1528 2649 1601 virium
2678 1529 2767 1600 de
2792 1529 3123 1601 militibus
3140 1530 3332 1602 Italie
3359 1531 3605 1603 celitus
3632 1552 3828 1603 reno-

998 1658 1162 1720 vato
1218 1648 1310 1721 ad
1370 1648 1845 1722 defensionem
1890 1650 2248 1742 regionum
2315 1652 2621 1746 ipsarum
2677 1661 2749 1724 et
2809 1654 2898 1726 de
2952 1661 3345 1726 nostrorum
3404 1654 3824 1727 detrimento

998 1770 1361 1843 rebellium
1391 1774 1646 1845 nostris
1678 1774 2101 1847 exercitibus
2132 1774 2392 1847 ibidem
2419 1775 2787 1849 victoriose
2817 1777 3153 1868 collectis,
3181 1788 3253 1849 et
3282 1777 3646 1850 Frederico
3676 1776 3821 1852 filio

998 1904 1239 1966 nostro
1277 1896 1349 1966 in
1388 1895 1678 1968 Thuscie
1721 1906 1791 1969 et
1832 1899 1915 1970 Η.
1956 1899 2225 1994 prefato
2262 1920 2427 1991 rege
2462 1900 2778 1972 Sardinie
2823 1900 2895 1971 in
2928 1901 3339 1973 Lombardie
3375 1901 3689 1997 partibus
3728 1901 3821 1973 ad

997 2027 1234 2090 nostra
1286 2018 1649 2111 dirigenda
1695 2023 1974 2113 negotia
2018 2022 2393 2118 deputatis,
2429 2024 2685 2096 nostris
2724 2024 2964 2096 erariis
3007 2026 3216 2097 etiam
3255 2046 3392 2118 que
3434 2027 3707 2098 labores
3752 2033 3825 2097 et

997 2153 1315 2237 sumptus
1358 2144 1642 2236 Ligures
1683 2144 2022 2218 hactenus
2064 2156 2135 2218 et
2173 2146 2442 2219 viarum
2487 2147 2885 2219 discrimina
2918 2146 3108 2221 refici
3137 2170 3278 2221 non
3307 2148 3666 2240 sinebant,
3698 2173 3823 2246 per

994 2265 1295 2339 habilem
1328 2289 1727 2366 succursum
1758 2270 2052 2364 pecunie
2080 2269 2170 2343 de
2200 2272 2395 2363 regni
2426 2271 2643 2345 nostri
2676 2272 3097 2368 pinguedine
3125 2274 3444 2345 celeriter
3476 2277 3821 2347 transmit—

998 2391 1313 2484 tendum,
1334 2402 1540 2487 prout
1571 2392 2004 2484 negotiorum
2020 2404 2414 2467 nostrorum
2436 2395 2733 2490 qualitas
2747 2397 3008 2488 exiget,
3024 2398 3451 2485 restauratis,
3470 2398 3561 2471 ad
3588 2413 3819 2495 partes

993 2515 1376 2587 Theutonie
1435 2517 1687 2610 quibus
1727 2518 1872 2609 jam
1916 2518 2176 2591 diutius
2228 2520 2650 2617 presentiam
2701 2530 3008 2592 nostram
3062 2522 3500 2616 promisimus
3541 2545 3818 2616 gressus

992 2650 1264 2713 nostros
1315 2640 1605 2714 feliciter
1653 2642 2057 2736 dirigamus.
2098 2645 2239 2717 Vos
2283 2644 2495 2736 igitur
2538 2645 2637 2716 sic
2687 2643 2869 2717 circa
2918 2657 3153 2718 nostra
3202 2646 3481 2719 servitia
3526 2647 3818 2719 studiosi

990 2763 1281 2856 vigilare
1314 2762 1412 2862 (b)
1444 2765 1698 2838 curetis
1728 2775 1808 2838 ut
1848 2766 1922 2837 in
1957 2767 2268 2840 adventu
2304 2779 2544 2841 nostro
2575 2768 2759 2841 felici
2791 2780 3150 2864 presentes
3182 2770 3272 2842 de
3312 2781 3544 2845 vestra
3575 2771 3817 2844 indus·

992 2888 1121 2961 tria
1162 2889 1529 2964 videamus
1566 2891 1660 2964 ad
1694 2893 1975 2964 oculum
2025 2891 2219 2987 quod
2261 2893 2586 2967 absentes
2626 2895 2716 2967 de
2756 2894 2955 2968 vobis
2995 2893 3283 2968 firmiter
3319 2895 3687 2993 opinamur
3724 2895 3812 2967 ad

984 3023 1322 3088 mentem.

1404 3198 2792 3213 *ow-*m*-

574 3473 935 3571 “fgffwm
1093 3461 1558 3571 FridericuS,
1623 3465 2139 3548 Romanorum
2204 3466 2652 3575 imperator,
2731 3444 3107 3576 significat
3186 3467 3493 3550 cuidam
3567 3465 3809 3548 nobili

658 3584 854 3636 ms
986 3622 1436 3705 prosperum
1479 3598 1890 3681 adventum
1937 3624 2164 3682 suum
2211 3599 2310 3681 ad
2348 3611 2596 3708 partes
2645 3599 3107 3683 Pontremuli
3130 3660 3154 3706 ,
3205 3600 3484 3682 abinde
3533 3599 3611 3681 in
3664 3625 3806 3682 re-

987 3755 1224 3837 gnum
1266 3755 1786 3839 processurus

1146 3919 1338 3993 (Edit.
1366 3923 1431 3979 in
1454 3919 1621 3980 tem·
1649 3918 1720 3981 aa
1752 3919 1883 3981 Vin.
1915 3919 2112 4000 epm„
2142 3919 2241 3981 m».
2280 3919 2358 4000 v,
2389 3937 2520 3999 cap.
2553 3920 2716 3983 cul.

1064 4078 1150 4161 (a)
1198 4080 1264 4140 In
1296 4081 1496 4142 codice
1521 4077 1775 4162 qualiter
1796 4081 1973 4141 etiam
1989 4087 2046 4141 et
2062 4086 2378 4162 quartum,-
2402 4080 2481 4141 ad
2506 4097 2744 4142 sensum
2769 4079 3196 4158 intelligibilem
3218 4081 3415 4142 locum
3444 4080 3800 4141 reducimus.

1067 4184 1150 4266 (b)
1195 4188 1266 4248 In
1290 4189 1491 4249 codice
1517 4185 1735 4249 violare
1748 4232 1774 4266 ,
1808 4189 1983 4250 male.

997 4362 1365 4373 ...———-———-—-.

1053 4478 1129 4552 (4)
1168 4477 1230 4534 1n
1259 4476 1445 4535 codice
1480 4476 1673 4550 legitur
1697 4476 1835 4535 Arob
1860 4493 1986 4549 cum
2012 4477 2395 4537 abreviationis
2419 4477 2590 4550 siguo.
2625 4476 2918 4535 Evidenter
2953 4483 3134 4535 tamon
3169 4476 3456 4550 legendum
3477 4451 3708 4551 Avo-olo,
3739 4474 3808 4531 de

979 4590 1089 4649 quo
1112 4574 1369 4635 chronic.
1395 4573 1630 4633 derebus
1657 4578 1718 4632 in
1743 4575 1875 4633 Ital.
1906 4582 2064 4649 ραι,
2098 4592 2155 4649 p.
2181 4577 2309 4647 2⁴8,
2338 4574 2442 4632 sub
2475 4574 2560 4631 his
2595 4575 2813 4633 verbis:
2841 4596 2869 4630 α
2895 4577 3108 4634 Interea
3145 4592 3241 4632 rex
3269 4575 3467 4632 Encius
3498 4575 3644 4649 cepit
3683 4590 3810 4631 cas-

978 4680 1126 4731 trum
1154 4673 1334 4731 Airole
1360 4673 1414 4730 in
1440 4690 1548 4747 quo
1566 4672 1730 4747 aliqui
1753 4689 1819 4731 ex
1848 4672 2088 4732 bannitis
2113 4673 2265 4747 Regii
2295 4673 2649 4747 intraverant,
2672 4678 2821 4731 etex
2848 4673 3156 4731 hominibus
3180 4673 3350 4747 captis
3375 4673 3432 4729 in
3458 4672 3601 4731 dicto
3627 4678 3807 4730 castro

977 4773 1121 4831 exn
1147 4772 1480 4846 suspendere
1501 4771 1648 4829 fecit.
1672 4790 1700 4824 ι
