4525 6031
679 643 882 703 Ixnlc'r.
913 640 1005 720 9.]
1579 639 1976 702 HISTORIA
2024 642 2625 705 DlpLoMA'rch.
3388 646 3513 708 809

682 776 856 847 alios
898 772 1292 845 successive
1334 773 1466 844 sub
1500 794 1682 867 pena
1713 775 2218 851 benedictionis
2249 789 2486 850 nostre
2532 778 2867 850 tenaciter
2903 780 3226 851 volumus
3266 780 3508 852 obser-

683 899 872 988 vari;
917 897 1226 990 alioquin
1270 895 1657 968 hereditate
1699 910 1933 971 nostra
1968 923 2109 973 non
2159 903 2537 995 gaudeant.
2576 903 2651 975 Id
2704 912 2937 973 autem
2985 900 3306 975 fidelibus
3343 925 3508 975 nos·-

687 1023 811 1094 tris
857 1021 1295 1117 presentibus
1337 1028 1408 1091 et
1448 1020 1698 1092 futuris
1734 1023 1866 1093 sub
1903 1036 2341 1098 sacramento
2383 1025 2734 1100 fidelitatis
2769 1046 2910 1116 quo
2958 1026 3160 1097 nobis
3192 1036 3263 1098 et
3307 1026 3508 1099 here-

687 1145 893 1218 dibus
924 1144 1179 1216 nostris
1213 1152 1564 1233 tenentur,
1600 1143 2027 1239 injungimus
2070 1159 2153 1220 ut
2196 1150 2509 1244 predicta
2550 1149 2783 1220 omnia
2815 1148 3079 1220 illibata
3122 1157 3406 1221 teneant
3441 1161 3512 1221 et

688 1270 1088 1342 observent.

787 1393 1079 1464 Presens
1113 1399 1348 1461 autem
1388 1398 1877 1463 testamentum
1913 1404 2228 1467 nostrum
2272 1406 2345 1468 et
2375 1396 2692 1467 ultimam
2732 1396 3162 1466 voluntatem
3203 1406 3509 1467 nostram

688 1537 900 1609 quam
939 1515 1151 1586 robur
1178 1512 1522 1585 firmitatis
1553 1516 1876 1589 volumus
1907 1516 2252 1609 obtinere,
2289 1539 2416 1612 per
2446 1517 2834 1611 predictum
2871 1517 3275 1608 magistrum
3303 1496 3509 1590 Nico-

688 1641 880 1712 laum
920 1637 1129 1713 scribi
1179 1646 1250 1709 et
1281 1637 1479 1729 signo
1526 1649 1764 1710 sancte
1807 1641 2031 1712 crucis
2083 1641 2362 1735 proprie
2413 1662 2662 1711 manus
2708 1650 2978 1728 nostre,
3030 1641 3256 1733 sigillo
3301 1642 3506 1713 etiam

689 1770 929 1834 nostro
963 1770 1033 1832 et
1064 1760 1535 1854 predictorum
1571 1761 2194 1857 subscriptionibus
2223 1763 2555 1855 jussimus
2587 1763 2996 1834 communiri
3023 1762 3153 1859 (l).

784 1884 1040 1957 Actum
1085 1884 1273 1978 apud
1310 1883 1783 1955 Florentinum
1823 1885 1896 1956 in
1936 1886 2378 1981 capitanata,
2416 1908 2639 1974 anno,
2678 1882 2970 1977 mense,
3018 1886 3132 1958 die
3176 1897 3247 1959 et
3290 1887 3509 1959 indic-

692 2008 878 2079 tione
921 2008 1309 2102 premissis,
1342 2028 1529 2080 anno
1568 2008 1841 2103 imperii
1881 2010 2098 2081 nostri
2141 2010 2485 2081 tricesimo
2519 2009 2860 2099 secundo,
2903 2011 3099 2101 regni
3134 2011 3512 2083 Jerusalem

685 2131 1018 2204 vicesimo
1051 2140 1326 2221 octavo,
1367 2132 1565 2222 regni
1599 2132 1829 2205 Sicilie
1861 2134 2439 2226 quinquagesimo
2474 2133 2699 2227 primo
2728 2131 2905 2228 (sic).

786 2255 837 2346 †
888 2256 1035 2347 Ego
1090 2254 1477 2326 Fridericus
1530 2255 1881 2326 secundus
1902 2311 1920 2346 ‚
1983 2256 2219 2327 divina
2284 2257 2562 2327 favente
2625 2257 2992 2329 clementia
3045 2258 3511 2330 Romanorum

688 2380 1066 2474 imperator
1095 2400 1372 2474 semper
1401 2388 1763 2470 augustus,
1797 2380 2226 2451 Hierusalem
2255 2390 2327 2452 et
2353 2381 2579 2452 Sicilie
2607 2402 2766 2471 rein,
2804 2381 2959 2453 dico
2985 2390 3055 2452 et
3072 2379 3350 2454 declaro
3382 2382 3513 2453 hoc

691 2503 902 2574 fuisse
940 2513 1009 2573 et
1046 2525 1196 2573 esse
1246 2524 1478 2573 meum
1519 2503 1825 2573 solemne
1877 2512 2366 2574 testamentum
2413 2525 2781 2595 meamque
2825 2504 3140 2574 ultimam
3186 2505 3510 2575 volunta-

694 2634 861 2715 tem,
896 2638 1130 2698 actum
1163 2637 1234 2697 et
1263 2627 1596 2720 scriptum
1634 2624 1723 2697 de
1754 2625 1890 2696 mei
1925 2625 2170 2697 ordine
2190 2680 2209 2715 ,
2251 2628 2611 2698 voluntate
2645 2636 2715 2697 et
2755 2627 3081 2697 mandato
3114 2648 3239 2721 per
3267 2649 3513 2697 manus

691 2748 1004 2839 magistri
1053 2748 1317 2820 Nicolai
1354 2749 1443 2820 de
1487 2749 1879 2819 Brundusio
1925 2749 2187 2843 publici
2239 2749 2626 2821 tabellionis
2659 2750 2873 2838 curie,
2928 2750 3107 2819 acin
3163 2752 3512 2844 presentia

692 2871 1246 2965 supradictorum
1280 2882 1353 2942 et
1386 2872 1978 2966 infrascriptorum
2015 2873 2293 2943 testium
2338 2881 2728 2943 nostrorum
2769 2870 3115 2961 fidelium,
3153 2894 3329 2966 quos
3360 2894 3510 2943 om-

693 2994 900 3067 nibus
932 2995 1261 3090 predictis
1289 2995 1775 3068 mandavimus
1807 2997 2179 3087 interesse3
2212 3018 2297 3068 ac
2335 2995 2404 3066 in
2439 2992 2650 3068 fidem
2677 2994 2987 3067 omnium
3020 2996 3512 3089 premissorum

682 3097 905 3190 ⁹manu
960 3120 1240 3214 propria
1284 3119 1778 3191 subscribimus
1833 3129 2214 3212 nostroque
2279 3120 2482 3191 solito
2530 3120 2868 3214 imperiali
2926 3130 2998 3190 et
3046 3120 3236 3212 regio
3286 3120 3511 3210 sigillo

693 3242 1146 3334 signavimuS.

791 3358 844 3449 Ἰ·
891 3362 1039 3452 Ego
1077 3359 1420 3431 Berardus
1457 3358 2014 3454 archiepiscopus
2054 3360 2584 3432 panormitanus
2634 3372 2914 3454 rogatus
2970 3363 3318 3456 premissis
3360 3384 3513 3434 om-

693 3486 901 3556 nibus
932 3484 1246 3572 interfui,
1286 3504 1499 3553 manu
1536 3484 1814 3577 propria
1847 3505 1959 3554 me
2001 3483 2378 3579 subscripsi
2427 3505 2511 3555 ac
2556 3484 2781 3576 sigillo
2815 3485 3153 3580 imperiali
3201 3495 3270 3558 et
3322 3487 3514 3579 regio

697 3607 995 3700 signavi.

792 3730 845 3819 †
893 3732 1043 3823 Ego
1095 3726 1511 3826 [Bertoldus]
1575 3729 1883 3801 marchio
1922 3730 2012 3801 de
2044 3730 2448 3821 Hoemburg
2492 3739 2772 3820 rogatus
2823 3751 3105 3824 presens
3138 3731 3267 3820 fui,
3299 3753 3509 3802 manu

696 3856 975 3950 propria
1002 3853 1375 3947 subscripsi
1409 3853 1770 3945 sigilloque
1807 3853 2146 3948 imperiali
2174 3875 2288 3924 me
2321 3853 2612 3944 signavi.

775 4081 851 4152 (t)
873 4080 955 4137 Ad
973 4079 1119 4136 bunc
1138 4081 1335 4150 locum,
1352 4085 1412 4136 ut
1432 4085 1706 4152 putamus,
1728 4078 2010 4151 singularis
2030 4079 2296 4152 quaedam
2323 4077 2603 4134 referenda
2627 4083 2713 4134 est
2739 4077 2895 4134 lectio
2921 4092 3081 4147 quam
3109 4092 3175 4133 ex
3201 4078 3325 4134 cod.
3349 4078 3512 4136 Vati-

694 4192 829 4233 cano
857 4180 996 4235 5985
1022 4176 1265 4258 exhibuit
1286 4175 1554 4246 pertzius,
1583 4175 1668 4232 his
1693 4175 1874 4233 verbis
1907 4195 1920 4232 :
1952 4197 1978 4229 α
2000 4175 2262 4233 Jubentes
2294 4181 2350 4231 et
2374 4175 2725 4239 decernentes
2749 4190 2817 4231 ex
2851 4174 3169 4230 auctoritate
3191 4172 3347 4230 nobis
3373 4173 3514 4231 avite

694 4288 953 4330 concessa
989 4274 1131 4345 quod
1162 4273 1290 4329 illud
1326 4277 1703 4330 testamentum
1731 4271 1871 4327 inter
1903 4271 2040 4328 filios
2075 4279 2132 4328 et
2164 4269 2392 4327 heredes
2437 4276 2648 4325 nostros
2692 4270 2764 4325 sit
2807 4269 2891 4325 lex
2933 4286 2963 4325 a
3008 4275 3191 4325 nostra
3233 4270 3515 4341 majestate

697 4372 1037 4442 autenticam,
1067 4377 1122 4428 et
1158 4371 1301 4444 quod
1326 4371 1464 4442 juris
1485 4369 1651 4427 robur
1674 4369 1818 4426 omni
1847 4375 2086 4442 tempore
2109 4368 2413 4425 testamenti
2438 4373 2644 4437 teneat,
2675 4366 2990 4424 mandantes
3018 4372 3075 4422 ut
3101 4367 3516 4424 contradictores

693 4468 852 4540 hujus
872 4469 950 4525 rei
971 4467 1155 4524 ultimo
1183 4466 1444 4540 supplicio
1471 4472 1724 4538 tanquam
1748 4465 1903 4522 nobis
1934 4463 2166 4522 rebelles
2198 4471 2255 4522 et
2288 4465 2586 4537 proditores
2624 4464 2927 4521 omnimodo
2954 4463 3308 4522 vindicentur.
3339 4464 3515 4532 Quare

695 4579 794 4622 nos
819 4565 1148 4634 Fridericus,
1182 4566 1547 4622 Romanorum
1575 4563 1863 4636 imperator
1890 4567 1946 4618 et
1971 4577 2185 4635 semper
2223 4568 2502 4635 augustus,
2529 4561 2829 4618 Jerusalem
2857 4570 2914 4618 et
2947 4562 3124 4620 Sicilie
3157 4578 3279 4631 rex,
3310 4562 3376 4617 ad
3403 4577 3515 4616 ma-

691 4661 863 4732 jorem
889 4660 1198 4719 firmitatem
1225 4666 1281 4718 et
1299 4661 1571 4719 cautelam
1596 4659 1698 4716 hec
1725 4660 1877 4732 signo
1901 4664 2086 4715 sancte
2117 4659 2298 4715 crucis
2317 4659 2547 4733 propriis
2568 4659 2818 4717 manibus
2843 4659 3216 4731 imposuimus,
3246 4658 3371 4731 quia
3397 4657 3514 4729 plus

695 4759 876 4818 vivere
905 4776 1011 4818 non
1040 4759 1305 4817 valemus.
1336 4778 1363 4811 ι»
