4525 6031
1052 668 1178 734 92⁸
2155 667 2781 733 ADDITAMENTA.

1055 828 1195 900 que
1250 807 1445 878 vadit
1496 807 1588 880 ad
1627 810 1934 903 Burgum
1981 809 2216 883 Sancti
2268 806 2523 881 Donini
2550 814 2621 877 et
2651 806 2971 876 fecerunt
2996 803 3125 874 sibi
3157 803 3432 876 foveam
3461 812 3533 876 et
3558 804 3885 900 palanca·

1060 940 1249 1017 tum,
1299 939 1380 1002 ut
1428 932 1820 1005 clausuram
1875 934 2217 1007 haberent
2254 941 2543 1028 propter
2583 927 2866 1000 timores
2918 926 3229 999 hostiles,
3264 928 3648 1023 Imperator
3674 950 3881 1020 vero,

1056 1053 1475 1126 furibundus
1528 1065 1600 1127 et
1657 1065 1843 1129 totus
1895 1057 2363 1128 inflammatus
2400 1076 2494 1126 ex
2527 1054 2627 1124 ira
2659 1060 2945 1147 propter
2965 1050 3084 1122 illa
3115 1071 3254 1143 que
3281 1050 3412 1122 sibi
3448 1051 3879 1142 acciderant,

1056 1176 1253 1248 venit
1282 1177 1374 1248 ad
1402 1178 1716 1250 Parmam
1739 1233 1758 1270 ,
1795 1179 1962 1252 etin
1996 1189 2312 1252 contrata
2341 1200 2480 1273 que
2511 1175 2767 1249 dicitur
2810 1174 3020 1247 Grola
3044 1224 3066 1264 ‚
3097 1173 3169 1245 in
3219 1195 3360 1268 qua
3388 1174 3752 1246 vinearum
3778 1183 3887 1247 est

1055 1298 1473 1390 multitud0,
1524 1311 1596 1373 et
1632 1301 1753 1373 ubi
1800 1302 2043 1374 vinum
2072 1303 2382 1374 nascitur
2412 1302 2712 1389 bonum,
2746 1308 2820 1370 et
2842 1298 3084 1370 vinum
3119 1307 3302 1369 terre
3328 1296 3514 1369 illius
3543 1297 3884 1393 optimum

1056 1432 1197 1512 est,
1239 1422 1404 1495 fecit
1450 1423 1600 1495 fieri
1633 1447 1847 1497 unam
1880 1426 2232 1498 civitatem
2279 1447 2441 1496 cum
2470 1423 2739 1516 magnis
2761 1422 2983 1496 foveis
3008 1422 3081 1493 in
3108 1420 3404 1494 circuitu
3434 1441 3648 1516 quam
3672 1422 3884 1495 etiam

1053 1545 1432 1619 Victoriam
1468 1550 1846 1643 appellavit
1888 1550 1961 1620 in
1998 1549 2394 1644 presagium
2431 1550 2864 1639 futurorum3
2912 1544 3182 1617 denarii
3209 1566 3381 1618 vero
3408 1554 3689 1618 monete
3717 1546 3887 1620 Vic—

1056 1670 1262 1743 torini
1295 1671 1708 1744 dicebantur
1733 1683 1806 1745 et
1830 1674 2055 1766 major
2082 1673 2373 1745 ecclesia
2393 1673 2689 1743 Sanctus
2717 1670 2978 1742 Victor.
3009 1670 3176 1741 Erat
3202 1689 3370 1761 ergo
3387 1669 3484 1741 ibi
3499 1668 3886 1742 Fridericus

1053 1810 1217 1861 cum
1256 1791 1571 1863 exercitu
1620 1813 1748 1864 suo
1787 1800 1859 1863 et
1907 1813 2039 1864 rex
2085 1791 2388 1864 Hencius
2419 1812 2580 1862 cum
2608 1788 2924 1861 exercitu
2950 1788 3548 1860 Cremonensium.
3580 1788 3669 1860 Et
3696 1786 3888 1864 misit

1053 1912 1432 2008 imperator
1466 1915 1790 1986 omnibus
1820 1916 2063 1988 amicis
2094 1917 2238 1987 suis
2268 1926 2349 1987 ut
2382 1915 2788 1986 festinanter
2815 1911 3142 1985 venirent
3170 1910 3263 1984 ad
3293 1910 3721 2004 adjutorium
3747 1909 3883 1984 sibi

1053 2035 1393 2109 dandum.
1425 2038 1693 2110 Primus
1725 2039 1846 2132 qui
1881 2040 2076 2112 venit
2103 2040 2230 2110 fuit
2251 2039 2576 2111 dominus
2594 2038 2742 2131 Ugo
2768 2035 3111 2125 BoteriuS,
3128 2034 3302 2108 civis
3323 2033 3738 2125 Parmensis,
3757 2033 3883 2107 do-

1054 2159 1224 2231 mini
1248 2161 1628 2235 Innocentii
1647 2185 1826 2258 pape
1844 2165 2077 2256 quarti
2097 2186 2187 2235 ex
2202 2184 2439 2235 sorore
2459 2184 2705 2257 nepos,
2725 2161 2874 2254 qui,
2898 2182 3056 2232 cum
3080 2170 3393 2256 tempore
3423 2160 3544 2232 illo
3574 2167 3884 2255 potestas

1051 2283 1493 2378 Papiensium
1547 2294 1767 2376 esset,
1811 2309 1970 2358 cum
2017 2287 2343 2359 omnibus
2392 2287 2846 2382 papiensibus
2881 2286 3075 2359 venit
3108 2284 3229 2379 qui
3255 2285 3347 2359 ad
3383 2285 3646 2358 bellum
3672 2284 3883 2357 utiles

1052 2406 1499 2479 videbantur.
1532 2410 1687 2481 Non
1723 2411 1948 2504 potuit
1980 2433 2162 2506 papa
2202 2411 2414 2482 istum
2445 2433 2649 2482 suum
2681 2420 3007 2505 nepotem
3036 2431 3169 2481 nec
3198 2408 3523 2504 precibus
3551 2429 3685 2482 nec
3712 2430 3881 2504 pro·

1051 2529 1281 2601 missis
1324 2532 1416 2603 ab
1463 2553 1700 2605 amore
1745 2534 2074 2606 Friderici
2116 2536 2490 2626 divellere,
2538 2544 2611 2607 et
2653 2535 2813 2629 plus
2842 2533 3093 2605 dilexit
3119 2542 3411 2604 matrem
3444 2532 3879 2627 istiusquam

1048 2655 1223 2726 alias
1258 2677 1419 2727 suas
1459 2678 1732 2730 sorores
1776 2658 1953 2731 duas
1998 2682 2174 2752 quas
2204 2659 2521 2731 similiter
2551 2657 2890 2730 habuerat
2921 2656 3278 2730 maritatas
3308 2656 3380 2727 in
3415 2657 3680 2729 Parma.
3717 2657 3881 2730 Post

1048 2773 1260 2845 istum
1307 2776 1504 2848 venit
1542 2776 1820 2849 Icilinus
1852 2777 1941 2849 de
1974 2780 2287 2850 Romano
2311 2831 2332 2868 ,
2369 2778 2490 2871 qui
2521 2788 2686 2849 tunc
2721 2776 3053 2871 temporis
3074 2774 3565 2850 dominabatur
3587 2774 3662 2846 in
3689 2775 3874 2849 Mar-

1047 2895 1208 2970 chia
1261 2899 1633 2990 Trivisina‚
1686 2909 1759 2972 et
1811 2901 2198 2972 maximum
2244 2901 2635 2974 exercitum
2680 2901 2989 2973 duxerat
3019 2921 3281 2973 secum.
3328 2898 3455 2971 Hic
3478 2899 3876 2994 plusquam

1048 3021 1370 3095 diabolus
1403 3025 1775 3096 timebatur
1806 3048 1824 3093 ε
1862 3046 1991 3121 pro
2017 3026 2235 3099 nihilo
2262 3027 2453 3099 enim
2484 3026 2789 3099 habebat
2819 3025 3141 3099 occidere
3172 3024 3527 3115 homines,
3547 3022 3876 3096 mulieres

1048 3155 1123 3217 et
1151 3148 1481 3241 parvulos
1488 3201 2156 3222 .........
2212 3152 2422 3223 Porro
2458 3160 2618 3246 post
2648 3150 2963 3222 Icilinum
2991 3149 3061 3220 in
3089 3148 3512 3242 adjutorium
3543 3145 3877 3221 Friderici

1047 3281 1395 3343 venerunt
1447 3272 1661 3344 multe
1719 3282 1964 3364 gentes
2025 3283 2107 3344 ut
2153 3273 2442 3366 Regini,
2492 3274 2955 3365 Mutinenses,
2998 3273 3120 3366 qui
3149 3280 3350 3345 erant
3376 3270 3452 3342 in
3477 3268 3876 3344 civitatibus

1045 3393 1191 3464 suis
1222 3413 1350 3486 pro
1379 3393 1710 3487 imperio,
1742 3397 2238 3486 Bergamenses
2268 3398 2476 3468 etiam
2503 3408 2575 3469 et
2605 3397 2739 3469 alie
2771 3397 3087 3469 civitates
3120 3405 3260 3468 tam
3281 3395 3371 3467 de
3388 3393 3634 3467 Tuscia
3658 3408 3876 3487 quam

1047 3515 1138 3586 de
1169 3515 1583 3587 Lombardia
1613 3525 1684 3588 et
1712 3517 1865 3589 aliis
1900 3519 2215 3612 partibus
2246 3521 2491 3593 mundi
2536 3543 2674 3613 que
2719 3541 2879 3592 cum
2938 3519 3248 3592 Ecclesia
3305 3540 3449 3591 non
3500 3527 3737 3609 ernnt3
3798 3526 3876 3591 et

1042 3638 1329 3709 fuerunt
1376 3660 1535 3710 cum
1585 3660 1671 3712 eo
1723 3648 1795 3712 et
1843 3641 1933 3713 de
1977 3643 2421 3734 Burgundia‚
2472 3652 2543 3714 et
2592 3642 2682 3714 de
2723 3641 3074 3732 Calabria,
3125 3652 3199 3714 et
3232 3641 3325 3715 de
3349 3641 3645 3737 Apulia,
3676 3639 3871 3715 etde

1045 3760 1274 3832 Sicilia
1292 3814 1312 3852 ,
1350 3771 1423 3833 et
1452 3760 1543 3834 de
1565 3763 1774 3835 Terra
1805 3765 2124 3857 Laboris,
2162 3776 2235 3837 et
2262 3765 2499 3855 Greci,
2534 3775 2608 3837 et
2634 3766 2996 3837 Sarraceni
3023 3766 3114 3837 de
3146 3764 3481 3856 Nuceria,
3510 3774 3585 3838 et
3610 3765 3871 3837 fereex

1042 3883 1233 3956 omni
1261 3884 1541 3957 natione
1568 3906 1708 3980 que
1735 3888 1867 3959 sub
1901 3889 2054 3960 celo
2079 3899 2223 3979 est,
2262 3898 2334 3960 et
2358 3890 2582 3960 factus
2606 3897 2714 3960 est
2732 3889 3082 3960 exercitus
3103 3887 3311 3960 nimis
3328 3880 3866 3980 gumbaldo,

1044 4006 1319 4080 circiter
1359 4009 1671 4085 XXXVII
1713 4006 1980 4108 [millia]
1990 4062 2421 4084 ......
2481 4008 2616 4107 (⁴).
2663 4010 2835 4082 Cum
2876 4021 3022 4084 tota
3055 4022 3267 4105 gente
3303 4032 3434 4084 sua
3467 4031 3611 4084 non
3640 4009 3869 4106 potnit

1044 4149 1390 4226 occupare
1416 4132 1548 4204 nisi
1575 4134 1764 4205 illam
1796 4144 2083 4207 stratam
2109 4156 2248 4229 que
2281 4135 2478 4207 vadit
2499 4156 2543 4206 a
2570 4137 2818 4207 Parma
2850 4134 2943 4206 ad
2969 4133 3279 4228 Burgum
3306 4133 3545 4206 Sancti
3566 4130 3873 4207 m„

1043 4254 1182 4326 alia
1237 4275 1408 4327 vero
1470 4255 1715 4328 civitas
1775 4257 1948 4328 nibil
2019 4259 2365 4329 sentiebat
2428 4259 2518 4331 de
2564 4279 2689 4330 sua
2730 4256 3117 4329 obsidione.
3154 4257 3431 4331 Etcum
3465 4255 3881 4352 disponeret·

1041 4376 1419 4472 imperator
1445 4377 1794 4451 civitatem
1826 4382 2270 4452 Parmensem
2305 4382 2609 4452 totaliter
2651 4380 3015 4452 destruere
3063 4388 3136 4452 et
3184 4400 3336 4452 eam
3371 4380 3743 4453 transferre
3770 4376 3877 4451 ad'

1048 4569 2784 4589 um*
2799 4577 3850 4590 —m———n———uu-

1111 4677 1179 4750 (4)
1216 4676 1463 4737 Habebat
1494 4679 1551 4737 X
1588 4680 1752 4739 millia
1784 4681 2010 4738 militum
2042 4694 2166 4740 cum
2208 4682 2581 4741 innumerabili
2621 4682 2818 4758 populo
2864 4684 3203 4743 diversarum
3246 4683 3545 4741 civitatum.
3582 4682 3855 4757 (chronic.

1043 4774 1250 4845 Parin„
1281 4790 1338 4847 p.
1367 4776 1521 4846 772.)
3669 4798 3675 4807 ·
