4525 6031
938 508 1057 571 598
1940 508 2368 572 anssmcl
2417 512 2767 573 SECUNDI
3380 512 3547 591 [Asu.
3583 514 3761 578 1248.

599 984 822 1039 ΨΜ]
1049 995 1507 1105 FridericuS,
1542 1000 2060 1081 Romanorum
2112 999 2552 1107 imperator,
2599 998 2923 1081 Iohanni
2971 998 3229 1080 Turdo
3280 999 3377 1080 de
3422 998 3771 1081 Messana

943 1128 1205 1210 scribit
1275 1132 1741 1214 consolando
1813 1158 1992 1214 eum
2054 1133 2151 1214 de
2223 1142 2471 1214 morte
2540 1131 2676 1212 filii
2750 1131 2978 1214 occisi
3049 1131 3129 1211 in
3212 1130 3770 1240 expugnatione

941 1260 1338 1345 Victoriae.

1110 1450 1302 1528 (Edit.
1333 1452 1396 1509 tn
1440 1449 1608 1510 Petri
1647 1448 1716 1509 de
1767 1450 1899 1510 Vin.
1941 1450 2137 1529 epist„
2168 1450 2274 1512 uh.
2313 1451 2431 1526 IV,
2463 1467 2597 1528 cap.
2632 1450 2752 1522 lv,
2787 1457 2847 1510 et
2890 1468 2989 1527 ap.
3024 1450 3321 1510 Munna
3369 1456 3431 1509 et
3473 1450 3766 1521 numan,

1180 1553 1530 1637 Amplissim.
1561 1553 1803 1632 collect„
1833 1564 1880 1616 t.
1914 1556 2006 1634 11,
2036 1575 2094 1633 p.
2137 1565 2317 1630 1217,
2358 1557 2460 1616 ubi
2489 1573 2795 1633 perperam
2826 1559 2948 1635 regi
2985 1556 3257 1616 Conrado
3308 1554 3602 1615 addicitur
3647 1555 3771 1630 epi·

1182 1664 1363 1737 stola;
1395 1680 1554 1723 nunc
1581 1663 1719 1723 coll.
1747 1679 1883 1722 cum
1910 1666 2090 1723 variis
2116 1663 2270 1724 Bibl.
2302 1662 2498 1724 Cesar.
2534 1663 2723 1724 Paris.
2755 1662 3078 1723 codicibus.
3110 1663 3181 1723 In
3210 1661 3344 1722 cod.
3378 1660 3762 1720 Mediomont.

1182 1769 1329 1828 bibl.
1359 1785 1456 1845 ap.
1490 1769 1553 1830 S.
1589 1770 1705 1828 Th.
1736 1770 2023 1846 Phillipps
2059 1770 2270 1829 titulus
2297 1772 2380 1829 ita
2417 1777 2736 1830 exaratur:
2764 1790 2798 1827 α
2821 1767 3154 1830 mdes-icus
3191 1767 3327 1828 duci
3359 1765 3673 1848 Spoletano
3701 1762 3773 1825 de

1184 1870 1506 1949 mortefilii
1529 1875 1623 1933 sui
1646 1874 1712 1933 in
1740 1873 2120 1935 combustione
2156 1874 2420 1935 Victoria.
2448 1878 2508 1949 a)

1039 2034 1432 2127 Lugubrem
1470 2034 1654 2106 Petri
1702 2032 1822 2104 filii
1865 2036 1966 2105 tui
2007 2056 2275 2125 casum,
2312 2035 2618 2127 vulgaris
2659 2036 2841 2107 fame
2878 2038 3166 2107 fortasse
3206 2034 3573 2107 velocitate
3609 2053 3770 2126 pre-

947 2157 1339 2249 cognitum,
1375 2158 1575 2248 cujus
1618 2158 1878 2229 doloris
1918 2158 2202 2229 aculeus
2243 2158 2437 2252 prius
2479 2158 2829 2231 dominica
2869 2169 3153 2254 pectora
3192 2158 3534 2229 transiens
3562 2176 3773 2249 quam

945 2292 1268 2376 paterna,
1300 2281 1461 2352 fecit
1487 2280 1554 2351 in
1587 2281 1788 2352 nobis
1809 2291 2148 2374 quantum
2179 2282 2372 2353 licuit
2397 2292 2466 2354 et
2489 2283 2725 2354 decuit
2752 2283 3148 2371 stationem,
3169 2282 3423 2352 infesto
3449 2280 3570 2351 tibi
3595 2280 3774 2375 stylo

949 2405 1428 2477 describimus.
1484 2405 1570 2475 Et
1609 2404 1770 2475 licet
1823 2406 2139 2497 ejusdem
2175 2406 2407 2477 obitus
2441 2427 2571 2477 nos
2607 2407 2678 2475 in
2718 2406 3035 2497 ejusdem
3076 2400 3571 2497 obsequiorum
3608 2403 3773 2474 sub·

951 2528 1286 2601 tractione
1336 2528 1752 2617 turbaverit,
1798 2540 1868 2600 et
1910 2539 2012 2619 te,
2060 2530 2243 2600 sicut
2280 2527 2569 2602 firmiter
2604 2529 2987 2622 credimus,
3027 2531 3101 2601 in
3149 2531 3378 2600 carnis
3423 2527 3774 2599 decisione

947 2653 1351 2725 medullitus
1378 2652 1727 2724 venabulo
1751 2653 2057 2746 quodam
2085 2653 2443 2747 inopinato
2466 2653 2845 2748 percutiat;
2889 2654 2944 2725 si
2973 2653 3223 2725 modus
3252 2663 3484 2723 tamen
3513 2662 3585 2721 et
3608 2670 3776 2743 qua-

949 2777 1104 2849 litas
1131 2778 1369 2848 mortis
1400 2776 1808 2866 attenditur,
1838 2777 2328 2847 consolationis
2359 2777 2775 2867 remedium,
2794 2777 2984 2870 quod
3012 2798 3140 2849 nos
3162 2779 3310 2868 jam
3334 2774 3590 2846 exinde
3616 2794 3777 2869 pro-

949 2900 1163 2972 babili
1198 2900 1468 2971 ratione
1500 2897 1974 2993 concepimuS,
2007 2900 2236 2970 locum
2267 2899 2607 2992 grandem
2641 2900 2952 2971 invenire
2985 2899 3276 2971 firmiter
3310 2899 3677 2993 opinamur
3701 2896 3774 2967 in

950 3034 1173 3119 patre.
1224 3024 1403 3093 Dum
1459 3023 1643 3093 enim
1700 3021 1889 3094 idem
1945 3019 2127 3094 filius
2179 3034 2339 3094 tuus
2388 3045 2662 3095 camere
2712 3035 2946 3096 nostre
2991 3025 3290 3097 servitiis
3334 3023 3652 3095 assiduus
3705 3031 3776 3092 et

951 3145 1409 3238 obsequiosus
1438 3143 1809 3234 insisteret,
1844 3145 1915 3215 in
1945 3146 2423 3218 combustione
2458 3157 2839 3219 castrorum
2872 3158 3268 3220 nostrorum
3298 3146 3626 3238 Victorie,
3654 3144 3775 3216 ubi

955 3290 1118 3340 eum
1148 3269 1322 3338 forte
1352 3276 1673 3361 potuerat
1698 3287 1739 3337 a
1768 3267 2133 3338 rebellium
2161 3278 2557 3341 nostrorum
2581 3272 2903 3342 manibus
2930 3273 3091 3362 fuga
3120 3272 3536 3361 subducere,
3563 3270 3778 3342 devo-

959 3392 1161 3464 tionis
1193 3388 1392 3461 firma
1425 3391 1838 3482 constantia,
1879 3413 2016 3484 que
2054 3392 2176 3463 vix
2207 3393 2458 3465 cadere
2498 3396 2863 3466 consuevit
2899 3396 2967 3466 in
2993 3397 3365 3487 juvenem,
3401 3395 3614 3488 gladii
3654 3415 3771 3465 su-

955 3525 1244 3611 perante
1281 3525 1615 3587 terrorem
1641 3567 1660 3603 ,
1703 3525 1990 3586 cruenta
2026 3515 2272 3587 maluit
2300 3528 2526 3590 morte
2559 3520 3013 3590 succumbere
3043 3540 3253 3611 quam
3287 3518 3587 3591 dimissis
3615 3519 3774 3591 aule

953 3650 1188 3712 nostre
1224 3637 1553 3728 servitiis5
1580 3637 1783 3708 saluti
1813 3639 2092 3733 proprie
2121 3640 2249 3710 sibi
2278 3662 2403 3735 per
2428 3641 2929 3715 absentationis
2960 3643 3344 3714 subsidium
3375 3642 3768 3737 providere.

952 3765 1061 3835 Ex
1092 3762 1223 3834 hac
1250 3763 1458 3854 igitur
1484 3783 1694 3854 quam
1731 3762 2038 3834 diximus
2073 3782 2307 3851 causa,
2347 3765 2674 3859 precipua
2712 3766 3068 3838 doloribus
3112 3767 3247 3837 tuis
3288 3767 3778 3839 consolationis

954 3897 1310 3980 unguenta
1346 3885 1810 3981 porrigentes,
1856 3886 1978 3957 tibi
2011 3886 2424 3958 mandamus
2466 3899 2546 3959 ut
2600 3911 2760 3960 cum
2803 3891 3117 3982 ejusdem
3158 3889 3281 3988 filii
3327 3891 3426 3962 tui
3468 3891 3776 3964 defuncti

952 4013 1148 4085 vivat
1178 4012 1249 4082 in
1281 4010 1500 4082 nostri
1539 4009 1767 4081 cordis
1806 4009 2091 4100 scrinio,
2131 4010 2340 4082 etiam
2377 4033 2587 4083 carne
2626 4012 3028 4105 deficiente,
3060 3995 3430 4104 memoria,
3463 4026 3534 4086 et
3571 4025 3776 4110 turpe

840 4130 844 4138 ’
954 4138 1043 4208 sit
1087 4136 1159 4206 in
1209 4134 1553 4229 prudente
1595 4134 1749 4205 viro
1789 4135 2279 4206 consolationis
2321 4135 2706 4207 remedium
2747 4147 3056 4231 prestare
3095 4138 3429 4210 lassitudo
3457 4136 3611 4234 (sic)
3640 4159 3782 4211 mo-

956 4260 1125 4334 dum
1152 4258 1525 4330 fundendis
1549 4259 1873 4351 lacrymis
1904 4260 2257 4353 adponere
2283 4260 2589 4350 studeas,
2624 4269 2695 4330 et
2719 4280 2998 4331 causam
3033 4261 3103 4331 in
3136 4261 3338 4332 nobis
3365 4261 3780 4335 consolatio·
3891 4245 3895 4250 ’

957 4384 1064 4454 nis
1095 4403 1435 4470 assumaS,
1468 4391 1603 4452 etc.
1641 4379 1700 4476 (l
1718 4379 1770 4475 ).

1029 4605 1096 4679 (l)
1133 4607 1211 4662 De
1238 4605 1427 4662 eodem
1454 4603 1634 4660 Turdo
1660 4604 1727 4660 de
1753 4606 2025 4675 Messana,
2057 4605 2102 4661 si
2135 4605 2262 4663 huic
2293 4605 2411 4663 viro
2436 4605 2573 4663 haec
2611 4606 2832 4680 epistola
2875 4623 3064 4665 revera
3097 4609 3262 4666 missa
3296 4608 3481 4681 fuerit,
3518 4608 3695 4682 agitur
3721 4609 3775 4666 in
