4525 6031
804 681 3259 1031 CONRADIQUARTI

1411 1149 1490 1206 m
1535 1147 2024 1213 nouamonun
2066 1147 2332 1207 nacci!
2376 1148 2652 1207 susc-n

1130 1376 1827 1486 HISTORIA
1903 1376 2927 1484 DIPLOMATICA.

1477 1701 2589 1756 *w

1385 1968 1610 2033 ΑΝΝΟ
1655 1968 1858 2032 1241.
1888 2002 1972 2017 -
2009 1969 2499 2035 INDICTIONE
2552 1970 2659 2035 14.

720 2392 1117 2477 Conradus
1187 2393 1269 2473 in
1341 2391 1864 2475 Romanorum
1936 2414 2193 2499 regem
2276 2388 2558 2472 electus
2638 2388 2815 2472 duci
2889 2389 2987 2472 de
3058 2389 3432 2503 Limhurg
3485 2462 3534 2506 n
3562 2408 3839 2518 fflm

611 2526 927 2609 mandat
960 2526 1167 2635 quod
1207 2524 1270 2606 si
1311 2524 1782 2608 Coloniensis
1830 2522 2112 2605 electus
2147 2530 2484 2604 castrum
2523 2522 2730 2630 apud
2764 2521 3148 2633 Remagen
3195 2524 3422 2607 aedi-

608 2658 834 2741 ficare
878 2657 1243 2761 voluerit,
1281 2655 1473 2738 illud
1512 2666 1672 2739 toto
1707 2679 1932 2762 posse
1966 2653 2357 2763 impediat.

772 2866 978 2944 (md.
1007 2864 1280 2942 (ἱππικῇ,
1309 2860 1447 2924 Cod.
1481 2859 1721 2941 diplom.
1750 2862 2047 2942 Mequnt„
2075 2867 2125 2921 t.
2157 2859 2242 2934 11,
2272 2876 2409 2938 pars
2433 2859 2529 2938 11,
2555 2877 2619 2938 p.
2642 2868 2785 2939 941,
2815 2878 2893 2922 ex
2920 2862 3341 2942 autographo.)

701 3052 1058 3128 conradus
1092 3050 1237 3124 divi
1268 3049 1543 3143 augusti
1579 3048 2011 3145 imperatoris
2054 3047 2384 3120 Friderici
2416 3045 2600 3119 filius
2619 3101 2640 3138 ,
2674 3049 2799 3120 Dei
2827 3051 3049 3142 gratia
3081 3052 3424 3128 Romano·

605 3200 763 3251 rum
794 3178 865 3249 in
902 3196 1140 3268 regem
1177 3175 1439 3246 electus
1469 3194 1745 3268 semper
1772 3181 2108 3264 augustus
2131 3171 2432 3243 etheree
2459 3172 2657 3263 regni
2681 3174 3063 3246 Jerusalem
3081 3229 3102 3266 ,
3139 3175 3301 3249 duci
3331 3177 3423 3251 de

604 3301 962 3390 Limburc,
1023 3295 1214 3369 fideli
1267 3305 1341 3368 et
1385 3295 1903 3388 consanguineo
1943 3314 2073 3367 suo
2093 3346 2113 3384 ,
2157 3293 2450 3386 gratiam
2501 3315 2701 3367 suam
2744 3305 2817 3368 et
2866 3317 3074 3370 omne
3124 3299 3415 3374 bonum.

602 3422 1041 3500 confidentes
1078 3420 1169 3493 de
1208 3429 1328 3492 tua
1369 3418 1788 3508 constantia,
1838 3438 2160 3510 rogamus
2199 3426 2464 3490 attente
2503 3427 2848 3513 quatenus
2887 3420 2947 3493 si
2996 3422 3421 3500 coloniensis

519 3635 526 3640 ⁴
603 3550 869 3622 electus
906 3544 1195 3639 aliquod
1238 3552 1541 3616 castrum
1585 3541 1775 3638 apud
1803 3540 2088 3633 Rimage
2135 3537 2245 3636 (4)
2284 3538 2607 3616 edificare
2645 3543 3087 3635 cogitaverit,
3130 3556 3212 3619 ut
3244 3547 3421 3621 illud

601 3670 941 3768 impedias
977 3677 1124 3741 toto
1159 3686 1388 3761 posse,
1427 3665 1608 3737 sicut
1639 3663 1930 3760 imperio
1962 3685 2038 3735 es
2067 3664 2415 3753 astrictus,
2452 3672 2524 3736 et
2552 3664 2983 3740 Gerhardum
3009 3667 3100 3744 de
3128 3669 3419 3747 Sinzche

602 3795 750 3867 sine
787 3803 908 3866 tuo
942 3802 1173 3864 tamen
1202 3790 1507 3885 dampno
1539 3787 1610 3858 in
1642 3786 1899 3860 nostris
1925 3786 2220 3878 negotiis
2244 3786 2507 3860 habeas
2529 3789 3119 3863 commendatum.

696 3920 948 3991 Datum
974 3914 1166 4011 apud
1193 3913 1348 3985 Hall
1371 3965 1391 4003 ,
1419 3911 1515 3985 XI
1547 3910 1959 4007 septembris
1976 3962 1996 4000 ,
2032 3910 2213 3982 XIIII
2236 3910 2656 3983 indictionis.

712 4356 1108 4440 Conradus
1169 4356 1251 4437 in
1312 4355 1831 4440 Romanorum
1893 4381 2150 4466 regem
2209 4356 2489 4439 electus
2543 4356 2952 4465 burgravio
3006 4360 3104 4442 de
3161 4360 3412 4442 Ham-
3470 4428 3523 4471 ι,
3551 4374 3828 4483 ,ffim

604 4487 1001 4594 merstein,
1044 4487 1662 4570 ministerialibus
1695 4497 1771 4570 et
1794 4487 2090 4595 imperii
2133 4486 2531 4596 fidelibus,
2584 4488 2902 4574 mandat
2942 4491 3152 4599 quod
3184 4491 3416 4600 {juxta

674 4752 747 4824 (⁴)
783 4751 998 4810 Sci¹ioet
1021 4753 1312 4826 Remaqen,
1350 4768 1515 4826 super
1535 4753 1762 4815 Renum.
1792 4752 1965 4810 tribus
1986 4753 2153 4810 leucis
2178 4755 2367 4810 Bunna
2393 4754 2619 4812 distans.
2688 4759 2711 4778 “
