4525 6031
1091 611 1220 674 924
2197 610 2823 676 AnanAMEN'rA.

1340 748 1417 810 ad
1454 748 1854 809 narrationem
1896 751 2211 827 pertinent.
2253 750 2384 811 Hoc
2421 750 2743 812 chronicon
2769 751 2926 811 inter
2960 750 3332 810 Hammeum
3365 746 3629 811 Placent.
3670 757 3728 813 et
3768 751 3926 812 Par·

1337 857 1558 915 merleia
1585 860 1874 918 recentius
1906 861 2066 935 typis
2091 858 2316 919 editum
2352 857 2534 919 fuisse
2568 859 2983 935 comperimus.
3026 858 3304 918 Nondum
3341 865 3541 919 tamen
3576 858 3725 920 illud
3764 861 3926 922 volu-

1339 978 1473 1021 men
1501 962 1577 1021 ad
1603 979 1818 1023 manus
1846 971 2076 1024 nostras
2103 961 2425 1042 pervenit.)

1196 1120 1402 1192 Anno
1447 1120 1723 1192 Domini
1774 1116 1993 1210 ⁴247,
2051 1122 2251 1216 pauci
2301 1122 2556 1193 milites
2606 1122 2694 1194 de
2741 1124 2985 1194 Parma
3010 1121 3276 1193 banniti
3305 1121 3771 1217 imperatoris,
3800 1123 3923 1216 qui

1100 1245 1509 1316 habitabant
1546 1246 1895 1317 Placentie
1943 1255 2014 1316 et
2064 1254 2265 1316 erant
2295 1245 2427 1317 viri
2469 1244 2773 1334 cordati,
2817 1246 3083 1317 robusti
3122 1254 3194 1317 et
3221 1246 3475 1333 forteS,
3507 1254 3580 1317 et
3610 1246 3701 1316 ad
3739 1244 3919 1316 bella

1098 1370 1516 1458 doctissimi,
1578 1378 1649 1440 et
1692 1379 1895 1441 erant
1936 1390 2174 1441 amaro
2228 1369 2464 1441 animo
2532 1378 2675 1440 tum
2722 1369 2888 1463 quia
2920 1369 3169 1442 domus
3196 1391 3439 1442 eorum
3462 1369 3814 1441 destructe
3849 1369 3921 1439 in

1097 1495 1381 1581 Parma,
1404 1504 1547 1565 tum
1564 1493 1726 1586 quia
1742 1493 1884 1564 vita
1908 1515 2210 1587 nequam
2244 1492 2640 1590 hospitandi
2679 1493 2768 1565 de
2803 1493 3011 1565 domo
3042 1494 3115 1565 in
3147 1492 3435 1565 domum
3478 1490 3709 1588 (erant
3735 1494 3919 1565 enim

1099 1619 1347 1689 exules
1382 1627 1453 1689 et
1489 1617 1799 1704 banniti,
1832 1627 1902 1689 et
1935 1617 2291 1689 habebant
2343 1618 2673 1689 familiam
2733 1618 3070 1710 grandem
3123 1627 3194 1689 et
3237 1617 3580 1690 modicam
3627 1619 3918 1713 pecunie

1097 1742 1595 1838 quantitatem,
1650 1764 1739 1812 ex
1772 1742 2123 1837 insperato
2156 1741 2341 1812 enim
2376 1743 2740 1814 exiverant
2770 1743 2858 1814 de
2890 1745 3133 1815 Parma
3161 1763 3250 1814 ne
3283 1742 3672 1814 involveret
3698 1753 3770 1813 et
3800 1762 3918 1812 ca-

1085 1876 1299 1962 ‚peret
1326 1863 1511 1962 eos),
1552 1875 1897 1936 venerunt
1937 1866 2026 1937 de
2063 1866 2412 1938 Placentia
2449 1876 2520 1939 et
2547 1867 2984 1938 intraverunt
3015 1869 3365 1956 Parmam,
3402 1876 3475 1939 et
3501 1867 3924 1961 expulerunt

1101 2002 1368 2085 partem
1404 1990 1837 2084 imperatoris
1867 1990 1979 2061 die
2002 1991 2125 2061 XV
2153 1991 2452 2062 intrante
2474 1991 2700 2082 junio.
2742 1990 2909 2062 Cum
2938 2001 3176 2062 autem
3189 1992 3278 2064 de
3298 1991 3645 2062 Placentia
3669 2011 3919 2085 perve-

1100 2116 1367 2186 nissent
1393 2114 1484 2185 ad
1519 2114 1752 2184 villam
1781 2114 2065 2204 Nuceti,
2122 2113 2192 2183 in
2239 2114 2547 2206 quodam
2600 2114 2796 2208 pinto
2829 2112 2932 2211 (a)
2970 2115 3370 2207 congregati
3431 2123 3503 2185 et
3553 2114 3800 2186 armati
3847 2115 3920 2184 in

1098 2239 1326 2331 equiS,
1355 2236 1746 2309 concionati
1770 2247 1933 2308 sunt
1959 2237 2053 2308 ibi
2084 2247 2154 2308 et
2187 2239 2550 2330 elegerunt
2569 2236 2931 2310 dominum
2962 2238 3274 2331 Ugonem
3300 2237 3389 2310 de
3415 2241 3669 2310 Sancto
3695 2239 3920 2309 Vitale

1099 2384 1303 2462 suum
1338 2362 1777 2455 capitaneum
1824 2372 1895 2431 et
1937 2361 2432 2431 vexilliferum.
2486 2362 2650 2433 Erat
2685 2372 2920 2434 autem
2948 2361 3044 2432 ibi
3077 2361 3402 2433 dominus
3431 2361 3804 2434 Ghibertus
3829 2361 3919 2434 de

1098 2485 1319 2556 Gente
1342 2538 1362 2574 ,
1396 2506 1690 2575 magnus
1717 2483 2165 2555 concionator
2203 2493 2275 2554 et
2301 2505 2597 2576 magnus
2628 2486 3054 2578 prolocutor,
3106 2484 3227 2577 qui
3267 2485 3364 2556 ait
3403 2511 3421 2555 z
3483 2511 3518 2550 «
3574 2485 3700 2556 Hic
3758 2507 3918 2557 cum

1107 2637 1141 2674 »
1178 2607 1473 2679 inimicis
1516 2607 1771 2679 nostris
1810 2606 2379 2698 congrediamur3
2432 2629 2678 2678 verum
2725 2607 3094 2678 Dominum
3120 2627 3613 2701 preponamus.
3658 2633 3695 2673 υ
3732 2608 3920 2678 Dixit

1097 2743 1330 2804 autem
1382 2731 1706 2803 dominus
1764 2731 2111 2802 Gerardus
2168 2730 2256 2802 de
2313 2730 2585 2803 Ancili:
2645 2758 2681 2797 «
2713 2731 3106 2802 Habeamus
3163 2729 3525 2804 audaciam
3578 2742 3651 2802 et
3703 2732 3919 2803 simus

1105 2885 1142 2924 υ
1179 2857 1402 2952 parati
1447 2865 1571 2927 aut
1604 2855 1842 2927 vivere
1875 2853 1972 2951 (b)
2000 2867 2121 2927 aut
2167 2855 2343 2928 mori
2389 2855 2682 2943 fortiter,
2731 2855 3061 2949 et‘nullus
3088 2856 3479 2928 retrocedat
3501 2864 3626 2926 aut
3659 2876 3919 2949 pavore

1106 3009 1141 3049 i>
1183 2981 1530 3053 formidet.
1571 2979 1907 3052 Dominus
1952 2979 2137 3050 enim
2179 2980 2250 3050 in
2298 2979 2591 3051 fortibus
2622 2979 2979 3053 dimicabit
3010 2988 3081 3052 et
3109 2978 3450 3051 auxilium
3481 3001 3687 3050 suum
3716 2980 3918 3053 vobis

1106 3133 1140 3172 »
1180 3106 1269 3178 de
1312 3107 1463 3177 celo
1509 3104 1889 3199 impendet.
1930 3104 2277 3175 »Talibus
2332 3104 2540 3197 igitur
2591 3103 3027 3175 sermonibus
3074 3102 3394 3192 animati,
3458 3114 3802 3189 venerunt
3848 3113 3918 3175 et

1098 3231 1415 3302 fecerunt
1443 3223 1773 3321 magnum
1805 3227 2098 3322 prelium
2129 3249 2288 3298 cum
2318 3237 2659 3322 potestate
2693 3236 2762 3299 et
2790 3227 3121 3299 militibus
3148 3228 3392 3300 Parme
3412 3281 3433 3318 ,
3463 3229 3554 3300 ad
3583 3229 3920 3319 Burghet·

1101 3365 1248 3426 tum
1276 3354 1364 3425 de
1396 3354 1574 3426 Taro
1606 3351 1723 3448 (c),
1767 3361 1838 3422 et
1864 3352 1959 3422 ibi
1991 3352 2486 3423 interfecerunt
2510 3361 2922 3446 potestatem
2958 3353 3235 3443 Parme,
3272 3352 3532 3423 scilicet
3557 3352 3915 3425 dominum

1099 3477 1472 3549 Henricum
1524 3478 1800 3547 Testam
1863 3475 1951 3546 de
2014 3475 2290 3567 Areti0,
2355 3476 2476 3568 qui
2522 3476 2653 3546 suit
2705 3485 2912 3548 notus
2951 3485 3023 3547 et
3061 3476 3324 3547 amicus
3354 3497 3552 3547 meus
3578 3486 3649 3547 et
3674 3498 3918 3549 omnes

1099 3602 1348 3673 fratres
1378 3600 1678 3671 minores
1710 3597 1948 3668 intime
1975 3597 2341 3691 diligebat,
2381 3610 2450 3669 et
2482 3598 2768 3669 militem
2803 3620 3006 3669 suum
3037 3598 3350 3670 similiter
3380 3599 3911 3688 interfecerunt,

1099 3736 1172 3798 et
1198 3725 1557 3796 dominum
1586 3721 2025 3793 Manfredum
2071 3723 2160 3793 de
2201 3724 2596 3794 Cornazano
2617 3777 2636 3812 ,
2688 3733 2760 3794 et
2790 3722 3149 3795 dominum
3175 3723 3525 3815 Ugonem,
3554 3722 3916 3795 dominum

1096 3846 1510 3939 Magnarotti
1551 3845 1641 3917 de
1680 3843 2232 3932 Vincedominis,
2269 3854 2340 3916 et
2367 3847 2601 3940 plures
2630 3845 2827 3917 alios.
2865 3846 2953 3916 Et
2980 3847 3108 3916 fuit
3138 3845 3233 3917 ibi
3260 3846 3661 3918 vulneratus
3688 3846 3914 3918 domi·

1098 3994 1232 4044 nus
1279 3969 1649 4042 Bartholus
1689 3968 2148 4039 Tabernerius
2172 4021 2191 4056 ,
2235 3968 2356 4061 qui
2402 3968 2579 4063 sugit
2607 3970 2701 4041 ad
2731 3970 3004 4041 Costam
3039 3971 3389 4042 Mezanam
3422 3992 3581 4042 cum
3621 3971 3913 4063 quibus-

1098 4096 1260 4168 dam
1299 4094 1440 4165 suis
1472 4092 1737 4163 amicis,
1781 4091 1870 4162 Et
1903 4101 2068 4162 tunc
2100 4090 2506 4163 Theutonici
2538 4092 2972 4187 imperatoris
3000 4093 3332 4165 dixerunt
3362 4094 3666 4166 bannitis
3702 4095 3918 4188 impe-

1095 4218 1345 4291 ratoris
1383 4244 1399 4288 :
1446 4244 1479 4283 «
1521 4216 1769 4288 Venite
1828 4215 1919 4286 ad
1979 4216 2296 4287 Parmam
2361 4225 2433 4287 et
2495 4217 2781 4311 capiatis
2840 4216 3192 4289 civitatem
3244 4240 3523 4307 secure,
3560 4218 3722 4311 quia
3770 4238 3913 4289 non

1103 4370 1139 4408 «
1185 4341 1585 4413 resistemus
1616 4338 1840 4412 vobis.
1886 4366 1920 4405 »
1959 4336 2048 4410 Et
2089 4339 2548 4412 incontinenti
2584 4349 2927 4412 venerunt
2958 4340 3069 4411 isti
3101 4340 3356 4413 milites
3388 4341 3793 4413 Parmenses
3822 4340 3916 4412 ab

1178 4516 1267 4597 (a)
1310 4517 1734 4578 verosimiliter
1756 4519 1951 4593 prato.

1173 4623 1256 4704 (b)
1302 4624 1722 4684 verosimiliter
1747 4621 1989 4682 vimen-e.

1181 4728 1258 4810 (c)
1309 4729 1381 4789 In
1409 4728 1609 4790 codice
1645 4727 1859 4802 Tauro,
1887 4726 2062 4787 male.
