4525 6031
1056 611 1179 674 856
1213 669 1218 674 .
1719 627 1724 632 ·
2100 617 2470 683 nonnam
2517 616 2821 695 ounnrt
3014 621 3027 674 .·
3497 604 3675 698 [Ax-5
3698 618 3878 682 uu.
3912 622 3923 678 ε

1060 745 1321 829 omnia
1358 747 1699 831 aedificia
1734 775 1932 860 quae
1984 752 2063 833 in
2121 764 2373 838 castro
2428 755 2525 836 de
2574 749 3053 862 oppenheim
3103 751 3701 857 aedificaverint,
3739 773 3882 862 pro

1060 878 1285 962 feodo
1319 884 1684 964 castrensi
1713 884 1791 964 in
1829 895 2277 994 perpetuum
2315 886 2705 996 possidere
2739 883 3093 968 debeant.

1223 1094 1475 1173 (heau.
1504 1114 1580 1157 ex
1618 1096 1876 1177 Copialb.
1925 1098 2190 1180 ορρωιι.
2216 1098 2446 1182 pmtq„
2475 1109 2542 1162 ιι·
2570 1108 2680 1176 ιο,
2709 1101 2773 1160 nn
2799 1098 2965 1160 arch.
2995 1099 3423 1162 carlsruhano.
3447 1127 3526 1145 -
3552 1099 3646 1161 ct.
3675 1061 3912 1191 uum]

1440 1203 1610 1283 ἐραν,
1656 1212 1834 1282 1837,
1864 1222 1926 1282 p.
1964 1207 2130 1284 138.)

1158 1388 1548 1478 conradus,
1589 1389 1734 1461 divi
1769 1391 2043 1483 augusti
2083 1390 2524 1486 imperatoris
2562 1388 2910 1462 Frederici
2950 1386 3169 1481 filius,
3214 1391 3344 1463 Dei
3379 1391 3601 1483 gratia
3633 1391 3889 1464 Roma-

1061 1531 1310 1585 norum
1359 1513 1432 1582 in
1487 1534 1723 1605 regem
1769 1515 2067 1605 electus,
2117 1534 2396 1609 semper
2434 1523 2772 1607 augustus
2829 1523 2901 1585 et
2961 1512 3166 1585 heres
3218 1509 3416 1606 regni
3474 1512 3881 1584 Jerusalem.

1003 1723 1015 1735 ⁰
1062 1619 1341 1708 Tenore⁴
1363 1638 1787 1731 presentium
1822 1648 2062 1709 notum
2098 1638 2388 1709 facimus
2414 1637 2759 1710 universis
2795 1647 2865 1709 et
2901 1637 3179 1732 publice
3211 1645 3675 1733 protestamur
3698 1636 3890 1728 quod

1061 1781 1191 1832 nos
1220 1761 1540 1832 omnibus
1571 1762 2035 1833 castrensibus
2067 1762 2157 1833 de
2188 1760 2625 1857 oppenheim
2658 1760 2981 1832 fidelibus
3008 1760 3263 1831 nostris
3295 1760 3503 1830 talem
3541 1758 3631 1830 de
3661 1759 3890 1853 pleni-

1065 1885 1307 1957 tudine
1351 1886 1561 1956 totius
1600 1886 1818 1957 nostri
1860 1886 2126 1958 consilii
2168 1886 2462 1977 gratiam
2517 1885 2848 1956 duximus
2909 1884 3339 1973 faciendam,
3405 1882 3598 1975 quod
3656 1884 3887 1956 omnia

1065 2007 1335 2083 edificia
1362 2029 1503 2102 que
1537 2008 2014 2081 edificavet-int
2042 2011 2115 2080 in
2136 2019 2365 2081 castro
2394 2017 2631 2080 nostro
2658 2008 3093 2104 oppenheim
3112 2062 3131 2099 ,
3164 2006 3336 2103 ipsi,
3368 2027 3631 2078 uxores
3648 2028 3890 2079 eorum

1063 2143 1135 2205 et
1173 2129 1470 2205 heredes
1527 2133 1813 2225 legitimi
1864 2133 1985 2226 qui
2031 2134 2123 2205 ab
2177 2133 2278 2204 eis
2319 2133 2792 2222 descendunt,
2846 2132 3183 2227 quamdiu
3228 2131 3535 2202 vixerint
3571 2140 3643 2203 et
3678 2129 3889 2204 fidem

1061 2258 1262 2329 nobis
1298 2268 1369 2330 et
1418 2257 1712 2352 imperio
1750 2257 2218 2347 servaverint,
2264 2254 2413 2352 ipsa
2453 2256 2722 2329 edificia
2755 2278 2800 2328 a
2827 2257 3032 2329 nobis
3060 2277 3187 2351 pro
3212 2255 3420 2327 feodo
3447 2257 3780 2327 castrensi
3818 2257 3891 2328 in

1061 2391 1477 2479 perpetuum
1518 2381 1822 2453 debeant
1857 2381 2238 2476 possidere.
2273 2382 2351 2451 In
2380 2380 2581 2473 cujus
2619 2379 2777 2452 facti
2807 2381 3023 2453 robur
3051 2389 3121 2451 et
3149 2380 3452 2451 futuram
3485 2382 3915 2452 memoriam·

1063 2523 1349 2601 presens
1379 2505 1713 2600 scriptum
1745 2501 1895 2576 fleri
1930 2514 1999 2576 et
2030 2482 2255 2596 sigillo
2284 2504 2499 2576 nostri
2529 2503 2848 2576 cuiminis
2876 2504 3165 2575 fecimus
3191 2503 3626 2575 commuhiri.

1159 2631 1410 2726 Datum
1442 2638 1513 2700 et
1537 2638 1770 2702 actum
1806 2629 1995 2724 apud
2009 2629 2544 2723 Hagenowiam,
2561 2647 2749 2700 anno
2771 2626 3045 2700 Domini
3063 2627 3432 2701 millesimo
3455 2627 3885 2718 CC.XLIIII⁰‚

1062 2753 1392 2827 vicesimo
1425 2763 1674 2826 octavo
1712 2752 1825 2826 die
1857 2753 2115 2825 mensis
2146 2748 2452 2825 octobris
2472 2805 2492 2842 ,
2530 2752 2907 2824 indictione
2942 2752 3169 2825 tertia.

2978 3050 3432 3061 ——ffl

687 3310 987 3412 amre..
1178 3308 1603 3413 ConraduS‚
1642 3307 1723 3388 in
1761 3306 2283 3388 Romanorum
2320 3326 2579 3411 regem
2611 3300 2928 3405 electuS‚
2969 3296 3431 3382 monasterio
3468 3289 3888 3377 Lucellensi

1072 3438 1397 3549 (Liitzel)
1434 3464 1669 3549 prope
1702 3436 2078 3518 Basileam
2110 3434 2489 3517 bonorum
2520 3431 3037 3542 quorumdam
3068 3427 3580 3514 venditionem
3609 3423 3887 3507 factam
3922 3420 3935 3433 '

1070 3570 1495 3681 confirmat.

1234 3788 1578 3867 (Memorat.
1614 3803 1712 3865 ap.
1751 3784 2046 3846 Bonma
2061 3826 2084 3859 ,
2121 3777 2347 3863 Reque.
2390 3781 2626 3861 imper„
2671 3773 3118 3841 Unam-eithara
3155 3771 3397 3851 swelce,
3428 3793 3489 3855 p.
3520 3768 3885 3841 LXXXVII,

1304 3912 1381 3957 ex
1409 3894 1758 3956 Bernardtni
1784 3887 2212 3973 Epitomefiut.
2244 3883 2493 3967 Lucell„
2524 3904 2588 3966 p.
2622 3892 2763 3948 106.

1164 4084 1415 4155 natum
1447 4081 1757 4172 Basilee,
1806 4100 1994 4151 anno
2018 4042 2297 4149 nomini
2328 4073 2830 4149 M.CC.xxxv
2859 4070 3043 4169 (leg.
3081 4070 3315 4144 uec.
3334 4064 3606 4164 πων),
3645 4034 3734 4137 111
3763 4063 3885 4136 de-

1067 4208 1399 4300 cembris,
1430 4208 1631 4279 tertia
1660 4204 2064 4277 indictione.
