4525 6031
685 612 890 670 rumor.
926 609 1015 685 1.]
1581 593 1977 668 msromA
2026 604 2622 667 ntrLoMA'rch.
3391 608 3513 670 843

782 742 1219 832 Chunradus,
1255 742 1401 814 divi
1434 744 1708 836 augusti
1756 742 2194 838 imperatoris
2226 742 2556 813 Friderici
2594 740 2812 831 filius,
2847 742 2971 813 Dei
3001 743 3223 833 gratia
3256 742 3510 816 Roma-

685 889 938 941 norum
993 868 1066 939 in
1128 888 1366 960 regem
1413 866 1711 958 electuS,
1763 889 2040 962 semper
2090 877 2426 959 augustus
2478 877 2548 938 et
2594 866 2796 938 heres
2847 866 3043 958 regni
3089 867 3505 959 Jerusalem,

684 991 1032 1063 universis
1066 989 1341 1085 imperii
1376 986 1739 1079 fidelibus,
1775 1000 2137 1085 presentes
2175 990 2440 1061 litteras
2483 989 2936 1084 inspecturiS,
2977 988 3279 1081 graciam
3311 1012 3508 1063 suam

685 1124 756 1187 et
780 1136 986 1187 omne
1025 1115 1318 1186 bonum.
1352 1115 1618 1186 Tenore
1647 1114 2084 1207 presencium
2115 1123 2360 1187 notum
2394 1135 2545 1185 esse
2576 1115 2899 1187 volumus
2935 1122 3007 1184 et
3043 1123 3511 1207 protestamur

683 1237 874 1331 qnod
916 1236 1270 1309 constituti
1317 1257 1552 1308 coram
1597 1238 1801 1308 nobis
1837 1238 2072 1309 nuncii
2120 1237 2622 1332 archiepiscopi
2671 1235 3228 1329 SalzburgensiS,
3272 1236 3507 1308 dilecti

679 1361 1014 1456 principis
1041 1360 1291 1450 nostri,
1330 1359 1784 1432 obtinuerunt
1816 1383 1943 1456 per
1973 1360 2391 1433 sententiam
2420 1360 2675 1432 exinde
2705 1361 2917 1433 latam
2952 1369 3024 1431 et
3057 1360 3147 1430 ab
3184 1361 3507 1432 omnibus

681 1485 1138 1579 approbatam
1172 1512 1189 1555 ι
1225 1483 1419 1576 quod
1450 1484 1745 1576 quilibet
1780 1484 2174 1557 infeodatus
2206 1484 2497 1556 ecclesie
2523 1476 3042 1576 salzburgensis
3071 1484 3186 1556 vel
3222 1485 3508 1556 alterius

680 1607 963 1680 feodum
1015 1629 1256 1697 suum,
1308 1607 1366 1677 si
1407 1628 1693 1679 necesse
1732 1608 1973 1698 fuerit,
2016 1630 2176 1679 cum
2225 1607 2594 1680 infeodatis
2643 1608 2955 1699 ejusdem
3010 1608 3336 1697 ecclesie,
3384 1608 3504 1700 qui

680 1752 803 1802 sue
844 1730 1260 1802 conditionis
1297 1729 1555 1801 fuerint
1587 1740 1658 1802 et
1690 1753 1832 1803 non
1877 1731 2064 1821 aliis,
2116 1732 2439 1803 evincere
2481 1733 2715 1803 valeat
2751 1741 2822 1803 et
2862 1732 3116 1804 debeat
3155 1732 3497 1826 optinere.

676 1851 789 1925 Ad
818 1852 1027 1945 hujus
1059 1853 1294 1947 itaque
1336 1853 1680 1925 sententie
1717 1855 1957 1944 robur,
1994 1864 2356 1948 presentes
2397 1844 2662 1926 litteras
2703 1852 2852 1926 fieri
2890 1864 2962 1926 et
3000 1855 3227 1947 sigillo
3264 1864 3502 1927 nostro

670 1977 1002 2068 jussimus
1036 1977 1476 2050 communiri.

773 2100 1025 2172 Datum
1058 2100 1345 2192 Hagin.,
1381 2102 1477 2173 XI
1508 2100 1872 2190 februarii,
1910 2100 2288 2172 indictione
2320 2102 2375 2171 1.

783 2647 1218 2752 Conradus,
1275 2648 1352 2727 in
1419 2648 1937 2731 Romanorum
1995 2675 2253 2760 regem
2310 2649 2631 2754 electuS,
2685 2675 2824 2757 pro
2871 2650 3108 2759 gratis
3170 2651 3492 2734 servitiis
3591 2681 3868 2782 ³333?

672 2778 973 2863 Ottonis
1037 2780 1337 2862 comitis
1402 2781 1498 2863 de
1552 2780 2079 2892 Ravensberg,
2135 2782 2574 2865 facultatem
2632 2782 2701 2866 ei
2752 2784 3099 2865 concedit.
3160 2783 3487 2868 liberum

667 2911 920 2995 forum
960 2914 1159 3022 apud
1200 2913 1500 3026 Bugklo
1535 2916 2072 2998 constituendi.

827 3127 1031 3205 (Edtd.
1063 3129 1136 3190 R.
1169 3130 1509 3208 Wumns,
1552 3127 1971 3209 Westsaliscltes
2003 3128 2483 3203 Urkundenbucle,
2514 3131 2637 3192 vol.
2668 3133 2782 3210 III,
2812 3150 2872 3210 p.
2907 3143 3049 3210 221,
3079 3146 3145 3195 n⁰
3172 3135 3341 3213 409.)

761 3316 1154 3406 ConraduS,
1203 3317 1348 3389 divi
1389 3319 1664 3410 augusti
1704 3319 2138 3413 imperatoris
2172 3320 2500 3392 Friderici
2536 3319 2756 3411 filius,
2792 3323 2920 3394 Dei
2966 3323 3187 3414 gratia
3235 3325 3485 3396 Roma·

660 3460 910 3512 norum
938 3440 1011 3511 in
1041 3462 1277 3533 regem
1307 3443 1597 3534 electuS,
1631 3465 1908 3538 semper
1937 3456 2276 3535 augustus
2305 3453 2376 3515 et
2406 3444 2611 3515 heres
2647 3446 2842 3536 regni
2872 3446 3479 3538 lherosolimitani,

660 3564 1004 3636 universis
1045 3565 1317 3660 imperii
1361 3565 1684 3637 fidelibus
1729 3577 2086 3660 presentes
2119 3568 2383 3638 litteras
2415 3568 2827 3662 inspecturis
2856 3571 3150 3661 gratiam
3183 3593 3377 3644 suam
3416 3587 3489 3644 et

660 3708 867 3760 omne
904 3689 1194 3761 bonum.
1235 3690 1503 3761 Tenore
1539 3690 1965 3783 presentium
1998 3701 2241 3762 notum
2281 3691 2569 3762 facimus
2601 3692 2943 3764 universis
2975 3695 3167 3788 quod
3207 3718 3335 3768 nos
3377 3697 3483 3767 in-

663 3820 936 3883 tuentes
985 3823 1184 3905 grata
1222 3813 1501 3885 servitia
1545 3835 1683 3906 que
1733 3813 1936 3884 nobis
1984 3813 2143 3884 Otto
2188 3835 2425 3885 comes
2465 3813 2554 3885 de
2602 3813 3098 3909 Ravensbergh
3146 3816 3484 3890 hactenus

659 3935 976 4008 exhibuit
1025 3947 1096 4009 et
1145 3937 1217 4008 in
1259 3946 1464 4009 antea
1505 3937 1839 4008 exhibere
1882 3937 2138 4031 poterit
2171 3937 2512 4028 gratiora,
2562 3938 2772 4007 talem
2823 3938 2886 4008 ei
2934 3940 3228 4030 gratiam
3272 3941 3480 4013 duxi-

656 4081 814 4132 mus
882 4061 1271 4132 t'aciendam
1336 4070 1416 4132 ut
1477 4060 1889 4132 auctoritate
1953 4060 2172 4132 nostri
2235 4059 2558 4131 culminis
2627 4059 2921 4130 liberum
2998 4063 3227 4134 forum
3291 4064 3483 4158 apud

655 4182 921 4276 Bugklo
980 4182 1084 4281 (l)
1139 4184 1606 4257 constituendi
1663 4184 1954 4255 liberam
2011 4183 2271 4254 habeat
2329 4183 2753 4256 facultatem.
2814 4183 2926 4256 Ad
2973 4183 3183 4275 hujus
3245 4185 3480 4278 itaque

653 4308 871 4398 gratie
910 4309 1318 4380 memoriam
1347 4309 1418 4379 in
1451 4319 1810 4402 posterum
1843 4307 2242 4397 valituram,
2279 4316 2640 4401 presentes
2673 4307 2938 4379 litteras
2966 4306 3116 4379 fieri
3153 4319 3224 4381 et
3255 4309 3480 4401 sigillo

655 4441 893 4503 nostro
922 4431 1216 4503 fecimus
1242 4432 1582 4504 roborari.

726 4712 802 4783 (⁴)
836 4710 1210 4770 verisimiliter
1229 4711 1416 4776 Boleoi,
1438 4711 1596 4784 juxta
1623 4709 1974 4767 Aschendorf.
