4525 6031
677 643 883 706 Inter.
913 643 1005 721 7.]
1565 635 1966 703 HISTORIA
2007 634 2599 700 nmonmrch.
3369 639 3494 709 885

1479 1107 1705 1178 Ammo
1757 1110 1961 1178 1249.
2002 1151 2083 1163 —
2118 1109 2609 1179 mmmmm:
2657 1111 2718 1178 7.

793 1496 1220 1603 Conradus,
1261 1496 1342 1581 in
1377 1495 1898 1584 Romanorum
1940 1527 2201 1612 regem
2247 1500 2570 1609 electus,
2611 1499 2926 1584 sculteto
2958 1507 3035 1582 et
3071 1499 3362 1583 civibus
3396 1497 3493 1585 de
3569 1513 3877 1612 gm-

686 1628 1055 1715 Solodoro
1090 1627 1407 1714 mandat
1439 1634 1647 1741 quod
1672 1634 2187 1744 praepositum
2214 1643 2294 1717 et
2325 1632 2744 1743 capitulum
2770 1631 3124 1716 ecclesiae
3152 1632 3493 1717 Solodo-

684 1762 928 1846 rensis
969 1774 1234 1846 contra
1291 1764 1817 1876 oppressiones
1870 1767 2384 1876 quorumdam
2435 1764 3042 1851 adversariorum
3092 1776 3497 1876 protegant

683 1904 759 1977 et
792 1904 1267 1980 conservent.

847 2109 1038 2189 (Edit.
1068 2127 1168 2190 ap.
1198 2107 1538 2175 Solonem.
1578 2105 2023 2194 wochmblatt„
2053 2130 2192 2175 ann.
2228 2121 2407 2193 1822,
2440 2113 2702 2193 ματα)

781 2297 1174 2390 Comedus,
1216 2298 1362 2373 divi
1401 2299 1678 2391 augusti
1716 2300 2149 2395 imperatoris
2186 2298 2515 2372 Friderici
2557 2297 2776 2390 filins,
2815 2297 2942 2372 Dei
2980 2301 3203 2392 gratia
3245 2302 3499 2374 Roma-

684 2442 935 2493 norum
970 2420 1044 2492 in
1075 2443 1311 2515 regem
1339 2424 1638 2514 electus,
1674 2444 1951 2518 semper
1984 2432 2321 2515 augustus
2355 2433 2428 2494 et
2460 2421 2665 2495 heres
2695 2424 2893 2515 regni
2926 2424 3494 2514 lerosolimitani,
3640 2403 3641 2406 ¹

685 2545 979 2620 sculteto
1020 2555 1092 2617 et
1132 2546 1403 2621 civibus
1437 2547 1529 2619 de
1564 2548 1860 2620 Solodro
1894 2546 2216 2620 fidelibus
2265 2547 2409 2619 suis
2448 2546 2743 2641 gratiam
2772 2568 2969 2620 suam
3004 2557 3076 2619 et
3121 2568 3327 2620 omne
3365 2549 3496 2622 bo-

685 2692 881 2742 num.
927 2670 1560 2765 Supplicationibus
1605 2671 2111 2745 venerabilium
2151 2671 2485 2767 prepositi
2534 2670 3012 2744 Solodorensis
3055 2680 3127 2743 et
3174 2673 3494 2766 capituli,

688 2793 1096 2866 dilectorum
1151 2790 1460 2865 fidelium
1514 2804 1947 2886 nostrorum,
2000 2793 2475 2867 favorabiliter
2532 2794 2877 2883 inclinati,
2927 2794 3017 2866 de
3067 2794 3498 2890 plenitudine

688 2917 905 2990 nostri
964 2917 1233 2990 consilii
1281 2918 1694 2990 mandamus
1742 2919 1941 2992 vobis
1988 2919 2398 2991 anctoritate
2455 2926 2745 3012 paterna
2797 2927 2870 2988 et
2921 2926 3158 2989 nostra
3212 2917 3502 2991 firmiter

687 3041 1148 3136 precipientes
1208 3051 1555 3137 quatenus
1605 3043 2195 3138 presumptionem
2264 3040 2725 3136 quorumdam
2787 3063 2884 3113 ex
2929 3042 3129 3114 vobis
3193 3043 3313 3136 qui
3358 3043 3501 3136 juri

687 3165 997 3261 predicte
1022 3164 1313 3237 ecclesie
1348 3165 1672 3238 videlicet
1702 3186 1777 3237 se
1808 3174 2206 3260 opponunt,
2244 3164 2653 3237 auctoritate
2678 3163 2895 3235 nostri
2930 3165 3250 3237 culminis
3279 3164 3501 3260 re'pri·

689 3300 984 3381 mentes,
1019 3287 1371 3384 predictos
1401 3289 1830 3384 prepositum
1872 3298 1945 3361 et
1994 3288 2376 3384 capitulum
2416 3308 2626 3383 super
2673 3287 2815 3360 suis
2861 3282 3257 3360 hominibus
3296 3290 3503 3382 juxta

692 3422 1003 3485 tenorem
1045 3411 1387 3508 privilegii
1431 3410 1690 3485 exinde
1738 3413 2073 3502 confecti,
2122 3413 2313 3507 quod
2356 3411 2561 3507 plene
2606 3412 3089 3507 perspeximus
3132 3422 3204 3484 et
3245 3432 3503 3508 appro-

690 3537 963 3628 bamus,
995 3535 1088 3608 ad
1114 3535 1481 3607 utilitatem
1505 3545 1868 3631 prenotate
1901 3536 2191 3609 ecclesie
2224 3536 2688 3626 conservetis;
2727 3544 2995 3607 tantum
3023 3536 3270 3609 facturi
3296 3556 3509 3632 super

690 3659 1042 3755 premissis
1072 3669 1152 3731 ut
1186 3659 1415 3732 eidem
1448 3659 1800 3754 preposito
1845 3671 1917 3732 et
1956 3660 2261 3756 capitulo
2304 3682 2447 3733 non
2501 3659 2707 3734 detur
2752 3669 2991 3732 cont-ra
3047 3681 3173 3734 vos
3214 3660 3504 3733 materia

691 3782 1191 3877 conquerendi.
1809 3796 1814 3801 ·

785 3909 1041 3980 Datum
1071 3907 1430 3999 Hagenau,
1464 3905 1712 3977 XXVII
1746 3906 2104 3998 februarii,
2136 3906 2432 4002 septima
2464 3908 2866 3980 indictione.

799 4442 1194 4526 Conradus
1208 4505 1234 4549 ,
1277 4444 1358 4527 in
1396 4447 1918 4532 Romanorum
1951 4470 2211 4559 regem
2246 4447 2527 4532 electus
2545 4507 2568 4554 ,
2611 4472 2751 4556 pro
2803 4446 3043 4558 gratis
3090 4444 3267 4535 fidei
3324 4476 3508 4534 me-
3584 4452 3913 4561 ⁸2:339

693 4570 857 4657 ritis
900 4570 1203 4659 Rudolfi
1239 4576 1335 4661 de
1368 4577 1822 4691 Habesburg
1863 4577 2272 4690 lantgravii
2305 4579 2638 4667 Alsatiae
2654 4638 2679 4685 ,
2718 4578 2787 4665 ei
2823 4579 3262 4666 theloneum
3307 4584 3512 4693 apud

693 4706 1213 4794 Vroudenowe
1249 4708 1767 4823 (Frendenau)
1805 4715 2175 4797 concedit.

850 4839 954 4903 VI.
997 4858 1109 4907 ιιι-ι
1127 4863 1173 4906 s.
3083 4857 3195 4911 112
