4525 6031
1803 581 2430 644 AnanAMENTA.
3413 583 3542 646 939

1929 862 2387 874 ———-————--—

1109 1111 1775 1199 DOCUMENTA
1842 1111 2384 1197 SUSPECTA
2454 1112 2641 1197 SEU
2713 1110 3117 1196 SPURIA.

814 1321 1242 1408 Fridericus
1262 1387 1285 1433 ,
1342 1324 1864 1409 Romanorum
1931 1325 2375 1434 imperator,
2443 1324 2823 1408 Matthaeo
2881 1323 3263 1431 Vulpillae
3332 1325 3539 1418 fideli

708 1479 854 1537 suo
910 1456 1160 1539 casale
1212 1457 1543 1539 Sabuchi
1597 1455 1675 1537 in
1729 1456 2105 1539 territorio
2164 1456 2743 1539 Calatanisettae
2769 1518 2791 1562 ,
2842 1458 3051 1566 quod
3111 1457 3542 1541 Alexander

708 1583 1046 1696 Vulpilla
1093 1590 1484 1697 quondam
1550 1615 1596 1670 a
1652 1614 1832 1697 rege
1886 1588 2296 1672 Guillelmo
2340 1588 2645 1698 juniore
2686 1601 3114 1698 acceperat,
3164 1591 3312 1675 sub
3359 1618 3538 1674 ser-

706 1717 888 1803 vitio
925 1720 1155 1803 unius
1192 1721 1457 1803 militis
1494 1720 1572 1802 in
1611 1732 2066 1830 perpetuum
2104 1722 2531 1804 confirmat.

871 1931 1070 2011 (Edid.
1089 1936 1517 2012 Mem-inuno,
1537 1932 1755 1996 Elenco
1772 1933 2056 2016 cronoloq.
2085 1932 2230 1996 delle
2248 1943 2376 1997 ant.
2391 1954 2661 2018 per-qam.
2684 1934 2838 1996 della
2860 1935 3046 1996 chiesa
3061 1935 3217 1997 della
3240 1939 3533 2020 Μαςίοηι,

947 2057 1010 2117 p.
1050 2048 1152 2101 26.
1185 2040 1377 2119 Sigilli
1405 2042 1599 2102 avulsi
1635 2041 1739 2102 fila
1773 2045 1958 2102 serica
1985 2043 2405 2102 tantummodo
2434 2050 2767 2118 supersunt.
2803 2044 2939 2103 Non
2978 2061 3050 2103 ex
3090 2046 3273 2120 ipsius
3301 2044 3539 2105 chartae

948 2152 1176 2221 tenore,
1210 2146 1313 2205 sed
1347 2163 1380 2205 e
1415 2150 1575 2207 notis
1612 2147 2041 2223 chronologicis
2065 2164 2221 2224 quae
2248 2150 2405 2207 inter
2431 2165 2494 2208 se
2522 2165 2644 2208 non
2672 2150 3036 2209 concordant
3062 2155 3120 2208 et
3146 2166 3179 2208 e
3202 2150 3376 2210 titulo
3399 2167 3537 2227 pro-

947 2253 1228 2312 tonotarii
1260 2251 1433 2312 Petro
1457 2254 1532 2313 de
1560 2252 1748 2313 Vinea
1770 2252 2082 2328 attributo,
2113 2269 2301 2328 quum
2328 2270 2445 2313 non
2474 2261 2612 2313 ante
2635 2270 2770 2314 ann.
2815 2262 2963 2314 1247
2994 2254 3107 2315 hoc
3144 2271 3363 2316 munus
3404 2271 3540 2316 sus-

949 2360 1190 2436 ceperit,
1219 2357 1647 2419 documentum
1677 2358 1851 2418 valde
1876 2365 2214 2436 suspectum
2236 2358 2580 2437 habemuS.)

803 2544 1231 2636 FridericuS‚
1265 2545 1395 2617 Dei
1426 2545 1651 2637 gratia
1689 2547 2158 2618 Romanorum
2200 2547 2578 2642 imperator
2619 2569 2896 2643 semper
2930 2560 3304 2641 augustuS‚
3344 2552 3538 2622 Jeru-

708 2669 923 2741 salem
979 2679 1050 2741 et
1102 2669 1332 2741 Sicilie
1380 2692 1534 2742 rex.
1597 2672 1727 2742 Per
1780 2691 2069 2765 presens
2117 2671 2558 2765 privilegium
2603 2681 2915 2742 nostrum
2961 2682 3206 2743 notum
3248 2674 3537 2744 facimus

705 2793 1050 2869 universis
1094 2791 1416 2865 fidelibus
1456 2793 1712 2864 nostris
1750 2803 1889 2864 tam
1932 2794 2375 2889 presentibus
2419 2815 2633 2887 quam
2674 2795 2924 2865 futuris
2968 2795 3159 2889 quod
3191 2797 3538 2868 Mattheus

705 2917 1007 3012 Vulpilla
1037 2915 1221 2988 filius
1257 2917 1613 3009 quondam
1648 2916 1946 3012 Philippi
1982 2918 2321 3012 Vulpille,
2368 2916 2593 2989 fidelis
2633 2928 2897 3007 noster,
2929 2920 3275 3011 majestati
3301 2931 3537 2992 nostre

709 3042 1067 3114 humiliter
1087 3042 1504 3137 supplicavit
1531 3052 1610 3113 ut
1635 3064 1794 3113 cum
1823 3042 2149 3114 dominus
2172 3065 2305 3115 rex
2324 3043 2710 3113 Willelmus
2731 3044 2968 3133 junior
2989 3044 3318 3116 memorie
3347 3065 3540 3116 reco-

709 3167 953 3257 lende,
1001 3165 1403 3237 karissimus
1438 3164 1898 3237 consobrinus
1936 3175 2198 3255 noster,
2242 3164 2517 3237 dederit
2560 3176 2630 3236 et
2675 3167 3093 3237 concesserit
3132 3166 3537 3238 Alexandro

708 3290 1011 3385 Vulpille
1052 3289 1401 3361 avunculo
1448 3311 1577 3360 suo
1618 3287 1974 3381 quoddam
2020 3291 2248 3360 casale
2294 3289 2484 3381 quod
2534 3288 2788 3361 dicitur
2831 3289 3166 3379 Sabuchi,
3215 3290 3423 3361 situm
3464 3291 3536 3359 in

709 3412 1055 3485 territorio
1128 3410 1669 3501 Calatanixette,
1728 3411 1908 3483 sicut
1954 3413 2162 3507 plene
2225 3411 2623 3483 continetur
2691 3411 2762 3482 in
2818 3412 3181 3506 privilegio
3245 3413 3538 3508 predicti

708 3535 974 3609 domini
1022 3536 1207 3629 regis
1247 3534 1597 3607 Guillelmi
1643 3536 1961 3608 confecto
2007 3536 2267 3607 exinde
2302 3535 2707 3607 Alexandro
2753 3535 3068 3630 predicto
3114 3545 3184 3607 et
3224 3536 3533 3624 indult0‚

707 3672 789 3731 ut
820 3670 1054 3732 nostre
1095 3659 1439 3751 majestati
1475 3659 1641 3731 satis
1673 3659 1880 3754 plane
1913 3659 2256 3749 constitit,
2299 3668 2370 3730 et
2404 3660 2632 3730 casale
2674 3658 2901 3753 ipsum
2944 3668 3179 3730 teneat
3213 3669 3284 3730 et
3318 3648 3570 3755 possi-⁵

701 3782 867 3855 deat
882 3785 1074 3877 justo
1104 3784 1340 3871 titulo,
1371 3782 1700 3855 videlicet
1732 3781 2121 3855 successive
2156 3802 2248 3853 ex
2275 3782 2727 3854 concessione
2760 3782 3009 3876 prefati
3028 3783 3361 3853 avunculi
3381 3783 3529 3873 sui,

710 3906 938 3979 casale
979 3906 1371 4002 predictum
1420 3905 1553 3977 sibi
1596 3915 1667 3977 et
1711 3904 2090 3977 heredibus
2136 3905 2279 3977 suis
2329 3905 2740 3977 confirmare
2790 3905 3160 3996 benignius
3213 3905 3529 3996 dignare·

706 4051 891 4101 mur.
922 4030 1066 4102 Nos
1111 4041 1347 4101 autem
1378 4027 1900 4101 considerantes
1922 4037 2122 4120 grata
2158 4027 2550 4100 devotionis
2586 4027 2918 4119 obsequia
2946 4027 3139 4120 quod
3168 4025 3321 4123 (sic)
3346 4029 3535 4100 idem

595 4204 598 4211 ,
709 4153 1027 4224 Matheus
1055 4152 1356 4247 Vulpilla
1386 4151 1610 4223 fidelis
1641 4162 1879 4222 noster
1910 4150 2245 4221 hactenus
2272 4150 2579 4246 prestitit
2599 4159 2669 4221 et
2692 4160 2955 4245 prestat
2982 4150 3260 4221 assidue
3288 4152 3540 4242 majes-

714 4275 839 4347 tati
872 4285 1107 4347 nostre
1144 4284 1216 4346 et
1261 4276 1489 4346 facere
1528 4274 1785 4368 poterit
1820 4270 1923 4369 (a)
1955 4272 2203 4343 melius
2240 4272 2311 4343 in
2349 4273 2692 4362 futurum,
2733 4272 2877 4344 suis
2917 4272 3539 4368 supplicationibus

711 4398 1048 4489 inclinati,
1084 4407 1543 4470 memoratum
1573 4397 1829 4488 casale,
1860 4406 2066 4491 prout
2092 4397 2164 4468 in
2198 4396 2561 4491 privilegio
2590 4397 3053 4469 concessionis
3080 4395 3245 4467 dicti
3274 4395 3539 4468 domini

714 4522 899 4615 regis
950 4521 1225 4617 plenius
1273 4531 1343 4593 et
1386 4522 1694 4616 apertius
1753 4520 2236 4613 distinguitur,
2291 4520 2521 4593 eidem
2575 4520 2849 4593 Matheo
2894 4520 3195 4615 Vulpilla
3262 4529 3333 4591 et
3397 4520 3540 4591 suis

798 4694 886 4776 (a)
927 4697 999 4756 In
1025 4698 1310 4773 impresso
1324 4696 1502 4776 petit.
