4525 6031
673 664 872 736 lanei.
905 648 1011 754 9.]”
1564 638 1959 732 ms'r'on'fa
2009 638 2604 735 nfi‘toifm'ca.
3382 644 3507 733 θοιἑ

672 810 765 882 ab
815 808 1093 899 eodem,
1129 800 1644 903 quemcumque
1674 805 1803 877 sibi
1833 800 2193 878 dominum
2226 818 2463 903 preter
2494 808 2912 905 prelibatum
2945 798 3304 880 dominum
3336 814 3501 881 nos-'

676 936 859 1006 t'rum
892 935 1184 1027 ejusque
1217 930 1437 1002 filium
1481 928 1873 1002 Conradum
1904 930 2030 1001 Dei
2060 931 2283 1023 gratia
2316 933 2782 1005 Romanorum
2817 934 2890 1003 in
2933 953 3167 1026 regem
3202 935 3502 1005 electum

676 1057 1048 1151 eligenteS,
1086 1077 1180 1130 ex
1216 1046 1381 1127 tunc
1418 1051 1550 1150 ipsi
1599 1053 1990 1126 reverendo
2030 1052 2211 1150 patri
2251 1056 2611 1129 Basiliensi
2654 1056 2981 1153 episcopo
3029 1057 3309 1150 suisque
3345 1064 3507 1129 suc·'

675 1176 1066 1255 cessoribus
1123 1191 1457 1273 tanquam
1498 1176 1798 1250 dominis
1843 1177 2096 1249 nostris
2140 1177 2442 1252 fideliter
2476 1180 2882 1252 curabimus
2918 1179 3287 1271 adherere,
3322 1174 3509 1252 nun-'

675 1327 888 1402 quam
946 1327 1076 1378 nos
1123 1302 1330 1376 alicui
1379 1302 1665 1375 domino
1709 1302 1842 1373 nisi
1891 1303 2249 1375 Basiliensi
2302 1306 2591 1377 ecclesie
2620 1304 3152 1394 submittentes;
3189 1304 3281 1377 ad
3314 1305 3509 1399 quod

677 1430 807 1502 uos
864 1440 936 1501 et
979 1448 1414 1501 successores
1451 1435 1726 1500 nostros
1768 1430 2020 1499 tenore'
2044 1428 2473 1523 presentium
2509 1429 2930 1525 obligatione
2972 1429 3507 1522 constringimus

675 1553 984 1627 litterali.

775 1678 1032 1751 Actum
1074 1674 1208 1749 seu'
1242 1672 1494 1749 datum'
1526 1694 1714 1747 anno
1751 1670 2027 1747 Domini
2070 1673 2324 1767 MCCL,
2377 1698 2617 1750 mense
2659 1677 3023 1751 novembri
3042 1731 3062 1769 ,
3112 1668 3509 1751 indictionis

679 1822 890 1877 none.

2205 1988 3079 1999 —————-—-———

785 2246 1198 2331 Riccardus
1259 2246 1359 2327 de
1416 2244 1921 2354 Montenigro,
1989 2262 2319 2352 magnae
2383 2244 2800 2353 imperialis
2851 2246 3106 2329 curiae
3141 2247 3511 2357 magister

676 2378 1159 2490 justitiariuS,
1200 2404 1357 2461 una
1392 2402 1570 2460 cum
1607 2386 1940 2487 quatuor
1974 2376 2317 2487 ejusdem
2354 2376 2610 2459 curiae
2640 2378 3027 2486 judicibus
3067 2379 3507 2489 Philippum

680 2514 1121 2596 Pactensem
1157 2511 1595 2620 episcopum
1634 2509 2183 2594 absolvendum
2223 2509 2769 2592 sententialiter
2795 2511 3132 2594 declarat
3159 2536 3205 2593 a
3234 2538 3510 2621 quaes-

680 2647 885 2729 tione
921 2647 1063 2755 ipsi
1115 2645 1505 2754 proposita
1551 2669 1687 2752 per
1743 2645 2197 2753 Gregorium
2236 2643 2694 2729 Mustacium
2751 2664 2979 2752 super
3032 2646 3509 2753 possessione

683 2777 955 2863 casalis
1006 2777 1396 2889 Synagrae
1432 2786 1507 2859 et
1541 2775 1916 2859 fructibus
1952 2775 2224 2858 casalis
2265 2774 2586 2858 Sanctae
2622 2775 2920 2858 Luciae.

846 2994 1053 3075 (mid.
1083 2994 1157 3055 R.
1185 2990 1398 3066 Ριιιιι,
1431 2989 1592 3054 Sicil.
1625 3008 1823 3065 sacra,
1850 2998 1899 3053 τ’.
1931 2992 2015 3070 11,
2044 2992 2460 3070 p.-77⁷-7·18.)

778 3182 858 3251 In
891 3178 1172 3251 nomine
1202 3175 1476 3247 Domini
1503 3174 1720 3247 nostri
1747 3176 1910 3247 Iesu
1941 3174 2214 3266 Christi,
2247 3197 2434 3247 auno
2461 3176 2551 3246 ab
2580 3175 3053 3247 incarnatione
3074 3178 3225 3268 ejus
3242 3171 3461 3250 MCCL
3481 3232 3499 3267 ,

683 3326 923 3378 mense
957 3301 1344 3375 decembris
1367 3353 1386 3389 ,
1426 3301 1523 3372 IX
1556 3298 1932 3370 indictione
1955 3353 1974 3389 ,
2006 3299 2389 3393 imperante
2424 3298 2708 3370 domiuo
2736 3309 2974 3371 nostro
3004 3299 3354 3373 Friderico
3383 3301 3507 3372 Dei

680 3429 903 3525 gratia
945 3425 1393 3498 invictissimo
1430 3426 1899 3497 Romanorum
1942 3423 2361 3517 imperatore
2395 3444 2670 3517 semper
2700 3433 2996 3515 augusto
3028 3433 3098 3494 et
3141 3422 3509 3516 magnifico

679 3543 1063 3627 Jerusalem
1097 3560 1168 3622 et
1195 3548 1425 3622 Sicilie
1446 3571 1636 3640 rege,
1670 3547 1939 3644 imperii
1965 3548 2115 3639 ejus
2135 3569 2323 3618 anno
2346 3545 2598 3637 XXXI,
2634 3547 2832 3639 regni
2858 3547 3237 3618 Jerusalem
3259 3549 3502 3638 XXVI,

684 3678 879 3772 reg'ni
906 3697 1078 3749 vero
1113 3673 1341 3746 Sicilie
1367 3673 1539 3763 LlIl,
1577 3671 1897 3761 feliciter,
1918 3693 2150 3742 amen.
2186 3673 2370 3743 Dum
2398 3693 2526 3741 nos
2552 3670 2927 3742 Riccardus
2955 3670 3044 3741 de
3071 3671 3507 3765 Montenigro

683 3824 936 3896 magne
964 3797 1342 3894 imperialis
1379 3794 1570 3868 curie
1599 3795 1926 3888 magister
1951 3791 2367 3888 justitiarius
2406 3793 2673 3865 dudum
2698 3792 2885 3888 apud
2917 3791 3214 3866 Melfiam
3243 3795 3508 3867 curiam

685 3940 1082 4015 tegeremus
1106 3972 1125 4008 ,
1158 3915 1627 3988 assidentibus
1655 3912 1855 4013 nobis
1879 3914 2182 3986 Roberto
2211 3912 2301 3984 de
2333 3914 2676 3984 Panormo
2695 3965 2714 4001 ,
2746 3910 3024 3983 Andrea
3057 3911 3147 3984 de
3178 3913 3408 4007 Capua
3439 3921 3509 3985 et

682 4043 1018 4119 Durando
1071 4041 1161 4113 de
1210 4038 1601 4110 Brundusio
1644 4038 1958 4131 ejusdem
2002 4037 2192 4109 curie
2231 4035 2624 4129 judicibus,
2658 4034 3009 4106 Iohannes
3040 4036 3307 4108 Gallina
3339 4024 3503 4130 pro-

683 4179 963 4243 curator
1025 4163 1288 4238 domini
1333 4163 1641 4254 Gregorii
1690 4162 2027 4252 Mustacii,
2068 4159 2261 4255 quod
2302 4157 2637 4248 constitit,
2693 4167 2936 4230 contra
2975 4158 3310 4230 Iacobum
3352 4149 3503 4230 Cle-

682 4294 903 4366 ricum
966 4297 1489 4387 procuratorem
1557 4284 1822 4358 domini
1886 4284 2184 4380 Philippi
2250 4281 2671 4355 venerabilis
2732 4281 3083 4354 Pactensis
3149 4281 3499 4378 episcopi,

683 4589 1032 4668 Mulnhusen,
1069 4593 1393 4664 Rinvelden,
1436 4591 1746 4662 Solothern,
1787 4592 1984 4662 Berne,
2025 4589 2247 4660 zurich,
2290 4588 2626 4647 Schal'husen
2648 4633 2662 4660 ,
2691 4589 2880 4645 scribit
2915 4594 2976 4645 ut
3002 4587 3217 4645 nuntios
3246 4588 3507 4646 ecclesiae

684 4699 741 4758 S.
771 4691 914 4755 Petri
935 4689 1354 4770 in'Columbaria
1379 4696 1603 4764 propter
1635 4687 1959 4746 discordiam
1992 4687 2131 4744 inter
2161 4701 2358 4761 papam
2394 4693 2451 4744 et
2491 4687 2869 4761 imperatorem
2905 4684 3337 4760 possessionibus
3376 4702 3507 4759 spo-

686 4797 841 4854 liatae
864 4793 1109 4852 etetiam
1136 4794 1526 4861 concrematae,
1558 4787 1833 4845 caritative
1863 4784 2146 4858 accipiant.

3633 2263 3822 2316 Fogsslte
3837 2291 3852 2316 ‚

3623 2318 3863 2362 decembri.
