4525 6031
979 686 1103 750 656
1983 686 2414 749 FRIDERICI
2455 686 2802 748 SECUNDI
3421 683 3585 761 [Arm.
3624 683 3803 750 1248.

3043 953 3390 968 ῳ

625 1212 799 1257 *⁸²⁶¹
1085 1206 1547 1316 FridericUS,
1589 1209 2106 1291 Romanorum
2139 1207 2580 1316 imperator,
2620 1206 2973 1290 comitem
3010 1204 3581 1309 Allemannum,
3621 1202 3796 1284 fra-

975 1348 1131 1467 tres
1185 1338 1351 1449 ejus
1395 1351 1469 1422 et
1502 1341 1844 1449 ipsorum
1893 1352 2281 1424 consortes
2320 1341 2417 1423 de
2460 1339 2821 1422 comitatu
2864 1338 3220 1422 Radicate
3269 1337 3570 1421 investit
3617 1361 3797 1418 cum

975 1471 1333 1566 omnibus
1368 1472 1876 1580 pertinentiiS,
1916 1473 2332 1583 privilegiis
2368 1482 2444 1556 et
2495 1472 2725 1556 etiam
2775 1496 2986 1554 mero
3031 1480 3107 1572 et
3156 1471 3391 1553 mixto
3442 1468 3788 1579 imperio.

1140 1687 1480 1762 (Memorat.
1507 1690 1718 1763 ‚potius
1744 1704 1925 1765 quam
1973 1688 2199 1748 editum
2237 1704 2336 1764 ap.
2375 1683 2609 1767 Beilaqe
2644 1705 2781 1747 zum
2819 1684 3031 1748 Archiv
3046 1683 3167 1765 sur
3202 1681 3414 1747 Kande
3439 1691 3643 1747 osteo-r.
3678 1683 3792 1747 Ge·

1209 1790 1627 1873 schwhtqueu„
1657 1790 2093 1865 Notizenblatt,
2129 1802 2315 1867 1852,
2346 1801 2413 1853 11θ
2444 1802 2551 1869 24,
2582 1810 2643 1870 p.
2678 1802 2818 1871 370,
2834 1810 2910 1854 ex
2936 1792 3486 1853 confirmationibus
3510 1775 3791 1852 Maximi-

1211 1899 1351 1959 llani
1379 1898 1438 1959 Il
1465 1905 1524 1960 et
1553 1900 1845 1977 Rodolphi
1876 1900 1936 1961 11
1970 1899 2045 1959 de
2068 1902 2245 1960 annis
2276 1908 2428 1960 1574
2456 1906 2517 1960 et
2547 1900 2871 1974 1585,11111
2898 1902 3076 1960 etiam
3106 1902 3447 1960 inseruntur
3472 1897 3788 1958 confirma·

1208 2007 1399 2066 tiones
1425 2007 1618 2067 Caroli
1644 2005 1675 2064 1
1704 2003 2148 2084 Andegavensis
2166 2005 2292 2066 dat.
2323 2005 2481 2083 apud
2507 2006 2811 2082 Neapolim
2835 2013 2906 2064 27
2933 2007 3193 2083 januarii
3221 2013 3398 2076 1280,
3420 2002 3790 2064 HenriclVII

1212 2111 1338 2172 dat.
1384 2112 1703 2171 Mediolani
1744 2120 1820 2171 28
1850 2112 2179 2172 decembris
2222 2119 2404 2185 1310,
2439 2117 2500 2171 et
2532 2111 2895 2188 sigismundi
2920 2111 3046 2172 dat.
3074 2110 3231 2188 apud
3257 2109 3419 2171 Chur
3452 2119 3520 2172 31
3553 2110 3789 2262 augusti

1214 2219 1417 2298 1418.)

1066 2403 1993 2504 [Fridericus,Romanorum
2011 2408 2415 2502 imperator,
2432 2416 2566 2478 etc.
2581 2461 2600 2498 ,
2616 2406 2939 2506 comitem
2959 2406 3476 2496 Allemannum,
3503 2406 3785 2477 fratrem

966 2531 1119 2623 ejus
1154 2552 1238 2602 ac
1279 2530 1450 2603 alios
1485 2531 1774 2603 comites
1822 2531 2150 2603 Radicate
2206 2539 2564 2602 consortes
2620 2531 2928 2625 ipsorum
2981 2530 3262 2601 investit
3310 2528 3398 2601 de
3452 2529 3784 2601 comitatu

961 2649 1290 2723 Radicate
1354 2661 1426 2723 et
1479 2651 1801 2724 omnibus
1870 2651 2304 2746 pertinentiis
2349 2659 2421 2721 et
2477 2650 3030 2745 possessionibus
3081 2649 3290 2742 hujus
3347 2669 3505 2720 cum
3558 2627 3780 2720 homi-

960 2773 1166 2845 nibus
1209 2783 1280 2845 et
1321 2775 1725 2869 privilegiis,
1782 2775 1963 2845 inter
2006 2795 2186 2867 quae
2239 2781 2665 2844 memoratur
2681 2768 2828 2868 J'us]
2865 2773 3215 2844 naturales
3253 2782 3326 2844 et
3355 2772 3782 2844 incestuosos

958 2872 1136 2969 filios
1182 2897 1640 2989 legitimandi,
1679 2897 1987 2969 notarios
2046 2906 2117 2968 et
2176 2897 2587 2969 tabelliones
2645 2897 2965 2987 creandi,
3005 2907 3254 2967 au'rum
3299 2906 3370 2968 et
3413 2905 3779 2988 argentum

957 3022 1263 3094 cudendi
1291 3032 1360 3094 et
1386 3024 1457 3093 in
1482 3024 1777 3095 formam
1804 3021 2098 3116 pecunie
2130 3021 2515 3114 redigendi,
2549 3017 2920 3118 [simulque
2953 3019 3340 3120 confirmat]
3364 3042 3603 3093 eorum
3637 3033 3779 3094 sta-

956 3153 1139 3237 tuta,
1195 3146 1498 3240 capitula
1544 3156 1615 3216 et
1665 3145 2144 3216 ordinamenta
2189 3144 2476 3237 antiqua
2520 3145 2704 3216 inter
2756 3166 2876 3217 eos
2921 3143 3284 3242 (comites)
3328 3147 3508 3218 facta
3564 3156 3634 3218 et
3688 3146 3776 3219 de

956 3278 1190 3340 cetero
1234 3266 1492 3358 fienda,
1542 3263 1640 3364 [et
1666 3263 1872 3363 infra]
1905 3288 2172 3337 merum
2220 3277 2293 3338 et
2340 3268 2637 3339 mixtum
2682 3268 3085 3363 imperium,
3115 3269 3667 3361 jurisdictionem
3705 3280 3776 3340 et

952 3390 1166 3483 gladii
1194 3400 1634 3484 potestatem,
1654 3390 1831 3462 sicut
1852 3389 2190 3461 hactenus
2215 3390 2612 3462 habuerunt
2642 3391 2732 3463 ab
2760 3392 3044 3487 antiquo
3051 3445 3393 3465 .....
3422 3393 3533 3466 Ad
3565 3393 3775 3485 hujus

954 3513 1189 3608 itaque
1233 3514 1698 3587 concessionis
1739 3525 1810 3586 et
1854 3515 2318 3609 exemptionis
2350 3517 2754 3589 memoriam
2796 3528 2867 3589 et
2910 3528 3316 3613 perpetuam
3345 3517 3767 3609 firmitatem,

950 3657 1240 3730 presens
1274 3637 1712 3731 privilegium
1750 3660 1881 3733 -per
1913 3639 1997 3708 D.
2038 3639 2126 3710 de
2157 3639 2467 3733 Ariliano
2504 3639 2596 3737 (Ρ)
2626 3641 2971 3713 notarium
3022 3652 3093 3713 et
3134 3640 3412 3714 fidelem
3454 3643 3657 3714 scribi
3702 3651 3774 3714 et

950 3760 1175 3853 sigillo
1210 3761 1588 3854 majestatis
1614 3773 1848 3833 nostre
1876 3762 2674 3855 jussimuscommuniri.

1045 3883 1297 3954 Datum
1341 3885 1671 3975 Vercellis
1719 3907 1844 3979 per
1892 3908 2141 3958 manus
2195 3888 2506 3978 magistri
2559 3889 2740 3959 Petri
2796 3889 2886 3960 de
2925 3889 3161 3961 Vineis
3201 3887 3354 3986 (sic)
3392 3890 3764 3985 imperialis

949 4008 1107 4079 aule
1138 4005 1238 4104 (a)
1271 4007 1774 4103 prothonotarii
1813 4018 1883 4081 et
1914 4010 2112 4102 regni
2144 4011 2362 4082 nostri
2394 4011 2621 4082 Sicilie
2650 4012 3001 4104 logothete
3034 4010 3162 4110 (b),
3200 4035 3385 4085 anno
3421 4013 3795 4095 dominice,

791 4180 809 4199 .
946 4131 1436 4204 incarnationis
1465 4133 1558 4205 M.
1590 4133 1711 4205 CC.
1739 4134 1955 4204 XLIX
1982 4131 2162 4230 (sic),
2200 4133 2576 4222 indictione
2609 4136 2930 4230 septima,
2969 4136 3166 4209 tertia
3195 4136 3308 4209 die
3333 4136 3759 4228 novembris,

945 4254 1329 4351 imperante
1376 4256 1659 4328 domino
1699 4266 1937 4329 nostro
1984 4257 2333 4330 Friderico
2386 4258 2513 4328 Dei
2557 4259 2775 4349 gratia
2826 4260 3293 4331 Romanorum
3344 4258 3762 4355 imperatore

944 4400 1218 4474 semper
1265 4390 1586 4472 augusto,
1642 4381 2074 4452 Hierusalem
2120 4392 2190 4452 et
2225 4380 2452 4452 Sicilie
2486 4403 2689 4475 rege,
2727 4383 2996 4478 imperii
3038 4382 3188 4475 ejus
3224 4403 3411 4455 311110
3446 4383 3758 4472 XXVIII,

943 4503 1141 4595 regni
1166 4503 1594 4574 Hierusalem
1622 4505 1870 4593 XXIII,
1911 4505 2105 4596 regni
2137 4505 2366 4576 Sicilie
2397 4506 2478 4595 L,
2513 4506 2824 4578 feliciter.
2862 4506 3112 4578 Amen.

986 4651 993 4657 ’
1024 4676 1106 4757 (a)
1150 4678 1224 4737 In
1255 4680 1537 4755 impresso
1564 4676 1857 4756 imperiali
1878 4680 2243 4751 auctoritate,
2276 4682 2451 4742 male.

1018 4782 1104 4863 (b)
1146 4783 1372 4845 Ibidem
1398 4779 1581 4843 locum
1609 4784 1876 4862 tenentis,
1906 4786 2079 4846 male.
