4525 6031
733 676 935 737 Ixnrcr.
968 676 1068 754 3.]
1619 675 2013 739 HISTORIA
2064 676 2658 741 DIPLOMATICA.
3428 670 3543 733 861

733 810 980 882 eadem
1017 810 1090 881 in
1130 830 1380 881 manus
1428 818 1663 882 nostre
1705 813 2132 885 celsitudinis
2163 812 2576 905 resignavit,
2626 810 2889 905 precise
2917 807 3331 879 renuncians
3361 806 3551 878 omni

726 933 867 1025 juri
899 933 1091 1027 quod
1123 933 1196 1003 in
1239 934 1503 1006 eisdem
1539 935 1742 1005 bonis
1780 936 1908 1007 sibi
1941 937 2194 1008 feodali
2221 937 2420 1008 titulo
2447 933 2918 1027 competebat,
2951 932 3044 1003 ob
3074 932 3200 1003 Dei
3230 933 3553 1001 reveren·

736 1057 902 1129 tiam
937 1068 1207 1150 gratam
1256 1057 1620 1150 habentes,
1672 1071 2008 1153 quantum
2060 1062 2131 1131 in
2168 1062 2371 1132 nobis
2422 1071 2526 1131 est
2567 1057 3005 1154 presentibus
3034 1054 3545 1127 confirmamuS.

731 1181 844 1254 Ad
888 1182 1098 1275 hujus
1135 1183 1368 1275 itaque
1415 1185 1517 1256 rei
1565 1187 1968 1258 memoriam
2009 1197 2368 1282 presentes
2423 1186 2685 1257 litteras
2727 1182 2876 1254 fieri
2918 1193 2990 1253 et
3044 1183 3268 1274 sigillo
3315 1191 3553 1252 nostro

725 1306 1058 1398 jussimus
1083 1308 1523 1380 communiri.

828 1433 1081 1503 Datum
1116 1429 1429 1524 Auguste
1451 1485 1472 1522 ,
1520 1453 1705 1504 anno
1742 1434 1960 1527 gratie
2004 1433 2453 1522 M.CC.XLV,
2490 1452 2729 1503 mense
2760 1431 2963 1520 maii,
3005 1431 3091 1501 111
3129 1428 3546 1502 indictionis,

847 2069 1271 2176 ConraduS,
1314 2070 1393 2149 in
1437 2067 1962 2153 Romanorum
1998 2095 2256 2177 regem
2294 2070 2608 2176 electuS,
2659 2069 3183 2153 Gottofredum
3220 2080 3296 2153 et
3333 2070 3552 2153 Con-

733 2201 1004 2283 radum
1045 2201 1143 2283 de
1178 2201 1618 2285 Hohenlohe
1654 2215 1897 2286 certos
1936 2203 2115 2286 facit
2157 2205 2366 2313 quod
2405 2230 2536 2287 eos
2572 2202 2787 2286 nullo
2826 2229 3169 2311 unquam
3214 2213 3557 2311 tempore

733 2333 1082 2443 gravabit
1152 2361 1380 2442 super
1440 2337 1915 2443 possessione
1987 2337 2215 2418 castri
2292 2336 2565 2447 Sciphe
2590 2397 2613 2440 ,
2692 2337 2899 2445 quod
2960 2335 3388 2419 Ludovicus
3461 2337 3557 2419 de

737 2465 1008 2577 Sciphe
1043 2468 1329 2550 eisdem
1364 2494 1503 2579 pro
1542 2470 1866 2552 emenda
1899 2479 1975 2553 et
2022 2468 2536 2552 satisfactione
2586 2468 3068 2551 contradidit.

900 2708 1169 2789 (Edider.
1208 2710 1701 2784 Hmssnmunn,
1738 2706 2098 2771 Landahoh.
2130 2706 2442 2784 Geschiclt„
2476 2728 2539 2787 p.
2577 2718 2718 2771 407.
2743 2740 2825 2754 -
2852 2709 3183 2784 Lunnwm,
3212 2705 3398 2789 Reliq.
3429 2726 3559 2769 ma·

977 2831 1200 2888 auser„
1224 2822 1273 2874 t.
1299 2815 1382 2893 11,
1404 2834 1466 2893 p.
1498 2815 1667 2894 226.)

835 3029 1226 3119 ConraduS,
1275 3030 1421 3101 divi
1455 3030 1732 3122 augusti
1760 3029 2196 3126 imperatoris
2221 3030 2550 3102 Friderici
2572 3029 2755 3101 filius
2774 3083 2793 3120 ,
2826 3030 2951 3101 Dei
2978 3030 3199 3121 gratia
3226 3030 3296 3100 in
3325 3052 3563 3122 regem

732 3155 1204 3226 Romanorum
1229 3154 1523 3243 electuS‚
1564 3175 1839 3248 semper
1863 3152 2200 3245 augustus
2239 3163 2309 3224 et
2332 3153 2536 3225 heres
2561 3153 2759 3245 regni
2783 3154 3163 3226 Jerusalem
3194 3164 3264 3225 et
3303 3154 3556 3227 Sicilie.

731 3276 863 3348 Per
901 3298 1193 3373 presens
1237 3278 1571 3371 scriptum
1609 3277 1701 3349 ad
1733 3277 2109 3349 modernos
2140 3278 2465 3373 protendi
2501 3277 2819 3371 cupimus
2849 3288 2918 3348 et
2951 3276 3044 3348 ad
3076 3277 3343 3349 futuros
3373 3278 3565 3371 quod

732 3422 892 3471 cum
915 3402 1121 3493 juxta
1147 3422 1433 3495 precum
1464 3400 1863 3471 instantiam
1888 3400 2216 3472 Friderici
2245 3401 2529 3471 illustris
2549 3401 2746 3473 ducis
2762 3401 3040 3472 Austrie
3059 3453 3077 3489 ,
3109 3399 3343 3471 dilecti
3371 3401 3562 3495 prin·

735 3523 907 3619 cipis
948 3534 1020 3594 et
1061 3524 1559 3616 consanguinei
1601 3525 1856 3614 nostri,
1901 3525 2294 3596 Ludovicus
2335 3526 2422 3597 de
2470 3525 2771 3619 Schiphe
2808 3525 3279 3618 gloriosissimi
3314 3529 3563 3598 Roma·

733 3669 985 3719 norum
1044 3648 1478 3744 imperatoris
1530 3648 1793 3720 domini
1847 3658 1919 3719 et
1962 3648 2297 3741 genitoris
2352 3650 2567 3722 nostri
2613 3650 2833 3742 gratie
2885 3651 3064 3721 soret
3114 3650 3558 3741 reformatus,

735 3772 1219 3844 assistentibus
1255 3794 1487 3844 coram
1518 3773 1718 3844 nobis
1750 3773 2155 3844 Gottofredo
2189 3783 2261 3844 et
2290 3774 2606 3845 Conrado
2635 3775 2961 3845 fratribus
2998 3775 3087 3846 de
3116 3774 3525 3846 Hohenlohe
3544 3828 3562 3861 ,

737 3893 1008 3965 dilectis
1047 3894 1373 3966 fidelibus
1415 3896 1670 3967 nostris
1692 3949 1710 3985 ,
1752 3918 2047 3988 quorum
2077 3896 2251 3969 fides
2277 3907 2348 3968 et
2384 3898 2632 3968 merita
2660 3919 2893 3969 coram
2926 3898 3297 3969 serenitate
3330 3910 3567 3970 nostra

735 4019 1139 4089 continuata
1167 4018 1539 4090 devotione
1570 4030 2032 4114 perornantur
2052 4073 2071 4108 ‚
2108 4020 2380 4092 devotis
2412 4015 2711 4116 [eorum]
2747 4020 3068 4114 precibus
3099 4021 3569 4092 favorabiliter

735 4151 1125 4211 annuentes
1146 4195 1165 4231 ,
1225 4151 1367 4212 tam
1409 4143 1599 4238 ipsos
1632 4165 1845 4236 quam
1872 4144 2178 4238 ipsorum
2215 4142 2510 4215 heredes
2537 4144 2844 4238 presenti
2870 4144 3126 4238 scripto
3156 4153 3380 4215 certos
3404 4146 3565 4216 red-

737 4263 903 4335 dere
947 4264 1306 4354 duximuS,
1364 4266 1556 4358 quod
1603 4288 1724 4339 eos
1782 4268 1977 4338 nullo
2018 4288 2330 4360 unquam
2385 4276 2698 4361 tempore
2752 4288 2844 4336 ex
2890 4267 3093 4337 nobis
3123 4267 3237 4336 vel
3269 4268 3568 4338 viventis

735 4388 1097 4479 cujusdam
1150 4388 1769 4483 supplicationibus
1818 4400 1936 4461 aut
1987 4390 2306 4479 inductu,
2361 4412 2488 4484 per
2544 4411 2786 4483 preces
2835 4391 2947 4461 vel
3007 4390 3441 4461 coercionem
3495 4391 3566 4460 in

735 4520 961 4583 castro
1012 4510 1263 4605 Sciphe
1314 4513 1426 4582 vel
1480 4512 1621 4583 suis
1675 4513 2218 4607 pertinentibuS,
2269 4536 2407 4607 que
2455 4513 2642 4584 idem
2691 4512 3084 4583 Ludovicus
3120 4535 3331 4607 super
3363 4513 3570 4585 illatis

739 4633 1011 4704 damnis
1061 4646 1133 4705 et
1164 4636 1432 4727 injuriis
1461 4637 1725 4708 eisdem
1759 4658 1886 4732 pro
1917 4638 2213 4709 emenda
2240 4649 2311 4709 et
2351 4637 2815 4709 satisfactione
2845 4659 2970 4730 per
3004 4658 3250 4708 manus
3278 4638 3569 4731 predicti

737 4755 1002 4827 domini
1034 4769 1105 4829 et
1135 4760 1470 4851 genitoris
1504 4761 1719 4832 nostri
1758 4761 2210 4851 contradidit,
2243 4762 2692 4855 gravabimus
2725 4770 2849 4831 aut
2879 4760 3317 4853 aliquatenus
3349 4762 3570 4833 offen-

894 4880 1002 4943 VI.
1041 4896 1153 4940 Pu·
1171 4899 1216 4941 2.
3179 4892 3292 4944 109
