4525 6031
937 640 1060 701 650
1939 643 2368 705 FRIDERICI
2420 646 2772 706 SECUNDI
3377 647 3544 724 [Ant.
3581 648 3760 710 1248.

931 776 1358 865 mercedem,
1378 797 1623 849 verum
1642 777 1848 849 etiam
1865 778 2031 873 ipsis
2065 779 2528 874 insuperabile
2556 780 3002 875 protectionis
3024 792 3093 851 et
3118 780 3540 853 defensionis
3565 784 3762 855 auxi·

933 901 1102 971 lium
1140 901 1211 971 in
1248 902 1442 973 nullo
1481 902 1580 972 eis
1617 901 2018 972 defuturum
2050 903 2344 975 articulo
2376 905 2814 998 pollicemur;
2854 925 3010 975 cum
3047 904 3331 996 dignum
3368 905 3458 976 sit
3490 927 3609 978 eos
3641 908 3761 1000 qui

930 1024 1022 1097 ad
1059 1025 1487 1119 propositum
1530 1026 1850 1096 omnibus
1896 1026 2157 1097 bonum
2212 1027 2414 1121 primi
2442 1015 2926 1122 precurrerent
2950 1036 3020 1097 et
3046 1026 3386 1120 preduces
3418 1029 3753 1119 aliorum,

930 1148 1314 1242 potioribus
1364 1159 1759 1220 eternorum
1812 1159 1883 1219 et
1929 1150 2410 1243 temporalium
2454 1150 2736 1242 premiis
2784 1149 3156 1244 preveniri.
3201 1151 3345 1222 Nec
3384 1162 3760 1223 vereantur

931 1271 1029 1341 illi
1066 1272 1187 1365 qui
1220 1293 1295 1342 se
1333 1272 1752 1363 subJecerint
1785 1272 2115 1344 mandato
2150 1272 2388 1343 matris
2412 1272 2718 1344 Ecclesie
2748 1273 2817 1342 in
2847 1273 3160 1365 ejusdem
3190 1273 3267 1344 F.
3310 1274 3424 1345 vel
3459 1272 3760 1346 filiorum

931 1396 1082 1487 ejus
1111 1373 1491 1468 dominium
1522 1419 1596 1467 se
1632 1397 1794 1467 ullis
1823 1397 2248 1490 temporibus
2282 1396 2742 1487 reducendoS,
2776 1418 2935 1466 cum
2968 1417 3209 1467 eorum
3244 1397 3630 1469 libertatem
3661 1397 3760 1468 eis

930 1530 1009 1590 ut
1039 1519 1298 1592 dictum
1337 1530 1443 1591 est
1482 1520 2021 1614 impendendam
2059 1541 2101 1591 a
2130 1519 2332 1591 nobis
2380 1518 2756 1591 defendere
2797 1520 2944 1590 Deo
2972 1521 3264 1611 juvante
3305 1521 3464 1591 totis
3493 1520 3761 1592 viribus

928 1644 1394 1715 intendamus,
1442 1644 1630 1714 Licet
1669 1644 1855 1714 enim
1902 1644 2105 1715 dolus
2151 1644 2303 1736 ejus
2343 1643 2726 1715 tenebrosis
2762 1643 3123 1714 fraudibus
3166 1643 3554 1732 institutuS,
3587 1644 3754 1746 dum

930 1768 1093 1839 olim
1126 1767 1466 1838 bonarum
1506 1768 1891 1861 specierum
1925 1768 2250 1862 ymagine
2277 1777 2651 1859 tegeretur,
2672 1767 3044 1862 puritatem
3068 1767 3373 1838 Ecclesie
3395 1767 3756 1839 ambulan-

930 1892 1016 1963 tis
1047 1893 1118 1962 in
1152 1894 1306 1962 luce
1339 1913 1503 1986 sepe
1532 1891 1887 1982 deluserit,
1925 1891 2055 1962 sub
2081 1891 2374 1962 mentito
2405 1890 2595 1985 pacis
2622 1892 2862 1962 osculo
2894 1890 3222 1961 membris
3262 1892 3411 1983 ejus
3447 1913 3754 1963 morsum

929 2015 1210 2086 lesionis
1256 2003 1730 2105 infigens,'sic
1780 2024 2012 2086 tamen
2051 2017 2197 2107 jam
2246 2014 2547 2086 innotuit
2593 2015 2867 2086 detecta
2913 2015 3213 2086 nocendi
3256 2015 3648 2106 malignitas
3682 2016 3753 2086 in

926 2150 1209 2211 versuto
1268 2150 1339 2210 et
1388 2139 1879 2233 supplantandi
1923 2138 2227 2209 versutia
2284 2139 2355 2209 in
2406 2139 2710 2230 maligno
2759 2138 2947 2231 quod
3007 2137 3097 2209 de
3150 2147 3382 2210 cetero
3436 2138 3754 2210 eamdem

925 2263 1300 2335 Ecclesiam
1339 2284 1550 2355 quam
1588 2261 2044 2332 reddiderunt
2077 2261 2561 2354 preteritorum
2595 2282 2880 2332 casuum
2915 2261 3392 2354 experimenta
3437 2260 3754 2332 cautissi-

926 2408 1139 2478 mam,
1159 2387 1300 2457 ulla
1331 2384 1710 2479 penitentie
1739 2382 1952 2473 fictio,
1986 2384 2126 2453 ulla
2151 2382 2557 2455 humilitatis
2584 2383 2931 2454 simulatio
2955 2384 3192 2453 fallere
3208 2404 3347 2453 non
3371 2383 3756 2471 valebit,ut

922 2511 1122 2581 ruina
1158 2518 1542 2604 prostratus
1579 2508 1668 2579 de
1701 2507 2002 2578 culmine
2026 2506 2402 2601 imperialis
2430 2517 2500 2578 et
2528 2507 2699 2598 regii
2729 2507 3155 2601 principatus
3180 2507 3417 2600 aliquo
3444 2507 3755 2579 remedio

921 2634 1014 2706 ad
1051 2632 1415 2728 pristinum
1453 2632 1700 2703 solium
1731 2640 2116 2724 reparetur.
2138 2631 2406 2701 Scimus
2438 2630 2696 2724 quippe
2725 2630 2916 2722 quod
2949 2630 3020 2700 in
3053 2651 3490 2701 communem
3517 2652 3755 2702 casum

924 2767 1325 2849 resurgeret·
1361 2777 1571 2848 quem
1611 2754 1782 2846 justi
1825 2753 2071 2845 judicii
2123 2774 2417 2824 censura
2468 2753 2755 2846 dejecit,
2807 2775 2938 2825 nec
2988 2764 3220 2848 posset
3252 2754 3458 2824 statui
3491 2754 3753 2847 absque

922 2879 1368 2951 destitutione
1394 2879 1770 2949 multorum
1804 2888 1872 2947 et
1899 2877 1969 2946 in
2000 2876 2357 2970 proprium
2385 2877 2746 2948 moliretur
2775 2876 3064 2948 exitium
3092 2878 3402 2970 quisquis
3430 2898 3752 2972 reparare

924 3012 1292 3098 temptaret
1322 3002 1632 3074 omnium
1667 3001 1879 3072 exitia
1914 3001 2340 3074 molientem.
2380 3002 2669 3096 Propter
2704 3001 2894 3096 quod
2943 3001 3032 3075 de
3074 3002 3400 3075 cordibus
3440 3001 3752 3075 fidelium

920 3129 1145 3200 omnis
1167 3128 1487 3198 hesitatio
1519 3126 1949 3197 titubationis
1973 3119 2306 3198 abscedat
2328 3148 2503 3220 quos
2532 3126 2717 3197 idem
2747 3127 2822 3197 F.
2853 3126 2942 3199 de
2973 3149 3097 3198 sue
3125 3127 3219 3199 ad
3240 3126 3575 3198 honorem
3601 3148 3755 3221 per-

919 3252 1145 3324 ditum
1198 3249 1772 3321 reconciliationis
1799 3249 2125 3343 opinione
2159 3250 2549 3343 suspendit,
2585 3251 2747 3343 quia
2775 3251 3116 3343 judicium
3147 3251 3271 3322 Dei
3303 3251 3494 3343 quod
3528 3250 3599 3320 in
3638 3272 3749 3322 re-

919 3375 1396 3469 probationem
1443 3373 1660 3467 ipsius
1701 3373 1789 3444 de
1830 3373 2069 3444 celesti
2112 3373 2360 3445 throno
2397 3396 2523 3468 per
2567 3396 2646 3445 os
2682 3374 3094 3446 universalis
3123 3375 3431 3447 Ecclesie
3464 3374 3747 3470 prodiit,

919 3499 1152 3591 aliqua
1182 3497 1485 3568 humane
1518 3496 2051 3590 dispensationis
2085 3496 2436 3569 miseratio
2475 3519 2619 3570 non
2664 3498 2961 3569 mutabit
2994 3508 3074 3569 ut
3114 3499 3413 3594 amplius
3455 3509 3754 3591 exurgat

917 3623 1030 3694 vel
1065 3629 1378 3711 resurgat
1411 3621 1504 3692 ad
1537 3620 2048 3713 imperatoriam
2092 3642 2216 3691 seu
2265 3621 2525 3713 regiam
2577 3624 3040 3713 majestatem.
3082 3622 3283 3695 Absit
3319 3623 3504 3694 enim
3548 3631 3630 3693 ut
3676 3622 3760 3694 in„

918 3746 1177 3840 populo
1228 3732 1601 3816 christiano
1644 3755 1994 3838 sceptrum
2040 3744 2391 3836 regiminis
2424 3745 2713 3817 ulterius
2747 3756 3028 3818 maneat
3073 3745 3263 3841 apud
3298 3746 3494 3817 illum
3529 3747 3644 3837 vel
3676 3746 3751 3818 in

917 3870 1268 3964 vipeream
1304 3870 1455 3961 ejus
1481 3869 1935 3963 propaginem
1976 3870 2452 3959 transferatur,
2491 3890 2702 3962 quem
2743 3870 2923 3941 adeo
2965 3870 3309 3941 felicitatis
3353 3890 3476 3940 sue
3523 3880 3752 3942 tumor

915 3992 1183 4063 inflavit
1208 3992 1398 4085 quod
1431 3992 1629 4085 quasi
1663 3992 1919 4063 oblitus
1940 4012 2032 4062 ex
2049 3990 2447 4063 hominibus
2475 3984 2549 4063 se
2575 3993 2785 4065 fuisse
2812 3993 3254 4087 progenitum
3283 3993 3752 4064 inhumaniter

913 4118 1079 4189 furit
1120 4117 1189 4187 in
1237 4115 1591 4205 homineS,
1644 4137 1819 4209 quos
1863 4116 2082 4187 ferina
2121 4115 2313 4187 rabie
2347 4117 2697 4211 perimens
2724 4127 2802 4187 ut
2825 4139 2994 4189 oves
3028 4139 3378 4205 escarum,
3416 4117 3487 4186 in
3522 4116 3748 4210 ipsum

915 4241 1199 4312 effertur
1230 4240 1679 4311 humanitatis
1710 4250 2066 4311 auctorem
2099 4240 2299 4331 cujus
2330 4240 2701 4334 imaginem
2735 4241 2805 4311 in
2838 4240 3145 4311 humana
3177 4240 3471 4334 despicit
3502 4250 3572 4310 et
3605 4240 3748 4311 dis-

913 4365 1095 4459 sipat
1111 4372 1344 4435 creatu
1353 4384 1454 4453 ra3
1470 4363 1955 4457 propterquod
1969 4385 2059 4455 qu
2067 4363 2391 4455 icumque
2396 4364 2424 4454 j
2431 4364 2735 4434 ustitiam
2746 4363 3004 4456 diligit,
3018 4363 3326 4456 gaudere
3338 4361 3755 4454 debetquod

913 4489 986 4559 in
1019 4487 1290 4559 hostem
1320 4487 1632 4557 omnium
1660 4468 1765 4557 est
1782 4507 1907 4580 pro
1931 4487 2256 4558 omnibus
2267 4486 2695 4559 vindicatum
2717 4496 2788 4558 et
2806 4488 3042 4559 lavare
3057 4507 3306 4558 manus
3324 4485 3398 4556 in
3416 4484 3751 4577 sanguine

913 4616 1322 4708 peccatoris.
1361 4613 1541 4684 Ecce
1572 4608 1884 4681 misimus
1922 4610 2072 4701 tibi,
2108 4610 2202 4682 fili
2237 4610 2737 4704 misericordie,
2779 4613 3011 4685 oleum
3053 4634 3195 4705 quo
3237 4609 3619 4683 demulceri
3656 4608 3751 4681 ad

912 4737 1380 4810 obedientiam
1411 4736 1708 4807 humiles
1750 4744 1821 4806 et
1861 4734 2100 4807 vinum
2138 4736 2527 4809 severitatis
2562 4758 2704 4830 quo
2740 4736 3115 4833 compungi
3160 4735 3467 4808 debeant
3500 4744 3749 4807 contu-
