4525 6031
671 677 874 739 m.
908 675 1001 751 7,]
1563 669 1956 734 msrottm
2003 666 2599 730 munumina,
3377 674 3496 738 715

666 808 979 883 ninum
1021 804 1404 878 marchiam
1434 813 1507 876 et
1539 804 1870 877 ducatum
1901 803 2353 899 Spoletanum
2399 802 2829 894 constitutis,
2870 813 3005 875 etc.
3052 805 3499 881 Incumoente

664 931 871 1006 nobis
899 927 1348 1004 miltitudine
1381 926 1819 1020 negotiorum
1852 927 2218 998 innumera
2245 927 2747 1020 profundarum
2780 927 3106 1000 nimirum
3137 930 3498 1021 cogitatio·

664 1076 838 1128 num
879 1053 1217 1126 varietate
1257 1050 1742 1154 distrahimur,
1788 1060 1861 1122 et
1894 1071 2039 1143 quo
2072 1049 2296 1141 magis
2330 1071 2460 1122 nos
2501 1051 2824 1123 omnibus
2866 1051 3259 1147 impositum
3298 1055 3500 1128 nobis

664 1177 1093 1271 apostolatus
1145 1175 1451 1249 officium
1499 1173 1857 1247 constituit
1894 1174 2287 1262 debitoreS,
2337 1194 2423 1245 eo
2470 1173 2800 1245 attentius
2845 1175 3028 1244 circa
3073 1178 3498 1267 emergentia

667 1299 979 1393 undique
1006 1298 1280 1390 agenda
1311 1319 1441 1370 nos
1465 1297 1795 1370 convenit
1824 1297 2140 1389 vigilare.
2171 1294 2370 1368 Unde
2401 1296 2566 1390 quia
2591 1307 2901 1370 nostram
2931 1298 3140 1370 simul
3173 1299 3244 1370 in
3275 1300 3501 1373 diver-

666 1423 760 1494 sis
790 1422 958 1494 locis
983 1421 1421 1514 nequivimus
1457 1420 1876 1516 presentiam
1913 1419 2278 1508 exhibere,
2313 1419 2404 1491 ad
2442 1419 2560 1492 illa
2595 1419 2665 1490 in
2703 1421 2958 1513 quibus
2994 1443 3138 1493 non
3183 1444 3500 1496 assumus

661 1546 1147 1641 personaliter,
1180 1567 1271 1617 ne
1318 1544 1391 1616 in
1422 1543 1525 1617 eis
1570 1543 1929 1636 vigilantia
1969 1553 2205 1614 nostra
2244 1542 2470 1633 desit,
2511 1564 2845 1637 personas
2884 1544 3175 1617 idoneas
3208 1557 3497 1640 pensata

665 1670 961 1744 discrete
993 1669 1326 1763 qualitate
1354 1669 1788 1761 agendorum
1811 1668 2264 1756 destinamus,
2295 1690 2425 1763 per
2453 1689 2572 1741 eas
2599 1668 2858 1740 ibidem
2882 1670 3258 1763 apostolice
3284 1672 3498 1744 servi-

664 1795 830 1866 tutis
852 1793 1169 1866 debitum
1193 1793 1627 1864 exolventes·
1650 1792 1909 1863 Verum
1926 1791 2097 1885 quia
2121 1791 2194 1862 in
2215 1792 2665 1884 negociorum
2710 1793 3125 1864 executione
3151 1797 3494 1888 majorum

664 1916 1053 1989 sollicitudo
1081 1915 1304 2007 major
1325 1914 1655 2006 exigitur,
1693 1935 1817 2009 pro
1838 1914 2278 1986 arduioribus
2301 1937 2460 1986 cum
2488 1916 2691 1986 nobis
2725 1915 3136 1990 incumbunt
3162 1941 3495 2013 personas

662 2039 984 2132 eligimus
1013 2037 1359 2134 potiores,
1394 2038 1666 2130 aliquos
1690 2036 1783 2110 ad
1811 2058 1897 2109 ea
1935 2037 2242 2130 gerenda
2290 2037 2378 2111 de
2410 2048 2649 2111 nostro
2679 2040 2896 2111 latere
2931 2041 3486 2117 transmittendo.

663 2164 841 2235 Sane
880 2162 1061 2233 inter
1097 2162 1232 2234 alia
1273 2160 1759 2233 desiderabilia
1806 2160 2033 2233 cordis
2075 2161 2292 2232 nostri
2339 2162 2687 2232 salubrem
2737 2171 2807 2233 et
2852 2183 3258 2258 prosperum
3292 2167 3491 2260 regni

662 2285 886 2358 Sicilie
908 2294 1165 2357 statum
1184 2283 1576 2378 specialiter
1594 2283 2019 2373 affectantes,
2047 2293 2315 2356 attento
2337 2284 2571 2355 animo
2590 2293 2662 2356 et
2676 2295 2908 2357 mente
2927 2286 3116 2379 vigili
3133 2288 3486 2362 affectavi-

657 2427 813 2480 mus
844 2407 1186 2480 bactenus
1219 2416 1301 2477 ut
1333 2406 1422 2479 de
1454 2406 1856 2501 multiplicis
1893 2406 2356 2478 tribulationis
2395 2407 2734 2498 angustiis
2767 2410 3026 2501 quibus
3064 2411 3490 2486 incessanter

660 2531 1010 2623 affligitur,
1050 2531 1141 2603 ad
1173 2539 1407 2625 optate
1435 2539 1670 2625 posset
1701 2530 2174 2625 prosperitatis
2205 2530 2452 2602 solatia
2483 2530 2722 2603 divina
2758 2533 3035 2605 favente
3083 2533 3339 2607 virtute
3370 2557 3484 2609 re-

660 2653 847 2744 duci,
882 2665 953 2726 et
984 2654 1356 2727 dolendam
1391 2654 1703 2746 ejusdem
1736 2655 1932 2747 regni
1968 2654 2239 2725 ruinam
2267 2675 2411 2725 una
2450 2674 2610 2725 cum
2642 2655 2784 2725 suis
2812 2655 3314 2730 habitatoribus
3358 2659 3494 2730 im-

658 2778 829 2873 perii
853 2777 1198 2850 Frederici
1222 2777 1492 2849 feritate
1514 2777 1858 2872 depressis
1885 2778 2033 2849 sine
2060 2777 2568 2850 intermissione
2593 2777 2958 2869 deflenteS,
2986 2781 3312 2853 continue
3335 2782 3486 2853 dili-

657 2900 889 2993 gentie
921 2898 1228 2971 studium
1259 2898 1671 2972 adhibemus
1696 2952 1716 2990 ,
1749 2920 1955 2994 opem
1997 2910 2068 2971 et
2094 2920 2380 2994 operam
2408 2899 2882 2973 indesinenter
2915 2924 3089 2994 quas
3116 2925 3483 2999 possumus

657 3024 1124 3120 impendendo
1165 3033 1244 3096 ut
1287 3033 1425 3095 tam
1451 3023 1828 3095 miserabili
1857 3045 2021 3095 casu
2057 3045 2420 3117 resurgere
2450 3024 2806 3120 ipsiusque
2833 3025 3059 3099 incole
3090 3032 3481 3123 pregravati

657 3146 805 3222 dire
837 3170 1050 3221 onere
1092 3148 1442 3221 servitutis
1481 3147 1714 3220 votive
1746 3147 2084 3220 libertatis
2115 3147 2455 3220 solamine
2488 3150 2771 3221 valeant
2796 3150 3115 3223 relevari.
3149 3153 3236 3225 Ut
3267 3154 3481 3246 igitur

654 3272 928 3346 fervens
958 3282 1195 3345 noster
1222 3272 1508 3346 affectus
1532 3272 1722 3344 circa
1752 3270 2001 3367 prefati
2030 3272 2512 3345 liberationem
2545 3273 2739 3366 regni
2765 3273 3058 3369 perduci
3083 3276 3301 3370 possit
3326 3277 3477 3350 seli-

655 3396 828 3473 citer
847 3416 932 3469 ac
962 3396 1164 3468 facile
1190 3395 1284 3467 ad
1305 3395 1655 3486 effectum,
1691 3394 2020 3467 dilectum
2047 3393 2272 3467 filium
2296 3404 2611 3467 nostrum
2635 3397 2916 3468 Petrum
2944 3398 3177 3470 Sancti
3203 3398 3482 3493 Georgii

653 3518 745 3595 ad
766 3518 1014 3591 Velum
1037 3519 1346 3591 Aureum
1374 3517 1746 3592 diaconum
1774 3517 2224 3608 cardinalem,
2258 3517 2488 3592 virum
2519 3519 2760 3612 utique
2784 3520 3071 3592 scientia
3099 3521 3479 3617 preditum,

653 3663 923 3715 morum
975 3642 1339 3715 honestate
1387 3644 1749 3732 decorum,
1806 3643 1880 3713 in
1934 3643 2237 3715 consiliis
2281 3643 2860 3737 circumspectum
2913 3645 3087 3716 etin
3133 3646 3371 3719 multis
3414 3656 3486 3718 et

652 3764 887 3838 arduis
914 3766 1174 3861 pluries
1191 3767 1342 3858 jam
1369 3767 1766 3862 probatum,
1790 3766 1958 3837 illuc
1990 3766 2079 3838 de
2105 3766 2396 3837 fratrum
2423 3776 2818 3837 nostrorum
2853 3769 3141 3840 consilio
3176 3769 3482 3843 destina-

651 3909 833 3980 mus,
863 3889 1069 3985 plene
1101 3890 1234 3961 sibi
1260 3889 1626 3983 legationis
1646 3889 1881 3965 officio
1905 3899 1986 3963 ut
2031 3890 2288 3964 evellat
2314 3899 2386 3962 et
2417 3889 2751 3975 destruat,
2795 3890 3083 3986 dissipet
3115 3904 3187 3965 et
3214 3893 3482 3989 disper·

652 4009 805 4103 dat,
840 4012 1117 4086 edificet
1154 4023 1227 4086 et
1270 4015 1564 4109 plantet,
1614 4035 1890 4088 necnon
1933 4015 2152 4086 libera
2190 4014 2518 4086 facultate
2569 4012 2864 4085 faciendi
2899 4016 3133 4087 omnia
3161 4016 3233 4086 in
3267 4038 3483 4110 regno

648 4134 801 4229 ipso
836 4146 978 4208 tam
1018 4138 1089 4208 in
1135 4138 1614 4234 spiritualibus
1646 4159 1858 4230 quam
1894 4137 2392 4233 temporalibus
2428 4155 2567 4228 que
2600 4135 2856 4208 honori·
2896 4138 3023 4208 Dei
3072 4148 3143 4209 et
3172 4139 3482 4211 Ecclesie

648 4278 731 4330 ac
756 4260 942 4332 bono
960 4262 1172 4333 statui
1196 4259 1512 4353 ejusdem
1531 4260 1729 4354 regni
1753 4260 2006 4332 viderit
2025 4259 2389 4355 expedire,
2414 4259 2786 4331 concessis,
2805 4260 3125 4332 Ceterum
3153 4262 3483 4354 quoniam

648 4381 740 4455 ad
784 4383 1114 4456 'festinam
1167 4394 1240 4456 et
1283 4385 1529 4457 utilem
1581 4383 2099 4480 expeditionem
2147 4383 2408 4476 negotii
2463 4382 2776 4476 ejusdem
2828 4384 3025 4477 regni
3081 4385 3480 4478 suffragium

648 4505 888 4579 militie
921 4530 1003 4579 ac
1040 4509 1336 4581 aliorum
1369 4506 1678 4581 fidelium
1715 4506 2019 4579 marchie
2051 4506 2487 4580 Anconitane
2535 4515 2604 4578 et
2651 4506 2944 4579 ducatus
2984 4505 3336 4603 Spoletani
3379 4521 3485 4583 est

647 4632 1236 4727 quamplurimum
1268 4643 1717 4728 oportunum,
1750 4632 1883 4703 sibi
1913 4631 2227 4725 ejusdem
2242 4629 2555 4703 -marchie
2581 4639 2652 4702 et
2678 4631 2972 4704 ducatus
2999 4632 3214 4727 ipsius
3233 4635 3479 4730 plena-

645 4753 819 4826 riam
862 4756 1230 4828 rectoriam
1269 4777 1353 4828 ac
1398 4756 1683 4851 insuper
1722 4757 1932 4851 plene
1976 4756 2050 4825 in
2097 4754 2361 4826 eisdem
2406 4754 2769 4847 legationis
2806 4752 3106 4827 officium
3152 4755 3482 4829 duximus
