4525 6031
1767 627 2398 691 Anm'rAMENTA.
3367 627 3487 693 901

670 769 828 840 tulit
856 775 1350 840 exsecuturum
1375 762 1471 835 ad
1502 762 1908 835 memoriam
1942 763 2442 837 recordationis
2472 775 2706 837 nostre
2741 761 3155 862 [revocaret]
3189 774 3259 836 et
3291 764 3496 836 beni-

665 890 971 965 volentie
1010 900 1245 963 nostre
1286 887 1766 976 clementiam,
1805 908 1943 980 que
1981 897 2050 958 te
2081 898 2414 983 tanquam
2443 890 3041 983 consanguinitate
3065 898 3137 960 et
3162 887 3495 961 affinitate

662 1015 953 1088 sinceris
985 1013 1349 1086 affectibus
1380 1003 1849 1105 amplexatur,
1900 1011 2065 1083 satis
2110 1011 2241 1083 sibi
2273 1013 2657 1108 propiciam
2691 1011 3067 1103 flagitaret,
3106 1021 3178 1083 et
3205 1012 3496 1108 epistola

668 1140 850 1211 lecta
882 1135 980 1234 (a)
1010 1136 1430 1232 complacuit
1476 1143 1549 1207 et
1588 1133 1881 1227 legentis
1919 1134 2332 1207 industriam
2381 1147 2573 1210 tanto
2606 1137 2807 1209 uobis
2843 1136 2995 1234 (sic)
3032 1136 3500 1233 circumspec-

668 1272 812 1335 tam
850 1259 948 1357 (b)
976 1271 1240 1354 quanto
1280 1257 1502 1330 nostri
1542 1257 1829 1331 honoris
1867 1257 2154 1329 avidum
2194 1266 2261 1330 te
2306 1238 2455 1331 fore
2484 1259 2970 1352 cognovimuS,
3005 1270 3078 1331 et
3109 1258 3499 1332 devotionis

666 1385 875 1457 avide
902 1383 1355 1495 propaginem
1388 1384 1806 1454 transfusam
1842 1383 2340 1477 perpendimus
2380 1383 2453 1455 iu
2487 1394 2840 1478 nepotem.
2876 1384 2965 1455 Ut
2990 1383 3161 1455 sciat
3181 1383 3392 1476 igitur
3423 1405 3499 1455 se

672 1511 902 1582 littera
947 1508 1139 1603 quod
1176 1507 1376 1603 petiit
1410 1507 1859 1602 impetrasse,
1901 1506 2076 1578 scire
2111 1516 2179 1579 te
2211 1509 2537 1580 volumus
2568 1508 2759 1601 quod
2784 1520 2904 1580 tue
2939 1507 3500 1603 circumspectio·

669 1634 781 1705 nis
808 1633 1204 1729 ymaginem
1257 1641 1651 1705 nostrarum
1701 1630 2196 1724 cogitationum
2247 1632 2482 1704 animo
2513 1630 2605 1729 (Ρ)
2644 1631 3178 1728 conscripsimus
3209 1642 3281 1703 et
3305 1632 3506 1727 quasi

673 1767 1068 1853 presentem
1105 1756 1360 1828 nostris
1387 1755 1784 1851 aspectibus
1816 1755 2191 1827 intuemur.
2230 1756 2526 1828 Nuntios
2553 1766 2788 1827 autem
2821 1769 3011 1846 tu08,
3062 1779 3239 1850 quos
3284 1766 3364 1827 ut
3412 1755 3509 1828 ad

674 1901 991 1952 cesareas
1015 1880 1312 1952 redeant
1340 1879 1710 1952 relationes
1741 1879 1832 1951 ad
1855 1889 2096 1950 ,nostre
2131 1879 2512 1972 majestatis
2541 1881 2927 1975 potentiam
2959 1880 3210 1952 asseris
3239 1890 3306 1952 te
3337 1880 3505 1952 mis·-

675 2026 952 2095 surum,
1004 2014 1200 2075 tanto
1239 2013 1599 2097 gratanter
1640 2012 1709 2074 et
1735 2001 2116 2075 honorifice
2145 2004 2599 2100 proponimus
2629 2005 2942 2100 recipere
2974 2014 3236 2097 quanto
3264 2024 3507 2098 perso·

677 2149 839 2198 nam
889 2128 1416 2199 transmittentis
1461 2128 1700 2198 favore
1755 2125 2284 2220 complectimur
2328 2128 2637 2223 speciali.
2689 2129 2761 2200 Si
2807 2151 2947 2223 qua
3008 2151 3176 2200 vero
3227 2138 3389 2200 sunt
3433 2128 3509 2198 in

677 2250 970 2345 imperio
1003 2260 1075 2322 et
1098 2250 1330 2344 regnis
1348 2250 1602 2322 nostris
1635 2271 1774 2343 que
1813 2248 1936 2322 tibi
1969 2261 2165 2341 grata
2196 2252 2580 2342 resideant,
2616 2252 2689 2322 in
2714 2253 2933 2343 gratie
2950 2262 3185 2324 nostre
3209 2252 3508 2324 fecunde

677 2374 1072 2470 presagium
1132 2375 1430 2446 libenter
1493 2374 1883 2465 offerimus,
1956 2384 2029 2445 et
2093 2374 2328 2446 oblata
2399 2376 2726 2447 libentius
2785 2377 3014 2472 operis
3078 2376 3509 2449 exhibitione

679 2498 1216 2594 complebimus,
1272 2521 1434 2571 cum
1461 2591 1474 2614 ἡ
1501 2518 1715 2594 super
1762 2497 1895 2569 hiis
1955 2497 2475 2592 imperatoriam
2526 2500 2877 2595 requirere
2912 2500 3219 2574 volueris
3255 2502 3511 2592 majes-

681 2632 919 2695 tatem.

789 3072 1258 3181 FridericuS,
1326 3076 1850 3193 Romanorum
1913 3077 2356 3187 imperator,
2414 3103 2554 3186 pro
2617 3077 2856 3185 gratis
2930 3078 3250 3162 servitiis
3312 3103 3512 3188 quae
3579 3095 3920 3166 ιοᾱοὲὼέιι..

682 3204 1031 3288 homines
1086 3207 1469 3318 Tragurii‚
1510 3209 1605 3291 de
1639 3210 1985 3317 partibus
2039 3210 2464 3293 Dalmatiae
2517 3211 2720 3299 ultra
2772 3238 3021 3318 mare,
3081 3212 3225 3295 sibi
3290 3212 3514 3294 exhi-

682 3338 917 3422 buere
954 3343 1440 3448 studuerunt,
1483 3341 1591 3424 eis
1633 3344 1977 3425 concedit
2013 3354 2100 3426 ut
2137 3343 2420 3453 ubique
2455 3371 2590 3453 per
2627 3370 2953 3454 regnum
2991 3344 3289 3428 Siciliae
3325 3345 3515 3428 salvi

684 3481 758 3554 et
797 3474 1043 3556 securi
1078 3475 1433 3558 incedant
1468 3475 1546 3556 in
1584 3477 1929 3584 personis
1966 3486 2038 3559 et
2072 3476 2304 3559 rebus
2340 3502 2636 3560 eorum.

849 3688 1034 3768 (Edit.
1069 3706 1168 3768 ap.
1199 3691 1427 3751 lom.
1468 3689 1754 3768 Lucum,
1783 3692 1868 3751 De
1905 3708 2085 3772 reqno
2110 3689 2443 3753 Dalmatiae
2471 3698 2526 3754 et
2563 3691 2864 3769 croatiae,
2894 3691 3002 3756 lib.
3042 3693 3149 3768 IV,
3184 3710 3245 3771 p.
3283 3702 3427 3766 164,
3458 3701 3522 3755 et

930 3813 1030 3874 ap.
1058 3796 1352 3875 Dnnonr,
1388 3796 1571 3877 Carpe
1593 3794 1925 3878 diplomat„
1954 3805 2097 3858 tom.
2126 3800 2188 3877 1,
2218 3816 2280 3876 p.
2315 3806 2463 3878 1793
2494 3799 2674 3859 ambo
2708 3806 2907 3860 tamen
2941 3800 3140 3878 quoad
3171 3803 3316 3860 anni
3344 3808 3525 3887 nota-

929 3906 1154 3962 tionem
1181 3905 1394 3964 attinet
1414 3900 1674 3982 incerti.)

782 4086 1208 4181 Fridericus,
1244 4089 1372 4161 Dei
1402 4091 1623 4183 gratia
1653 4092 2126 4164 Romanorum
2159 4091 2564 4186 imperator,
2600 4112 2881 4186 semper
2913 4099 3289 4183 augustus,
3324 4091 3526 4163 Jeru-

689 4215 906 4287 salem
931 4223 1002 4287 et
1028 4213 1259 4286 Sicilie
1286 4236 1451 4306 rex,
1486 4215 1834 4287 universis
1863 4216 1938 4286 in
1967 4236 2187 4308 reguo
2222 4214 2453 4287 Sicilie
2476 4212 2875 4286 constitutis
2892 4213 3147 4307 quibus
3170 4224 3531 4309 presentes

687 4338 919 4411 littere
951 4337 1210 4411 fuerint
1235 4346 1549 4430 ostense,
1590 4338 1914 4411 fidelibus
1932 4339 2075 4411 suis
2094 4392 2113 4430 ,
2131 4338 2427 4433 gratiam
2456 4358 2654 4410 suam
2678 4346 2754 4409 et
2776 4338 3034 4410 bonam
3064 4340 3523 4412 voluntatem.

689 4462 979 4535 Noverit
1044 4461 1463 4534 universitas
1504 4473 1739 4535 vestra
1786 4463 1978 4556 quod
2024 4484 2154 4537 nos
2209 4461 2581 4556 benignius
2632 4462 3081 4534 attendentes
3129 4471 3329 4555 grata
3381 4483 3533 4533 ser-

767 4635 860 4718 (a)
907 4638 980 4699 In
1006 4639 1209 4700 codiee
1241 4590 1460 4720 tejano.

778 4742 859 4824 (b)
903 4744 976 4805 In
1004 4744 1207 4806 codice
1233 4744 1748 4826 circnma-eptam,
1776 4752 1837 4807 et
1863 4743 2020 4807 iufra
2044 4731 2613 4825 circummptioviis,
2653 4744 2831 4807 male.

854 4850 959 4913 'VL
1004 4865 1117 4912 rm
1141 4867 1188 4910 a.
3100 4858 3216 4916 114
