4525 6031
1784 635 2413 700 ADDITAMENTA.
3388 640 3509 703 915

680 768 928 841 Sancte
992 770 1261 863 prefate
1317 778 1386 840 et
1451 790 1535 840 ea
1591 791 1730 862 que
1769 792 1961 843 nunc
1995 782 2160 845 sunt
2203 773 2300 844 ibi
2347 794 2531 846 nova
2572 795 2698 869 per
2742 773 2827 846 A.
2861 776 3245 867 majestatis
3275 787 3510 849 vestre

678 892 1057 986 imperialis
1094 889 1607 983 magnificentia
1660 892 1835 964 scire
1884 904 1956 966 et
2003 894 2392 988 intelligere
2433 897 2717 992 poterit,
2771 908 2842 969 et
2871 899 3172 993 quedam
3206 920 3345 993 que
3377 899 3508 970 sibi

676 1014 1110 1106 injunximus
1140 1014 1622 1112 proponenda.

780 1562 1206 1645 Fridericus
1229 1621 1253 1666 ‚
1318 1561 1840 1645 Romanorum
1916 1562 2325 1672 imperator
2342 1623 2365 1666 ,
2457 1563 3021 1645 universitatem
3092 1563 3497 1646 hominum

672 1697 900 1780 castri
936 1697 1032 1779 de
1071 1696 1279 1780 Colle
1316 1698 1463 1780 sub
1502 1723 1644 1780 sua
1677 1708 1753 1779 et
1787 1696 2084 1806 imperii
2120 1697 2586 1805 protectione
2621 1697 2914 1806 recipit,
2956 1698 3217 1808 eisque
3253 1698 3497 1782 bonos

671 1856 859 1913 usus
892 1842 967 1913 et
1002 1829 1460 1939 approbatas
1496 1829 2082 1913 consuetudines
2117 1829 2545 1911 confirmat.

830 2071 1078 2144 (Inedit.
1109 2088 1186 2132 ex
1214 2072 1487 2149 originali
1503 2073 1569 2132 ln
1595 2071 1759 2133 arch.
1786 2071 2094 2148 diplomat.
2118 2071 2412 2150 Floreat„
2436 2074 2609 2149 cujus
2631 2069 2807 2131 nobis
2825 2069 2901 2131 cl.
2924 2072 3017 2130 vir
3037 2071 3109 2132 F.
3133 2071 3497 2136 Boehmerus

911 2179 1143 2254 copiam
1175 2177 1337 2239 fecit.
1368 2178 1564 2255 Hujus
1588 2179 1879 2257 privilegii
1905 2185 2319 2258 argumentum
2347 2177 2762 2238 tantummodo
2789 2176 3188 2241 exhibuimus.
3219 2178 3356 2240 vid.
3389 2196 3492 2241 su·

907 2300 1036 2362 pra,
1061 2301 1123 2361 p.
1156 2281 1328 2362 385.)

760 2495 1189 2584 Fridericus,
1226 2494 1351 2566 Dei
1382 2494 1605 2586 gratia
1635 2496 2104 2566 Romanorum
2134 2494 2545 2590 imperator,
2584 2516 2860 2590 semper
2891 2505 3255 2588 augustuS,
3296 2499 3490 2570 Jeru-

663 2620 879 2692 salem
909 2629 980 2690 et
1010 2618 1239 2690 Sicilie
1274 2639 1430 2689 rex.
1472 2618 1603 2689 Per
1643 2637 1930 2712 presens
1969 2617 2301 2712 scriptum
2335 2628 2579 2689 notum
2612 2617 2762 2689 fieri
2792 2620 3115 2691 volumus
3144 2620 3487 2693 universis

659 2742 931 2837 imperii
989 2740 1312 2813 fidelibus
1353 2750 1496 2812 tam
1543 2741 1984 2835 presentibus
2020 2762 2230 2834 quam
2268 2741 2554 2830 futuriS,
2608 2741 2796 2833 quod
2824 2742 3240 2813 universitas
3277 2743 3483 2814 castri

659 2865 749 2938 de
781 2867 1008 2954 Colle,
1047 2863 1290 2936 fideles
1330 2864 1582 2956 nostri,
1631 2864 1973 2956 majestati
2014 2875 2250 2936 nostre
2293 2864 2648 2936 humiliter
2705 2865 3184 2959 supplicarunt
3217 2876 3297 2937 ut
3340 2877 3481 2938 tam

656 2989 844 3086 ipsos
878 3010 1089 3083 quam
1144 2988 1615 3084 possessiones
1665 2997 1737 3060 et
1790 2989 1974 3060 bona
2007 3009 2287 3077 eorum,
2324 3008 2461 3082 que
2494 3010 2681 3059 nunc
2718 2997 2957 3060 tenent
2983 2998 3054 3059 et
3086 2990 3476 3084 possident,

658 3122 728 3184 et
760 3112 830 3183 in
857 3122 1063 3211 antea
1079 3113 1273 3205 justo
1303 3112 1502 3183 titulo
1539 3111 1843 3205 poterint
1869 3111 2193 3206 adipisci,
2228 3112 2361 3182 sub
2390 3122 2625 3182 nostra
2652 3121 2723 3182 et
2750 3112 3019 3206 imperii
3051 3115 3481 3207 protectione

654 3236 1006 3331 recipere,
1058 3245 1130 3308 et
1177 3234 1588 3307 confirmare
1646 3235 1746 3307 eis
1799 3258 2042 3307 omnes
2088 3236 2314 3307 bonos
2355 3258 2525 3305 usus
2554 3245 2624 3306 et
2654 3236 3074 3330 approbatas
3106 3250 3481 3310 consuetu-

654 3359 858 3431 dines
895 3359 1149 3451 quibus
1186 3360 1613 3455 temporibus
1637 3360 1960 3431 divorum
1990 3368 2445 3451 augustorum
2478 3358 2591 3429 avi
2626 3368 2697 3429 et
2728 3359 2943 3453 patris
2967 3361 3182 3431 nostri
3211 3382 3479 3433 memo·

653 3483 755 3555 rie
796 3482 1169 3555 recolende
1212 3504 1434 3576 usque
1482 3504 1670 3554 nunc
1709 3482 1815 3554 usi
1852 3482 2063 3554 fuisse
2109 3491 2520 3572 noscuntur,
2580 3482 2668 3553 de
2710 3491 2945 3554 nostra
2981 3484 3202 3575 gratia
3230 3485 3479 3577 digna·

651 3626 912 3679 remur.
966 3606 1109 3678 Nos
1153 3606 1429 3699 itaque,
1487 3606 1930 3678 attendentes
1973 3604 2185 3677 fidem
2239 3626 2487 3700 puram
2542 3615 2615 3677 et
2659 3605 3101 3679 devotionem
3135 3608 3479 3680 sinceram

650 3729 1009 3802 hominum
1053 3729 1221 3803 dicti
1274 3729 1479 3800 castri
1504 3782 1525 3820 ,
1579 3750 1707 3825 pro
1751 3730 1965 3821 gratis
2016 3750 2299 3824 quoque
2343 3728 2640 3800 servitiis
2683 3751 2821 3821 que
2854 3729 3053 3800 nobis
3088 3740 3159 3801 et
3188 3731 3479 3826 imperio

651 3854 1122 3927 exhibuerunt
1174 3853 1511 3925 hactenus
1573 3850 1872 3925 fideliter
1933 3863 2005 3925 et
2056 3854 2312 3925 devote
2372 3861 2445 3923 et
2498 3874 2637 3945 que
2680 3851 3017 3923 exhibere
3049 3863 3378 3947 poterunt
3403 3853 3478 3926 in

646 3988 853 4052 antea
910 3977 1248 4069 gratiora,
1296 3978 1607 4072 ipsorum
1650 3977 2271 4071 supplicationibus
2306 3975 2677 4066 benignius
2704 3974 3053 4064 inclinati,
3090 3976 3474 4069 predictam

643 4102 1169 4175 universitatem
1207 4113 1276 4174 et
1314 4101 1629 4174 homines
1671 4101 1840 4173 dicti
1883 4101 2089 4173 castri
2129 4100 2221 4172 de
2255 4099 2483 4189 Colle,
2516 4097 2759 4169 fideles
2787 4108 3092 4187 nostrOS‚
3126 4120 3286 4169 cum
3315 4121 3474 4193 pos-

645 4225 1068 4298 sessionibus
1115 4235 1187 4295 et
1233 4224 1437 4296 bonis
1489 4245 1733 4295 eorum
1779 4221 2139 4313 omnibuS,
2196 4242 2336 4314 que
2383 4241 2572 4291 nunc
2617 4229 2857 4291 tenent
2896 4229 2966 4290 et
2997 4222 3360 4314 possident
3400 4231 3474 4293 et

606 4322 930 4443 'adipisci
977 4349 1168 4440 justo
1224 4348 1425 4420 titulo
1460 4356 1789 4442 poterunt
1828 4345 1900 4416 in
1945 4347 2292 4433 futurum,
2354 4343 2487 4415 sub
2523 4353 2762 4414 nostra
2790 4352 2862 4414 et
2892 4342 3164 4437 imperii
3193 4354 3470 4438 protec-

647 4473 833 4545 tione
861 4470 1250 4566 recepimus
1276 4470 1593 4565 speciali,
1634 4491 1877 4542 omnes
1902 4470 2127 4540 bonos
2159 4490 2330 4540 usus
2354 4477 2427 4538 et
2451 4466 2870 4561 approbatas
2897 4467 3460 4558 eonsuetudines,

639 4596 896 4691 quibus
933 4593 1361 4689 temporibus
1387 4592 1859 4687 predictorum
1892 4592 2006 4663 avi
2037 4601 2110 4664 et
2139 4591 2356 4686 patris
2386 4589 2605 4661 nostri
2642 4589 2861 4662 felicis
2892 4590 3225 4662 memorie
3243 4612 3466 4681 usque

638 4740 827 4791 nunc
865 4718 975 4789 usi
1022 4717 1235 4789 fuisse
1275 4726 1685 4807 noscuntur,
1732 4715 1833 4786 eis
1863 4714 1953 4787 de
1980 4724 2214 4785 nostra
2247 4714 2471 4805 gratia
2503 4712 3015 4786 confirmantes.
3054 4712 3466 4785 Mandantes

3548 1586 3917 1694 ,iamlam
