4525 6031
1087 641 1213 704 910
2186 644 2812 708 ADDITAMENTA.

1089 798 1638 873 recompensano
1693 779 1717 849 i
1766 778 2018 872 servigi
2060 801 2100 852 e
2150 758 2582 855 l’obedienia
2628 782 2739 856 de’
2789 781 2942 855 suoi
2979 781 3215 856 fedeli.
3268 782 3400 856 Noi
3445 781 3730 878 dunque
3780 785 3914 858 che

1090 912 1368 973 tenemo
1401 903 1585 974 nelle
1625 903 1814 974 mani
1841 903 1863 974 i
1895 904 2072 975 freni
2101 905 2213 976 del
2249 906 2562 979 Romano
2596 908 2923 1003 imperio,
2954 908 3168 980 mossi
3196 907 3289 980 da
3314 918 3563 1001 questa
3587 909 3911 982 conside·

1087 1026 1390 1115 ratione,
1431 1036 1700 1097 mentre
1729 1025 2052 1098 vediamo
2075 1028 2143 1099 la
2171 1028 2338 1101 citta
2371 1030 2480 1102 de’
2503 1031 2897 1104 Cremonesi
2928 1031 3145 1104 nostri
3179 1030 3433 1121 fedeli,
3471 1051 3647 1126 capo
3679 1052 3719 1103 e
3753 1032 3909 1105 fon·

1087 1149 1417 1222 damento
1459 1149 1621 1220 dell'
1665 1148 1956 1244 imperio
2005 1151 2317 1224 Romano
2353 1153 2424 1225 in
2464 1155 2700 1245 Italia,
2736 1155 2809 1228 di
2841 1155 3001 1228 fede
3033 1177 3074 1228 e
3110 1154 3181 1226 di
3214 1154 3597 1227 obedienza
3624 1176 3814 1228 esser
3841 1156 3909 1228 la

1085 1272 1469 1368 principale
1519 1273 1621 1342 fra
1671 1280 1846 1344 tutte
1897 1273 2124 1345 l'altre
2169 1275 2381 1347 fedeli
2426 1278 2588 1350 dell’
2638 1279 2969 1374 imperio,
3029 1276 3335 1351 tenendo
3370 1299 3499 1372 per
3529 1279 3750 1353 fermo
3776 1278 3907 1353 che

1083 1405 1348 1490 quanto
1386 1395 1538 1467 loro
1576 1395 2056 1469 liberalmente
2098 1397 2461 1491 doniamo,
2504 1411 2684 1475 tutto
2732 1402 2906 1475 ceda
2945 1402 2989 1474 a
3028 1410 3269 1474 nostro
3308 1398 3628 1496 proiitto,
3686 1400 3906 1476 ratifi-

1083 1520 1357 1592 chiamo
1385 1540 1424 1590 e
1448 1540 1574 1613 per
1600 1519 1856 1613 special
1887 1520 2110 1612 gratia
2147 1521 2331 1593 della
2361 1534 2600 1597 nostra
2636 1525 2976 1597 liberalita
3007 1525 3505 1598 eonfermiamo
3530 1525 3599 1597 la
3629 1546 3911 1598 eonces-

1082 1643 1279 1715 sione
1331 1641 1515 1714 della
1560 1649 1745 1713 terra
1781 1642 1854 1713 di
1898 1645 2285 1717 Roncarolo
2326 1648 2495 1718 satta
2537 1648 2654 1719 alli
2687 1649 2801 1740 gia
2837 1648 3014 1720 detti
3036 1647 3256 1720 nostri
3281 1647 3492 1719 fedeli
3514 1647 3908 1721 Cremonesi

1083 1766 1199 1837 dal
1238 1764 1482 1837 diletto
1505 1775 1743 1838 nostro
1771 1765 2079 1858 figliuolo
2110 1768 2395 1862 Arrigo,
2444 1771 2711 1845 illustre
2750 1775 2825 1844 re
2858 1773 2931 1844 di
2963 1772 3321 1864 Sardegna
3354 1792 3393 1843 e
3425 1771 3657 1863 legato
3686 1792 3905 1864 gene·

1079 1889 1228 1960 rale
1286 1888 1401 1960 del
1460 1910 1657 1961 sacro
1698 1888 1989 1984 imperio
2030 1891 2102 1962 in
2147 1893 2341 1964 Italia
2362 1947 2384 1984 ,
2433 1917 2632 1967 come
2690 1897 2811 1992 piu
2874 1897 3341 1992 amplamente
3403 1916 3663 1990 appare
3719 1896 3906 1968 nella

1081 2013 1404 2084 scrittura
1432 2033 1474 2083 a
1507 2012 1656 2084 loro
1679 2013 1851 2084 satta
1878 2014 2040 2086 dall'
2084 2016 2331 2089 istesso
2360 2017 2438 2090 re
2468 2029 2706 2091 nostro
2736 2019 3074 2114 figliuolo.
3097 2021 3154 2092 E
3173 2043 3300 2117 per
3319 2020 3657 2093 memoria
3682 2041 3724 2093 e
3756 2021 3900 2093 fer·

1076 2158 1308 2208 mezza
1336 2147 1673 2231 perpetua
1711 2136 1783 2208 di
1812 2149 2059 2230 questa
2093 2150 2332 2213 nostra
2367 2142 2817 2216 ratificatione
2875 2166 2915 2216 e
2956 2143 3482 2218 confirmatione
3523 2143 3903 2218 habbiamo

1077 2262 1250 2332 fatto
1273 2261 1417 2330 fare
1445 2259 1511 2330 le
1546 2261 1851 2354 presenti
1880 2282 1919 2332 e
1942 2262 2182 2334 fattole
2211 2286 2504 2357 segnare
2536 2268 2645 2340 eol
2678 2266 2904 2360 sigillo
2938 2268 3123 2340 della
3151 2267 3415 2341 maesta
3441 2277 3706 2342 nostra.

1175 2385 1352 2455 Dato
1385 2382 1456 2453 in
1492 2383 1844 2454 Grossetto
1864 2436 1885 2473 ,
1920 2380 2133 2480 [anno
2165 2386 2512 2461 dominice
2546 2389 3065 2489 incarnationis]
3096 2392 3554 2466 M.CC.XL111
3575 2444 3597 2484 ‚
3621 2391 3901 2464 inmese

1076 2507 1149 2579 di
1177 2527 1511 2600 gennaro.

1179 3044 1644 3150 Fridericus‚
1691 3040 2214 3125 Romanorum
2269 3043 2712 3153 imperator,
2768 3044 3143 3129 universis
3195 3044 3635 3128 hominibus
3688 3044 3892 3128 Dal-

1003 3193 1017 3206 “
1071 3183 1349 3265 matiae
1386 3181 1733 3263 fidelibus
1771 3181 1930 3262 suis
1965 3182 2284 3262 mandat
2318 3182 2529 3290 quod
2567 3182 2778 3263 omni
2816 3181 3134 3291 piratica
3170 3182 3251 3262 in
3287 3206 3616 3291 regnum
3663 3206 3893 3264 suum

1073 3316 1371 3398 Siciliae
1430 3313 1859 3395 abstineant
1917 3324 1993 3394 et
2054 3314 2338 3395 damna
2402 3312 2501 3396 ab
2554 3314 2664 3396 eis
2719 3313 2799 3396 in
2855 3314 3281 3425 regnicolas
3332 3314 3545 3396 illata
3603 3315 3895 3423 integre

1073 3445 1363 3530 restitui
1405 3445 1712 3527 faciant.

1234 3688 1477 3766 (Inedit.
1508 3703 1586 3747 ex
1611 3684 1880 3765 originali
1906 3686 1969 3745 in
1992 3685 2234 3746 archivo
2266 3686 2463 3748 Cesar.
2494 3686 2776 3763 vindob„
2805 3690 2976 3767 cujus
3001 3690 3231 3766 copiam
3253 3688 3565 3749 nobiscum
3591 3687 3764 3749 solita
3780 3703 3889 3748 sua

1312 3793 1682 3855 humanitate
1707 3792 1777 3853 F.
1805 3791 2165 3853 Boehmerus
2191 3791 2705 3872 communicavit.)

1163 4008 1587 4098 FridericuS,
1618 4005 1743 4077 Dei
1777 4002 2010 4096 gracia
2035 4003 2507 4075 Romanorum
2538 4005 2942 4099 imperator,
2978 4026 3255 4100 semper
3285 4013 3653 4097 augustuS,
3689 4005 3888 4076 Jeru-

1067 4133 1283 4204 salem
1315 4141 1387 4202 et
1412 4129 1641 4203 Sicilie
1665 4149 1795 4200 rex
1813 4180 1834 4219 ,
1867 4127 2211 4198 universis
2240 4126 2638 4198 hominibus
2659 4129 3025 4219 Dalmacii,
3048 4127 3369 4201 fidelibus
3394 4128 3535 4207 suis
3551 4180 3571 4218 ,
3594 4127 3888 4221 gratiam

1066 4277 1266 4327 suam
1295 4264 1368 4324 et
1395 4253 1654 4325 bonam
1681 4251 2141 4322 voluntatem.
2175 4250 2287 4320 Ex
2317 4248 2426 4320 his
2458 4271 2596 4342 que
2623 4250 2716 4321 ad
2743 4250 3171 4322 audientiam
3198 4260 3503 4323 nostram
3525 4249 3615 4322 de
3635 4250 3890 4346 Apulie

1064 4378 1380 4475 partibus
1429 4375 1654 4446 fidelis
1686 4374 1928 4445 relatio
1971 4373 2300 4468 pertulit,
2345 4372 2436 4445 de
2467 4373 2666 4445 vobis
2690 4373 2782 4445 ad
2814 4395 2942 4445 nos
2974 4374 3395 4446 turbacionis
3421 4374 3693 4446 occasio
3727 4394 3887 4445 cum

1064 4499 1546 4573 ammiratione
1579 4497 1943 4592 pervenit,
1970 4495 2136 4567 dum
2180 4518 2308 4590 pro
2341 4497 2679 4569 fructibus
2705 4496 3094 4569 devotionis
3126 4508 3196 4569 et
3226 4496 3388 4570 fidei
3414 4519 3623 4593 quam
3650 4498 3894 4588 majes-

1065 4627 1190 4698 tati
1226 4633 1462 4696 nostre
1510 4622 1818 4712 debetis,
1861 4621 2188 4693 aborsum
2219 4621 2566 4715 opinionis
2587 4621 2770 4694 bone
2789 4674 2810 4712 ,
2836 4643 3048 4715 quam
3075 4621 3345 4694 dudum
3366 4622 3458 4694 de
3486 4620 3688 4693 vobis
3713 4640 3885 4691 con-

1061 4767 1472 4843 ceperamus
1491 4797 1513 4837 ,
1563 4742 1848 4816 offertis.
1899 4742 2070 4815 Cum
2103 4742 2291 4813 enim
2322 4764 2415 4814 ex
2445 4744 2741 4840 receptis
2766 4764 2811 4815 a
2833 4743 3035 4816 nobis
3066 4743 3516 4817 humanitatis
3546 4739 3887 4837 exemplis
