4525 6031
1021 535 1143 595 628
2021 533 2451 596 mum-:mel
2501 532 2846 595 SECUNDI
3009 582 3016 589 .
3469 535 3636 621 [Anu.
3672 538 3849 603 1248.

1018 668 1359 762 gembach
1389 679 1460 740 et
1485 669 1575 741 de
1606 667 2066 766 Malberch(a)
2087 679 2159 740 et
2190 669 2281 741 de
2315 665 2772 763 Steinberc(b)
2793 675 3020 738 castra
3049 688 3210 739 cum
3242 669 3681 764 pertinentiis
3712 675 3855 748 suis

1016 814 1155 885 que
1194 792 1583 864 Fridericus
1625 793 1979 887 quondam
2033 793 2410 888 imperator
2450 792 2542 863 ab
2580 791 2871 864 ecclesia
2912 791 3405 885 Bambergensi
3452 797 3736 869 tenebat
3777 799 3850 870 in

1015 915 1331 1007 feudum,
1365 916 1633 1010 ceperis
1662 939 1800 988 non
1832 916 1980 988 sine
2024 916 2295 1009 magnis
2337 915 2667 988 oneribus
2700 936 3207 1010 expensarum,
3238 939 3371 990 nos
3414 918 3853 995 indemnitati

1017 1052 1134 1111 tue
1172 1041 1488 1111 volentes
1519 1052 1807 1134 paterna
1845 1040 2309 1113 sollicitudine
2349 1060 2764 1135 precavere,
2804 1039 3233 1134 presentium
3275 1041 3400 1113 tibi
3439 1044 3849 1119 auctoritate

1012 1163 1460 1236 concedimus
1500 1175 1580 1235 ut
1621 1165 1711 1237 ad
1758 1187 1999 1237 eorum
2049 1164 2556 1237 restitutionem
2602 1163 2887 1234 minime
2927 1163 3226 1236 tenearis
3265 1186 3496 1258 neque
3535 1168 3848 1261 predicta

1012 1288 1348 1383 oppidum
1378 1298 1449 1359 et
1477 1300 1701 1359 castra
1730 1310 1855 1383 per
1884 1289 2361 1361 venerabilem
2394 1289 2676 1359 fratrem
2704 1296 3020 1359 nostrum
3064 1287 3649 1380 Bambergensem
3699 1292 3846 1387 epi-

1012 1433 1299 1506 scopum
1320 1413 1433 1484 vel
1462 1434 1931 1484 successorem
1955 1411 2173 1506 ipsius
2197 1421 2322 1483 aut
2346 1412 2651 1505 aliquem
2684 1410 2898 1481 alium
2927 1410 3165 1504 aliquo
3184 1411 3395 1483 modo
3421 1414 3710 1485 alienari
3729 1436 3849 1488 va·

1010 1538 1234 1625 leant;
1278 1558 1488 1628 quam
1514 1535 2005 1609 alienationem
2037 1536 2096 1606 si
2124 1537 2301 1605 forte
2333 1532 2643 1629 presumi
2677 1532 3069 1625 contigerit,
3106 1533 3547 1608 decernimus
3581 1536 3844 1610 irritam

1009 1670 1082 1730 et
1112 1660 1418 1750 inanem,
1459 1659 1590 1730 nisi
1625 1659 1848 1753 primo
1882 1658 2005 1729 tibi
2039 1667 2111 1729 et
2140 1657 2577 1750 adjutoribus
2612 1657 2747 1728 tuis
2786 1656 2880 1729 de
2917 1657 3191 1729 damnis
3232 1668 3304 1730 et
3344 1661 3671 1755 expensis
3701 1684 3840 1755 que

1009 1782 1142 1855 hac
1173 1784 1438 1855 ratione
1471 1784 1762 1855 subiisse
1795 1783 2186 1874 noscimini,
2210 1783 2420 1853 fuerit
2450 1781 2759 1876 plenarie
2783 1782 3235 1853 satisfactum.
3255 1783 3443 1853 Nulli
3477 1805 3672 1878 erge,
3691 1796 3830 1859 etc.

1106 1908 1356 1978 Datum
1394 1907 1739 2000 Lugduni,
1771 1908 1861 1979 111
1889 1929 2109 1980 nonas
2128 1906 2335 2000 junii,
2363 1928 2549 1978 anno
2582 1904 3026 2000 pontificatus
3060 1906 3279 1979 nostri
3305 1907 3393 1979 V.

603 2470 931 2579 affl-222⁸&-
1118 2453 1543 2536 Fridericus
1563 2515 1585 2558 ,
1645 2452 2170 2535 Romanorum
2232 2454 2679 2560 imperator,
2734 2451 2837 2533 ad
2887 2451 3515 2559 supplicationem
3567 2450 3835 2536 Ortolfi

668 2578 871 2683 rm,
1012 2586 1437 2671 Garstensis
1491 2584 1828 2690 abbatis,
1878 2584 2247 2693 capellani
2301 2596 2376 2667 et
2425 2582 2672 2665 fidelis
2718 2583 2884 2688 sui,
2937 2584 3034 2665 de
3080 2583 3316 2666 verbo
3372 2584 3469 2666 ad
3518 2583 3835 2667 verbum

696 2683 839 2734 ,ω’
1010 2720 1273 2803 inserit
1309 2730 1384 2802 et
1419 2718 1821 2801 coufirmat
1869 2719 2234 2825 scripturn
2282 2716 2639 2799 Friderici
2697 2716 3095 2826 quondam
3132 2717 3482 2801 Austriae
3528 2728 3603 2800 et
3654 2716 3839 2827 Sty-

1004 2854 1163 2935 riae
1198 2851 1416 2934 ducis
1451 2854 1531 2932 in
1579 2877 1782 2934 anno
1842 2854 2046 2932 1235
2096 2861 2364 2932 octavo
2409 2849 2706 2930 decimo
2756 2849 2878 2930 die
2916 2847 3368 2967 septembris
3404 2848 3830 2955 indultum,

1004 3010 1161 3096 quo
1222 2983 1365 3066 sibi
1421 2982 1959 3066 sententialiter
2016 2981 2489 3064 advocatiam
2549 2980 2986 3064 monasterii
3045 2980 3140 3064 de
3209 2980 3529 3066 Garsten
3609 2982 3837 3064 attri—

1005 3119 1207 3224 buit,
1250 3119 1735 3226 notificatque
1788 3116 2197 3224 imperator
2246 3115 2597 3198 eamdem
2647 3114 3122 3198 advocatiam
3176 3116 3274 3197 ad
3321 3142 3600 3198 manus
3653 3143 3831 3199 suas

1004 3261 1367 3360 perpetuo
1408 3249 1725 3332 retinere
1759 3248 1977 3330 velle.

1165 3463 1354 3541 (Edit.
1372 3479 1468 3539 ap.
1498 3463 1692 3536 Kunz,
1711 3463 1997 3540 Beytriiqe
2017 3479 2128 3520 zur
2148 3460 2470 3522 Gesclzicltte
2495 3459 2591 3522 des
2611 3459 2842 3521 Laudes
2867 3460 3201 3521 cester-reich
3225 3459 3296 3522 ob
3317 3460 3422 3521 der
3448 3463 3640 3536 Enna,
3661 3471 3708 3524 t.
3732 3465 3816 3537 11,

1237 3586 1298 3646 p.
1333 3579 1475 3646 550,
1505 3579 1572 3628 n⁰
1600 3568 1790 3644 LXX,
1820 3585 1896 3629 cx
1922 3568 2287 3646 autographo
2315 3568 2475 3629 unde
2501 3569 2762 3647 sigillum
2795 3567 3145 3646 pendebat.)

1096 3756 1173 3827 In
1216 3754 1496 3826 nomine
1542 3762 1777 3825 sancte
1822 3764 1892 3824 et
1938 3751 2296 3824 individue
2341 3751 2716 3824 Trinitatis.
2753 3751 3002 3824 Amen.
3044 3752 3435 3826 Fridericus
3477 3753 3825 3826 secundus

997 3879 1235 3952 divina
1261 3879 1539 3949 favente
1571 3876 1937 3948 clementia
1964 3877 2432 3947 Romanorum
2465 3875 2842 3969 imperator
2875 3897 3150 3971 semper
3174 3877 3823 3967 augustus,Jerusa-

995 4006 1133 4075 lem
1173 4012 1244 4074 et
1273 4001 1500 4074 Sicilie
1533 4023 1686 4072 rex·
1720 4000 1927 4072 Iustis
1972 3998 2283 4071 fidelium
2331 4010 2725 4070 nostrorum
2763 4000 3211 4094 petitionibus
3259 3998 3820 4073 condescendere

997 4128 1310 4220 cogimur
1334 4147 1507 4217 quas
1539 4125 1667 4195 nisi
1695 4123 2162 4196 favorabiliter
2186 4122 2614 4214 audiremus,
2630 4123 2964 4195 obaudire
2989 4122 3179 4215 quod
3201 4123 3388 4214 juste
3420 4123 3680 4217 petitur
3696 4146 3822 4220 per

994 4250 1315 4341 injuriam
1349 4248 1769 4320 videremur.
1811 4249 2194 4342 Eapropter
2225 4267 2352 4341 per
2381 4267 2667 4339 presens
2698 4246 3137 4340 privilegium
3166 4255 3410 4318 notum
3442 4245 3593 4318 fieri
3619 4250 3818 4321 volu-

1079 4423 1162 4503 (α)
1205 4425 1279 4484 In
1304 4423 1439 4484 cod.
1474 4420 1755 4501 Mulberc,
1785 4423 2032 4483 forsitan
2060 4419 2350 4502 Malberq,
2380 4427 2641 4482 castrum
2666 4430 2725 4482 et
2753 4421 3035 4499 oppidum
3069 4421 3448 4497 Ortcnoviae,
3480 4439 3642 4485 nunc
3666 4425 3819 4502 JurIs

994 4531 1297 4592 Badensls.

1077 4635 1159 4717 (b)
1203 4637 1316 4711 Ita,
1347 4636 1452 4697 sed
1476 4635 1541 4695 in
1567 4635 1813 4713 registro
1844 4629 2205 4712 Orumberq.
