4525 6031
709 615 916 679 lomim.
946 609 1040 688 9.]
1610 606 2011 670 HISTORIA
2061 601 2651 667 DIPLOMATICA.
3413 597 3535 661 805

713 768 756 818 a
788 746 974 819 dicta
1006 743 1369 838 questione
1406 742 1758 837 proposita
1786 742 2291 814 sententialiter
2320 740 2648 813 duximus
2673 735 3160 808 absolvendos.
3197 734 3311 807 Ad
3337 735 3534 826 cujus

711 870 811 941 rei
831 867 1238 941 memoriam
1258 876 1329 938 et
1346 876 1754 961 perpetuam
1771 864 2196 955 firmitatem,
2220 884 2506 958 presens
2526 862 2855 954 scriptum
2888 880 3012 954 per
3030 880 3277 930 manus
3294 857 3530 930 Jacobi

714 994 804 1067 de
834 995 1061 1065 Rocca
1092 989 1193 1087 (a)
1226 1011 1478 1082 magne
1519 989 1894 1084 imperialis
1925 989 2116 1061 curie
2141 997 2457 1059 actorum
2493 984 2745 1058 notarii
2778 982 2925 1054 fieri
2958 983 3246 1054 fecimus
3280 982 3531 1055 nostris

714 1115 1334 1210 subscriptionibus
1380 1113 1805 1185 roboratum.
1859 1194 1862 1195 ᾗ

809 1239 1063 1312 Actum
1095 1238 1303 1330 Fogie
1325 1291 1344 1327 ‚
1380 1258 1607 1327 anno,
1643 1256 1882 1308 mense
1916 1245 1986 1306 et
2018 1235 2395 1307 indictione
2422 1232 2847 1329 prescriptis.

812 1363 962 1455 Ego
991 1361 1368 1435 Riccardus
1399 1361 1489 1444 de
1526 1359 1992 1451 Montenigro,
2028 1380 2280 1451 magne
2318 1357 2692 1453 imperialis
2735 1356 2924 1428 curie
2966 1355 3295 1448 magister
3323 1352 3532 1445 justi-

719 1486 983 1558 tiarius.

812 1611 959 1701 Ego
992 1608 1343 1680 Iohannes
1378 1606 1467 1679 de
1499 1608 1922 1695 Martorana,
1961 1627 2212 1697 magne
2241 1603 2616 1699 imperialis
2640 1602 2849 1683 curier
2857 1602 3105 1694 judex.

812 1734 958 1825 Ego
992 1732 1113 1825 qui
1143 1752 1353 1826 supra
1378 1730 1695 1803 Andreas
1722 1729 1814 1801 de
1844 1731 2103 1825 Capua,
2139 1749 2390 1819 magne
2416 1726 2791 1824 imperialis
2821 1726 3009 1797 curie
3032 1724 3285 1817 judex.

809 1858 958 1948 Ego
991 1854 1320 1948 magister
1356 1855 1697 1927 Robertus
1730 1853 1819 1926 de
1852 1854 2219 1944 Panorm0,
2252 1873 2502 1944 magne
2534 1850 2907 1946 imperialis
2941 1849 3130 1921 curie
3154 1848 3382 1940 judex
3412 1849 3534 1943 qui

717 1999 952 2074 supra.

812 2103 961 2193 Ego
991 2101 1367 2174 Durandus
1399 2101 1488 2172 de
1520 2101 1939 2193 Brundusio,
1973 2121 2223 2193 magne
2249 2097 2627 2195 imperialis
2653 2097 2844 2169 curie
2864 2095 3117 2189 judex.

721 2731 959 2814 salem
993 2743 1070 2814 et
1105 2732 1402 2815 Siciliae
1443 2733 1671 2842 regis.

881 2946 1148 3020 (Edider.
1177 2962 1281 3024 per
1308 2952 1503 3025 partes
1530 2945 1704 3004 valde
1734 2947 1915 3005 etiam
1949 2951 2257 3023 corruptas
2280 2945 2619 3005 Matthaeus
2646 2944 2811 3004 Paris
2836 2950 2897 3004 et
2921 2943 3287 3023 Raynaldus,
3315 2941 3535 3021 quibus

960 3053 1341 3130 adjungenda
1379 3050 1702 3112 Chr-enicem
1737 3049 1902 3113 sicil.
1944 3069 2042 3129 ep.
2076 3053 2406 3130 Mnumz,
2435 3048 2742 3128 Amcdoa,
2776 3057 2825 3109 t.
2859 3049 2982 3125 111,
3012 3068 3072 3127 p.
3115 3059 3218 3127 13;
3264 3048 3529 3111 Chr-onie.

958 3157 1065 3217 Fr.
1081 3156 1289 3235 Pipini
1304 3174 1400 3233 ep.
1424 3158 1780 3228 Mun-rom,
1805 3158 2119 3236 δατήριοι,
2139 3164 2187 3218 t.
2209 3159 2318 3230 lx,
2336 3176 2397 3235 p.
2429 3167 2569 3235 6613
2595 3155 2859 3217 Chr-onio.
2882 3154 2952 3215 de
2971 3154 3093 3217 reb.
3115 3157 3181 3216 in
3200 3153 3336 3218 Ital.
3361 3164 3531 3237 qest„

957 3266 1020 3323 in
1052 3264 1306 3324 editione
1338 3271 1571 3334 nostra,
1604 3280 1665 3339 p.
1716 3272 1831 3323 228
1869 3271 1931 3324 et
1971 3282 2173 3341 seqq.;
2213 3266 2527 3324 correctius
2565 3281 2706 3324 vero
2744 3262 3078 3336 Cunsms,
3117 3261 3268 3323 Bibl.
3321 3261 3530 3339 Sicul„

960 3375 1004 3428 t.
1024 3368 1107 3438 11,
1130 3386 1190 3444 p.
1219 3377 1360 3441 669,
1381 3385 1456 3428 ex
1477 3369 1610 3429 md.
1638 3386 1752 3429 ser.
1779 3371 1967 3446 princ.
1993 3370 2070 3430 de
2086 3371 2301 3431 Fltalia
2320 3386 2417 3446 ap.
2441 3370 2827 3446 Panormum,
2847 3376 2908 3429 et
2923 3370 3363 3441 Wnnn‘rwnm,
3384 3370 3530 3433 Nou.

958 3470 1174 3534 mbsid.
1198 3470 1463 3552 diplom„
1499 3481 1540 3534 t.
1569 3473 1680 3552 XI,
1709 3491 1773 3550 p.
1806 3482 1915 3546 25,
1945 3491 2019 3534 ex
2049 3475 2180 3535 cod.
2212 3477 2405 3536 vatic.
2443 3475 3010 3551 6206.—0ptimas
3048 3491 3210 3535 nunc
3249 3475 3536 3536 editiones

958 3582 1262 3655 sequimur
1296 3579 1465 3638 datas
1505 3585 1635 3639 tum
1675 3595 1774 3657 ap.
1805 3581 2021 3652 Pmrrz,
2057 3580 2317 3640 Menum.
2360 3579 2553 3642 Germ.
2583 3579 2747 3654 hist„
2778 3588 2825 3642 t.
2858 3583 2963 3658 lv,
2993 3598 3056 3658 p.
3091 3591 3231 3657 357,
3266 3588 3393 3643 tum
3433 3600 3528 3659 ep.

956 3686 1260 3759 Pusam,
1285 3687 1521 3747 Memor.
1548 3683 1702 3745 della
1722 3684 1912 3746 chiesa
1937 3683 2341 3772 Salernitana,
2372 3693 2419 3748 t.
2450 3686 2532 3747 11.
2556 3721 2635 3731 —
2662 3688 3114 3765 Autogrephum
3143 3705 3285 3748 vero
3315 3691 3530 3764 periit.)

816 3873 893 3942 In
929 3872 1210 3942 nomine
1233 3871 1359 3941 Dei
1399 3871 1622 3942 eterni
1659 3881 1730 3942 et
1761 3872 2123 3944 salvatoris
2159 3874 2375 3944 nostri
2418 3873 2580 3945 Iesu
2628 3872 2901 3963 Christi,
2940 3895 3127 3947 anno
3163 3876 3254 3946 ab
3303 3875 3532 3946 incar-

721 3994 1000 4067 natione
1060 3995 1424 4065 millesimo
1473 3995 1947 4066 ducentesimo
1987 3995 2595 4089 quinquagesimo,
2648 3995 2761 4067 die
2799 3997 3018 4067 sabati
3059 3997 3239 4069 XVII
3271 3996 3379 4093 (4)
3416 3996 3531 4069 die

719 4119 974 4191 mensis
1010 4118 1426 4209 decembriS,
1461 4139 1644 4189 none
1676 4118 2094 4191 indictionis.

801 4278 886 4358 (a)
928 4280 996 4340 In
1027 4283 1310 4356 impresso
1336 4277 1407 4339 de
1441 4279 1645 4354 nocco,
1674 4280 1848 4341 male.

790 4520 863 4594 (4)
899 4521 960 4576 In
1001 4535 1110 4577 uno
1148 4520 1269 4577 cod.
1320 4520 1452 4584 VII,-
1480 4521 1533 4576 in
1566 4519 1734 4577 altero
1775 4518 1964 4583 XIII:
1990 4519 2048 4575 in
2079 4518 2278 4578 Chron.
2313 4520 2382 4577 de
2415 4519 2532 4576 reb.
2559 4520 2614 4575 in
2640 4519 2789 4578 Italia
2823 4527 2962 4593 gest.
3001 4520 3090 4579 die
3127 4521 3344 4580 sabbati
3367 4523 3532 4581 XVII

713 4616 974 4674 kalendas
999 4616 1311 4687 decernbris,
1333 4617 1587 4691 pessime.
1618 4618 1761 4676 Vera
1787 4624 1850 4673 ut
1877 4617 2156 4690 opinemur
2176 4617 2338 4674 lectio
2365 4617 2440 4675 ita
2466 4618 2797 4675 restituenda
2820 4626 2903 4677 est
2931 4637 2945 4674 :
2981 4618 3066 4675 die
3082 4618 3306 4677 sabbati
3323 4620 3529 4679 decimo

713 4713 800 4769 die
821 4716 1018 4770 mensis
1046 4713 1328 4771 decembris
1336 4733 1362 4778 ;
1382 4712 1451 4770 de
1474 4728 1582 4787 qua
1610 4712 1961 4772 disseruimus
1987 4713 2046 4770 in
2070 4713 2334 4772 Chronico
2356 4714 2573 4787 eodem,
2600 4731 2657 4789 p.
2685 4719 2813 4788 228,
2843 4722 2956 4774 not.
2984 4717 3082 4791 (t).

870 4813 979 4875 VI.
1021 4827 1135 4872 Pare
1153 4831 1200 4873 2.
3100 4827 3210 4879 102
