4525 6031
798 618 1002 678 Inmcr.
1033 611 1124 694 ’1.]
1685 604 2081 666 HISTORIA
2129 605 2721 696 anLoMATICA.
3497 609 3622 672 653

892 745 1319 836 FridericuS,
1351 743 1478 816 Dei
1509 741 1728 834 gratia
1758 743 2226 814 Romanorum
2266 740 2668 836 imperator,
2699 766 2975 842 semper
3018 755 3387 840 augustus,
3422 748 3620 818 Jeru-

798 872 1018 944 salem
1088 878 1159 941 et
1224 866 1454 939 Sicilie
1503 887 1660 954 reX,
1721 863 2044 959 potestati
2098 860 2444 958 papiensi,
2502 864 2694 938 fideli
2741 891 2896 960 su0,
2945 870 3246 963 graciam
3304 892 3501 942 suam
3551 879 3622 941 et

796 997 1054 1069 bonam
1084 995 1544 1066 voluntatem.
1580 990 1749 1062 Cum
1781 989 2102 1060 vellimus
2140 988 2332 1082 quod
2370 990 2684 1063 terciaria
2720 1004 3185 1087 proventuum
3224 992 3623 1065 monasterii

799 1119 1034 1193 Sancti
1062 1115 1438 1189 Salvatoris
1474 1114 1564 1187 de
1592 1112 1831 1208 Papia,
1868 1132 2006 1204 que
2032 1132 2160 1206 pro
2189 1111 2380 1182 curia
2409 1123 2647 1184 nostra
2674 1117 2888 1211 recipi
2918 1127 3204 1188 actenus
3231 1116 3617 1205 consuevit,

766 1212 774 1220 ο
802 1252 874 1317 et
905 1241 994 1314 de
1021 1262 1160 1336 qua
1192 1238 1422 1311 eidem
1463 1234 1884 1309 monasterio
1914 1233 2008 1305 ob
2039 1235 2514 1306 reverenciam
2539 1237 2700 1307 Jesu
2732 1237 2974 1309 Christi
3006 1233 3310 1330 graciam
3336 1239 3625 1310 fecimus

802 1366 1204 1461 specialem,
1240 1383 1368 1458 pro
1400 1360 1771 1433 refectione
1801 1356 2166 1430 domorum
2201 1358 2418 1452 ipsius
2452 1361 2851 1431 monasterii
2883 1363 3277 1455 colligatur;
3315 1360 3628 1434 fidelitati

800 1500 918 1562 tue
961 1486 1409 1585 precipiendo
1456 1482 1869 1555 mandamus
1908 1473 2235 1574 quatinus
2267 1493 2479 1577 super
2520 1484 3005 1556 recollectione
3052 1485 3268 1579 ipsius
3314 1486 3626 1558 terciarie

800 1614 1107 1707 aliquem
1154 1611 1382 1685 virum
1429 1608 1519 1681 de
1570 1605 1779 1701 Papia
1833 1614 2096 1677 statuas
2140 1604 2472 1677 idoneum
2519 1616 2591 1677 et
2637 1606 2949 1697 fidelem,
2992 1628 3114 1703 per
3158 1629 3366 1701 quem
3417 1609 3625 1681 etiam

804 1738 1054 1811 domus
1091 1755 1334 1807 omnes
1377 1732 1594 1827 ipsius
1633 1729 2066 1818 monasterii,
2104 1750 2243 1821 que
2276 1730 2723 1824 reparacione
2756 1731 3096 1823 indigent,
3128 1741 3389 1805 statuas
3419 1754 3626 1827 repa-

804 1861 968 1934 rari.
997 1862 1219 1955 Super
1246 1879 1386 1952 qua
1416 1855 1732 1929 terciaria
1757 1875 1902 1926 non
1933 1852 2292 1950 permittas
2324 1856 2663 1948 prefatum
2699 1856 3191 1927 monasterium
3220 1877 3346 1951 per
3378 1877 3633 1929 execu-

808 1995 993 2058 tores
1038 1983 1229 2056 curie
1275 1990 1508 2054 nostre
1559 1979 1648 2052 de
1689 1988 1924 2050 cetero
1973 1977 2362 2068 molestari,
2402 1978 2607 2068 juxta
2652 1978 3154 2050 immunitatem
3202 1978 3459 2051 exinde
3505 2000 3633 2074 per

805 2118 1113 2182 nostram
1152 2103 1642 2178 excellentiam
1669 2101 1799 2174 sibi
1827 2101 2106 2173 factam.

901 2233 1156 2305 Datum
1191 2228 1384 2325 apud
1417 2228 1683 2317 Casale,
1716 2225 1931 2298 tercio
1959 2224 2398 2320 septembris,
2435 2224 2557 2297 VII
2588 2224 3006 2296 indictionis,

900 2803 1397 2892 'Innocentius
1435 2836 1633 2919 papa
1673 2809 2110 2892 Hermanno
2145 2808 2569 2890 marchioni
2606 2809 2703 2890 de
2737 2808 2997 2891 Baden
3033 2809 3396 2891 ducatum
3434 2809 3633 2891 Aus-
3694 2888 3710 2931 ι
3716 2830 3959 2941 42¹1ng
3955 2863 4038 2929 ἦ..

806 2942 994 3025 triae
1045 2943 1178 3052 qui
1233 2968 1368 3052 per
1426 2942 1916 3026 donationem
1954 2937 2073 3026 G.
2144 2939 2492 3024 ducissae
2547 2941 2896 3025 Austriae
2949 2941 3207 3025 uxoris
3263 2940 3428 3053 ejus
3486 2941 3633 3052 ipsi

803 3072 1142 3185 legitime
1190 3074 1590 3159 devolutus
1631 3074 1938 3178 dicitur,
1983 3074 2425 3157 auctoritate
2462 3074 2871 3183 apostolica
2910 3075 3339 3158 confirmat.

968 3288 1178 3371 (Edid.
1209 3290 1614 3363 Senmmn,
1642 3288 1799 3349 Hist.
1829 3286 2283 3363 Zar.·Badem.,
2314 3290 2448 3350 cod.
2477 3290 2753 3367 diplom„
2781 3296 2829 3350 t.
2857 3290 2965 3363 IV,
2991 3304 3049 3366 p.
3087 3297 3227 3364 215,
3256 3305 3291 3350 e
3315 3290 3448 3351 cod.
3474 3240 3631 3353 lilbl.

1049 3397 1246 3459 Cesar.
1277 3398 1495 3467 Paris„
1523 3412 1655 3456 ano.
1669 3390 1857 3475 fonds
1884 3392 2016 3466 lat„
2050 3405 2119 3455 ιιθ
2144 3394 2357 3473 4089.)

906 3583 1352 3657 Innocentius
1371 3637 1390 3674 ,
1429 3594 1599 3674 etc„
1631 3582 1848 3656 nobili
1874 3583 2030 3656 viro
2064 3584 2464 3655 Hermanno
2493 3582 2879 3655 marchioni
2916 3581 3006 3654 de
3040 3582 3277 3655 Baden
3284 3636 3629 3658 .....

810 3711 1155 3781 Ducatum
1201 3708 1349 3781 sive
1396 3706 1859 3804 principatum
1912 3705 2188 3778 Austrie
2237 3728 2400 3778 cum
2446 3706 2638 3778 omni
2687 3705 2979 3798 honore,
3017 3706 3330 3778 districtu
3368 3718 3440 3779 et
3475 3709 3635 3801 jure

808 3832 1027 3927 ipsius
1063 3830 1188 3903 tibi
1234 3830 1570 3904 donatum
1609 3830 1739 3903 rite
1775 3851 1857 3901 ac
1888 3829 2268 3901 liberaliter
2294 3830 2476 3901 inter
2513 3830 2712 3902 vivos
2736 3852 2780 3902 a
2807 3828 3023 3902 nobili
3063 3830 3353 3902 muliere
3384 3832 3469 3902 G.
3501 3831 3635 3904 du-

808 3954 986 4026 cissa
1012 3953 1288 4025 Austrie
1315 3974 1539 4026 uxore
1570 3962 1714 4044 tue,
1748 3953 1839 4029 ad
1875 3973 2087 4045 quam
2118 3953 2307 4024 idem
2339 3952 2633 4025 ducatus
2666 3974 2793 4047 per
2821 3951 3328 4024 successionem
3358 3952 3636 4027 heredi-

811 4076 1084 4167 tariam,
1114 4076 1498 4149 secundum
1517 4077 1875 4171 antiquam
1896 4085 1966 4147 et
1982 4077 2440 4169 approbatam
2464 4075 2680 4169 ipsius
2707 4085 2885 4147 terre
2912 4076 3487 4147 consuetudinem
3503 4098 3639 4150 nec

808 4221 951 4272 non
987 4222 1115 4296 per
1149 4221 1455 4272 summos
1486 4198 1874 4296 pontifices,
1910 4199 2368 4293 imperatores
2404 4208 2476 4271 et
2519 4219 2718 4300 reges
2760 4200 3227 4271 Romanorum
3270 4209 3352 4269 ut
3388 4201 3638 4274 asseris
3753 4226 3758 4231 ·

807 4322 1314 4413 confirmatam,
1351 4322 1606 4394 dicitur
1639 4302 1943 4415 legitMe
1972 4320 2369 4411 devolutuS,
2391 4320 2801 4393 auctoritate
2833 4319 2954 4392 tibi
2983 4320 3361 4414 apostolica
3387 4321 3638 4395 confir·

809 4468 1080 4519 mamus
1112 4457 1184 4519 et
1213 4446 1552 4541 presentis
1583 4444 1819 4540 scripti
1851 4444 2236 4540 patrocinio
2266 4444 2798 4517 communimus,
2823 4443 3008 4514 Nulli
3038 4464 3232 4537 ergo,
3252 4455 3385 4517 etc.
3446 4497 3466 4518 .
3529 4498 3548 4518 .
3612 4502 3628 4519 .

809 4580 1047 4643 nostre
1075 4569 1644 4661 confirmationiS,
1685 4578 1820 4641 etc.

908 4695 1164 4766 Datum
1191 4694 1538 4788 Lugduni,
1566 4695 1778 4767 XVIII
1808 4690 2141 4765 kalendas
2171 4690 2504 4781 octobriS‚
2540 4711 2727 4763 anno
2752 4690 2868 4764 vl.

972 4815 1081 4878 VI.
1122 4832 1227 4876 rm
1251 4833 1296 4876 π.
2409 4814 2421 4824 ’
3242 4820 3315 4874 83
