4525 6031
1100 707 1221 769 *130
2094 703 2524 764 FRIDERICI
2564 704 2908 766 SECUNDI
3529 706 3694 783 [Amr.
3732 707 3908 771 1249.

1099 841 1425 937 scriptam
1464 839 1761 913 Polesini
1805 839 2038 910 Sancti
2075 839 2251 930 Viti,
2308 858 2466 909 cum
2513 839 2671 929 jure
2708 848 2779 909 et
2822 836 3219 909 omnimoda
3242 838 3724 929 jurisdictione
3756 843 3910 914 exi-

1097 965 1308 1058 gendi
1357 966 1426 1035 in
1473 963 1660 1035 dicto
1707 962 2195 1035 flumine-Padi
2242 983 2370 1057 per
2414 961 2752 1033 directum
2796 959 2982 1031 dicte
3027 960 3194 1033 ville
3231 959 3527 1032 Polesini
3583 962 3858 1035 dacium
3884 1017 3904 1055 ,

1099 1088 1469 1183 pedagium
1487 1141 1506 1177 ,
1544 1087 1839 1179 vectigal
1869 1107 1992 1156 seu
2033 1086 2386 1157 toloneum
2414 1105 2456 1155 a
2484 1084 3040 1177 quibuscumque
3074 1082 3625 1156 conducentibus
3655 1108 3909 1178 naves,

1101 1231 1365 1283 merces
1384 1220 1452 1282 et
1477 1211 1648 1282 alias
1680 1232 1790 1281 res
1820 1231 1903 1280 ac
1934 1209 2468 1280 ascendentibus
2495 1219 2567 1278 et
2598 1207 3178 1280 descendentibus
3208 1228 3333 1302 per
3362 1207 3624 1279 dictum
3653 1210 3912 1283 flumen

1097 1332 1263 1404 Padi
1305 1354 1431 1426 pro
1464 1331 1664 1403 dictis
1700 1331 2027 1417 navibus,
2073 1330 2416 1401 mercibus
2451 1340 2523 1401 et
2557 1330 2765 1401 rebus
2796 1329 3350 1421 quibuscumque
3396 1332 3914 1405 transeuntibus

1098 1476 1225 1550 per
1256 1455 1516 1527 dictum
1556 1454 1813 1525 flumen
1849 1453 2042 1525 Padi.
2091 1453 2176 1524 Et
2214 1452 2349 1524 hoc
2380 1474 2520 1524 non
2564 1452 3000 1524 obstantibus
3036 1451 3384 1544 aliquibus
3424 1451 3914 1527 donationibus

1096 1601 1220 1652 seu
1264 1577 1825 1650 concessionibus
1868 1598 1994 1671 per
2033 1599 2161 1649 nos
2201 1598 2325 1647 seu
2372 1560 2898 1672 predecessores
2947 1584 3221 1647 nostros
3261 1575 3457 1647 factis
3506 1586 3577 1647 et
3629 1577 3914 1651 indultis

1097 1703 1248 1774 aliis
1294 1702 1845 1794 quibuscumque
1890 1700 2234 1793 personis,
2270 1700 2522 1793 quibus
2562 1698 3053 1771 donationibus
3084 1709 3154 1770 et
3199 1700 3763 1774 concessionibus
3820 1723 3916 1775 ex

1096 1836 1284 1898 certa
1339 1825 1625 1897 scientia
1684 1834 1754 1896 et
1802 1824 1892 1896 de
1942 1823 2372 1919 plenitudine
2433 1834 2668 1896 nostre
2728 1824 2916 1915 regie
2973 1824 3332 1918 potestatis
3386 1824 3804 1918 derogamus
3844 1838 3916 1899 et

1095 1950 1505 2042 derogatum
1547 1969 1696 2020 esse
1722 1948 2044 2020 volumus
2075 1970 2202 2042 per
2228 1958 2610 2042 presentes,
2644 1948 2730 2019 Et
2755 1946 2891 2018 hoc
2921 1967 3063 2017 non
3100 1945 3536 2019 obstantibus
3565 1950 3913 2042 aliquibus

1094 2073 1402 2166 legibus,
1450 2072 1724 2144 statutis
1770 2081 1840 2143 et
1889 2070 2187 2142 decretis
2226 2071 2298 2141 iu
2340 2071 2762 2143 contrarium
2804 2069 3245 2158 facientibus,
3281 2092 3366 2142 ac
3402 2072 3812 2144 nominatim
3845 2085 3916 2146 et

1095 2217 1425 2291 expresse
1475 2217 1635 2266 cum
1676 2194 2088 2265 utilitatibus
2134 2194 2688 2286 quibuscumque
2726 2204 2797 2266 et
2828 2214 2987 2265 cum
3020 2215 3215 2265 mero
3250 2204 3322 2266 et
3359 2194 3582 2266 mixto
3623 2197 3913 2292 imperio

1096 2331 1168 2393 et
1198 2320 1595 2393 omnimoda
1619 2317 2098 2411 jurisdictione
2129 2338 2213 2389 ac
2253 2317 2467 2409 gladii
2504 2326 2846 2413 potestate
2879 2317 2952 2387 in
2989 2317 3318 2412 predictis
3351 2319 3628 2409 castriS,
3668 2320 3908 2412 terris,

1092 2443 1313 2531 villis,
1346 2443 1589 2531 curiiS,
1632 2441 1989 2513 territoriis
2021 2451 2094 2512 et
2122 2440 2436 2534 quolibet
2466 2461 2588 2512 seu
2619 2441 2929 2534 qualibet
2955 2439 3260 2534 ipsorum
3289 2451 3360 2512 et
3389 2441 3724 2535 ipsarum,
3762 2461 3916 2537 pre·

1093 2567 1281 2639 dicto
1305 2566 1592 2652 Uberto,
1631 2563 2005 2637 heredibus
2039 2564 2471 2658 posterisque
2512 2563 2654 2635 suis
2689 2563 2781 2636 ab
2817 2582 2902 2635 eo
2936 2574 3008 2636 et
3044 2563 3420 2636 heredibus
3451 2587 3577 2637 seu
3619 2565 3911 2637 descen-

1092 2689 1420 2762 dentibus
1450 2689 1521 2759 in
1560 2687 1701 2760 fide
1757 2709 1840 2759 ac
1883 2687 2253 2760 devotione
2287 2698 2526 2760 nostra
2562 2687 3088 2782 persistentibus
3134 2688 3414 2782 proprio
3449 2699 3689 2761 nostro
3723 2699 3919 2761 motu

1090 2835 1174 2886 ac
1229 2813 1318 2885 de
1370 2811 1802 2907 plenitudine
1843 2811 2203 2904 potestatis
2246 2820 2481 2883 nostre
2538 2821 2609 2882 et
2643 2832 2737 2882 ex
2778 2821 2968 2882 certa
3018 2812 3308 2885 scientia
3340 2820 3576 2884 nostra
3609 2814 3914 2907 presenti

1092 2937 1343 3033 pagina
1377 2936 1710 3007 duximus
1740 2934 2161 3006 conferenda
2198 2944 2270 3005 et
2305 2933 2752 3006 concedimus
2782 2943 2994 3029 atque
3038 2935 3287 3006 damus
3321 2938 3536 3032 pleno
3557 2938 3722 3030 jure
3749 2987 3771 3028 ,
3818 2937 3917 3008 ita

1090 3061 1281 3154 quod
1322 3060 1590 3131 roboris
1634 3068 1971 3154 perpetuo
2001 3069 2234 3130 teneat
2272 3057 2695 3129 firmitatem.
2734 3058 2964 3142 Quare
3010 3060 3316 3153 presenti
3350 3069 3593 3132 nostro
3632 3080 3916 3133 cesaree

1092 3184 1348 3278 scripto
1380 3183 1795 3253 mandamus
1823 3192 1893 3253 et
1918 3180 2208 3253 firmiter
2235 3182 2654 3275 precipimus
2681 3191 3028 3273 quatenus
3055 3182 3291 3253 nullus
3319 3183 3406 3253 sit
3421 3184 3539 3277 qui
3571 3184 3915 3278 prefatum

1090 3307 1420 3378 Ubertum
1472 3326 1772 3397 suosque
1822 3303 2151 3391 heredes,
2196 3314 2514 3397 posteros
2562 3314 2634 3375 et
2677 3326 3111 3376 successores
3150 3305 3223 3376 in
3266 3305 3598 3400 predictis
3632 3307 3912 3396 castris,

1092 3429 1329 3519 terriS,
1366 3429 1581 3516 villis,
1625 3427 1877 3514 curiiS,
1920 3426 2349 3516 homiuibuS,
2399 3427 2729 3517 terrenis,
2782 3428 3175 3518 territoriis,
3233 3430 3434 3522 aquis
3467 3439 3537 3501 et
3572 3451 3914 3523 aquarum

1089 3553 1530 3642 decursibus,
1575 3551 2025 3640 molendinis„
2059 3550 2274 3646 septis
2308 3550 2903 3641 molendinorum,
2942 3552 3173 3646 puteis
3209 3574 3252 3624 a
3279 3554 3424 3624 sale
3455 3562 3527 3625 et
3556 3554 3794 3626 salinis
3828 3576 3914 3629 ac

1085 3702 1218 3751 usu
1249 3677 1545 3750 faciendi
1579 3688 1650 3750 et
1690 3676 2129 3749 conducendi
2160 3677 2378 3747 salem
2400 3728 2420 3765 ,
2466 3675 2743 3768 juribus
2766 3728 2786 3766 ,
2834 3676 3242 3768 rationibus,
3273 3678 3906 3772 jurisdictionibus,

1086 3802 1544 3892 honorantiis,
1579 3801 1984 3889 honoribuS,
2014 3799 2475 3894 pertinentiiS‚
2500 3800 2858 3890 limitibus,
2882 3799 3255 3891 exercitiis,
3285 3800 3668 3895 pischeriiS,
3693 3824 3911 3876 vena·

1087 3926 1422 4016 tionibuS,
1460 3925 1795 4020 pasculis„
1835 3923 2270 4013 nemoribus,
2303 3923 2653 3994 montibus
2687 3933 2758 3994 et
2788 3922 3048 4018 planiS,
3091 3924 3449 4018 passibus,
3488 3926 3801 4020 pedagiis
3841 3937 3916 4000 et

1080 4047 1492 4120 utilitatibus
1523 4047 1846 4118 omnibus
1880 4047 2207 4142 predictis
2239 4056 2482 4118 contra
2507 4045 2851 4140 presentis
2871 4047 3339 4120 concessionis
3363 4058 3598 4121 nostre
3616 4050 3909 4142 gratiam

1079 4173 1421 4268 impedire
1455 4192 1578 4243 seu
1611 4173 1978 4243 molestare
2013 4178 2393 4265 presumat.
2436 4170 2506 4240 Si
2528 4170 2687 4262 quis
2715 4179 2952 4241 autem
2977 4173 3465 4244 contrafecerit
3493 4175 3610 4246 vel
3632 4184 3911 4247 contra·

1078 4298 1307 4368 facere
1346 4294 1882 4391 presumpserit,
1930 4315 2218 4386 gravem
2265 4292 2812 4385 indignationem
2872 4304 3181 4366 nostram
3229 4317 3306 4368 se
3356 4298 3635 4370 noverit
3672 4299 3913 4371 incur-

1079 4442 1343 4491 surum.
1385 4421 1532 4491 Hoc
1578 4428 1812 4490 autem
1858 4428 2092 4489 nostre
2138 4416 2531 4488 serenitatis
2571 4417 3012 4512 privilegium
3059 4419 3296 4491 valere
3333 4420 3657 4494 volumus
3690 4474 3714 4512 ,
3764 4444 3914 4495 non

1079 4542 1516 4615 obstantibus
1561 4542 1716 4632 lege
1736 4594 1754 4629 ,
1797 4549 2055 4612 statuto
2084 4550 2153 4611 et
2186 4539 2469 4612 decreto
2499 4540 2830 4633 predictis
2858 4562 2942 4613 ac
2973 4542 3476 4615 consuetudine
3509 4555 3580 4615 et
3621 4546 3910 4641 privile·

1077 4666 1209 4757 giis
1236 4665 1789 4757 quibuscumque
1823 4674 1895 4736 et
1922 4663 2075 4734 aliis
2107 4663 2182 4734 in
2213 4662 2546 4756 predictis
2576 4664 2923 4736 concessis
2949 4687 3078 4759 per
3109 4687 3239 4738 nos
3274 4677 3349 4738 et
3378 4666 3916 4761 predecessores

1081 4798 1381 4879 nostros,
1428 4788 1683 4882 quibus
1706 4798 1946 4861 nostra
1975 4786 2282 4882 presenti
2310 4786 2563 4881 pagina
2594 4808 2691 4859 ex
2723 4796 2914 4861 certa
2946 4788 3233 4861 scientia
3254 4799 3335 4861 ut
3364 4810 3574 4885 supra
3607 4791 3910 4887 deroga-
