4525 6031
1979 650 2234 710 INDEX
2283 650 2982 713 DOCUMENTORUM.

1912 980 2080 1051 nnis,
2111 982 2381 1041 condolet
2405 982 2480 1042 de
2515 981 2945 1059 disgregatione
2978 980 3184 1040 classis
3217 982 3384 1058 ejus,
3415 984 3805 1055 precaturque
3830 984 3898 1039 ut

1911 1073 2024 1134 sibi
2049 1076 2124 1135 de
2149 1079 2513 1137 continentia
2535 1085 2726 1138 status
2752 1076 3052 1136 rescribat.
3777 1082 3894 1134 745

1834 1202 1908 1215 -
1950 1172 2018 1231 Β.
2069 1177 2306 1252 reginae
2348 1176 2712 1235 Francorum
2758 1174 2963 1234 scribit
3018 1190 3082 1233 se
3125 1174 3337 1233 nuntio
3389 1171 3618 1231 Aifonsi
3663 1173 3895 1232 comitis

1911 1269 2293 1331 Pictaviensis
2328 1270 2437 1331 filii
2476 1276 2608 1348 ejus
2648 1288 2885 1332 saumas
2918 1270 3198 1331 frumenti
3237 1274 3299 1330 et
3345 1268 3548 1329 hordei
3592 1268 3895 1346 bonosque

1909 1365 2237 1428 dextrarios
2270 1370 2696 1446 assignavisse,
2734 1383 3014 1428 concessa
3054 1366 3245 1426 eidem
3289 1367 3527 1426 licentia
3568 1367 3893 1427 necessaria

1910 1461 2206 1535 quaelibet
2235 1462 2310 1522 de
2338 1478 2518 1539 regno
2543 1479 2652 1523 suo
2678 1461 3049 1523 extrahendi.
3144 1541 3154 1549 ⁸
3774 1469 3889 1521 746

1829 1587 1912 1598 -
1950 1557 2096 1635 Regi
2145 1558 2507 1619 Francorum
2551 1558 2844 1637 significat
2879 1558 3039 1635 quod
3084 1557 3269 1617 mittit
3302 1554 3630 1616 dextrarios
3663 1562 3724 1616 et
3759 1558 3892 1617 vic-

1908 1655 2090 1714 tualia
2116 1655 2363 1716 Aisonso
2386 1656 2552 1715 fratri
2580 1671 2689 1716 suo
2724 1657 2789 1715 in
2816 1655 3147 1715 subsidium
3184 1652 3399 1713 Terrae
3428 1653 3679 1715 Sanctae
3705 1650 3889 1729 pross-

1907 1753 2169 1812 ciscenti.
3772 1758 3887 1810 ’148

1829 1879 1908 1892 -
1946 1849 2258 1909 Communi
2284 1849 2611 1909 Maceratae
2646 1848 2923 1910 fidelibus
2958 1851 3080 1908 suis
3115 1849 3543 1909 concessionem
3587 1847 3887 1924 quondam

1904 1961 2008 2021 per
2036 1945 2358 2005 Henricum
2392 1945 2581 2006 filium
2620 1962 2829 2022 suum,
2867 1947 3098 2021 imperii
3127 1947 3192 2006 in
3232 1945 3406 2005 Italia
3432 1945 3720 2022 legatum,
3762 1944 3888 2005 fac-

1902 2049 2058 2114 tam,
2086 2050 2274 2103 ratam
2301 2044 2562 2104 habetet
2586 2044 2920 2105 confirmat.
3771 2051 3886 2104 750

1695 2186 1712 2202 .
1824 2174 1905 2185 —-
1945 2142 2293 2201 Meinhardo
2320 2144 2521 2201 comiti
2558 2143 2826 2203 Goriciae
2860 2144 3167 2217 capitaneo
3201 2157 3309 2201 suo
3344 2141 3409 2200 in
3448 2140 3649 2219 Styria
3682 2147 3887 2201 aucto·

1059 2516 1283 2578 octobri
1293 2563 1308 2579 .

1902 2240 2134 2296 ritatem
2160 2239 2428 2297 concedit
2463 2237 2782 2314 recipiendi
2810 2244 2870 2297 ct
2895 2237 3175 2297 fidelibus
3206 2238 3331 2297 suis
3361 2236 3662 2314 obligandi
3687 2239 3890 2297 omnia

1902 2334 2058 2393 bona
2097 2351 2249 2411 quae
2287 2336 2616 2412 patriarcha
2649 2334 3061 2413 Aquiiegcnsis
3096 2339 3159 2395 ct
3195 2336 3297 2395 alii
3341 2334 3586 2410 praelati
3621 2331 3889 2394 infideles

1900 2433 1962 2488 in
1991 2429 2188 2506 Styria
2214 2436 2274 2489 et
2295 2430 2569 2491 Carnioia
2597 2431 2917 2508 possident.
3768 2441 3879 2492 751

1689 2570 1707 2586 .
1824 2558 1902 2572 -
1941 2527 2186 2587 Gratam
2221 2527 2401 2587 habet
2439 2528 2853 2605 obiigationem
2893 2544 2998 2605 per
3036 2529 3309 2587 comitem
3351 2526 3612 2587 Goritiae
3655 2531 3883 2604 capita-

1094 2801 1272 2885 [anno

1045 2910 1285 2962 exeunt.
1298 2905 1325 2980 ]

1049 3058 1317 3177 ,1352

1096 3194 1130 3244 5
1151 3189 1280 3263 jan.

1896 2643 2073 2686 neum
2104 2643 2276 2687 suum
2307 2631 2369 2687 in
2400 2628 2596 2704 Styria
2624 2629 2700 2688 H.
2733 2630 2935 2688 comiti
2963 2627 3035 2687 de
3063 2626 3419 2705 Ortemburg
3444 2628 3598 2705 apud
3627 2627 3885 2705 Grazlup

1898 2738 2006 2798 pro
2031 2727 2324 2783 sexcentis
2352 2727 2565 2784 marcis
2590 2727 2818 2802 argenti
2848 2724 3088 2784 factam.
3696 2783 3727 2802 ,‚
3767 2734 3881 2785 752

1770 2865 1786 2880 .
1822 2851 1899 2863 —
1938 2818 2206 2879 Conrado
2232 2819 2356 2879 ssiio
2392 2837 2501 2880 suo
2527 2825 2765 2882 nuntiat
2793 2823 3099 2881 victoriam
3125 2822 3188 2879 in
3216 2818 3481 2880 Marcbia
3507 2821 3885 2884 Anconitana

1899 2915 1974 2975 de
2020 2917 2194 2976 Petro
2241 2916 2565 2993 Cappoccio
2603 2918 2968 2994 Apostolicae
3003 2917 3172 2979 Sedis
3207 2918 3401 2995 legato
3435 2924 3495 2977 et
3533 2920 3883 2995 sequacibus

1899 3014 2028 3088 ejus
2062 3020 2450 3099 reportatam,
2488 3031 2735 3075 monens
2769 3018 3039 3075 civitates
3074 3013 3257 3091 hujus
3303 3015 3556 3093 regionis
3591 3014 3669 3075 ad
3703 3033 3883 3078 suum

1899 3107 2226 3167 dominium
2254 3126 2394 3169 mox
2424 3110 2734 3170 redituras.
3764 3123 3880 3173 755

1431 3195 1710 3275 Poggiae.
1820 3235 1897 3245 —
1939 3204 2177 3263 Nicoiao
2193 3205 2433 3277 Rufuio,
2449 3209 2731 3283 magistro
2747 3209 3069 3267 camerario
3084 3207 3449 3285 Principatus
3471 3215 3531 3267 et
3549 3208 3763 3269 Terrae
3773 3210 3884 3270 La·

1301 3610 1318 3628 ·
1429 3577 1704 3656 Poggiae.

1898 3299 2076 3376 boris,
2091 3301 2334 3360 mandat
2350 3310 2417 3362 ut
2435 3305 2751 3363 conventui
2770 3303 3104 3364 cassinensi
3120 3307 3349 3364 restitui
3363 3303 3542 3364 faciat
3558 3306 3880 3381 quamdam

1896 3400 2112 3470 petiam
2141 3403 2327 3456 terrae
2352 3399 2507 3473 apud
2523 3399 2807 3474 Capuam,
2834 3416 3014 3475 quam
3037 3399 3335 3475 quondam
3358 3399 3568 3460 Petrus
3590 3400 3666 3460 de
3689 3400 3880 3461 Vinea

1897 3492 2159 3567 proditor
2177 3511 2309 3553 cum
2332 3494 2629 3554 Guaiterio
2647 3499 2856 3555 comite
2871 3497 3191 3572 Manupelii
3211 3501 3691 3556 commutaverat.
3760 3506 3871 3556 ’157

1816 3621 1899 3633 -
1937 3591 2221 3650 Rainaido
2249 3592 2323 3650 de
2358 3592 2668 3652 Brunforte
2700 3596 3109 3653 auctoritatem
3135 3593 3401 3654 concedit
3427 3593 3587 3670 quod
3622 3596 3876 3653 univer-

1896 3687 2096 3743 sitates
2133 3693 2191 3744 et
2228 3687 2489 3763 singulos
2529 3688 2602 3747 de
2630 3688 2890 3747 Marchia
2937 3691 3039 3764 qui
3080 3690 3142 3746 in
3184 3704 3352 3747 suam
3393 3686 3572 3747 fldem
3612 3690 3875 3748 converti

1895 3781 2206 3855 voluerint,
2238 3786 2477 3842 nomine
2504 3800 2611 3843 suo
2640 3801 2842 3844 rursus
2872 3787 2934 3843 in
2964 3786 3214 3859 gratiam
3242 3785 3504 3859 recipiat,
3536 3790 3649 3843 etc.
3757 3793 3872 3843 759

1685 3915 1704 3932 .
1761 3917 1777 3933 .
1814 3911 1896 3920 -
1935 3878 2261 3939 Cumanum
2306 3882 2625 3939 Romaniae
2667 3881 2969 3957 despotem
3018 3886 3215 3941 monet
3260 3898 3322 3941 se
3369 3881 3635 3956 unquue
3677 3883 3875 3958 copias

1892 3990 2219 4033 convocare
2258 3992 2394 4034 cum
2421 3977 2634 4051 quibus
2675 3993 2808 4034 vere
2848 3979 3117 4051 proximo
3149 3978 3208 4034 in
3247 3977 3443 4036 hostes
3480 3993 3617 4036 suos
3655 3993 3872 4053 proce-

1891 4069 2026 4129 dere
2078 4071 2365 4142 decrevit,
2414 4078 2797 4147 precaturque
2840 4073 2999 4147 quod
3043 4072 3442 4147 stipendiariis
3487 4089 3640 4148 quos
3684 4074 3762 4133 ad
3809 4089 3873 4133 se

1889 4164 2185 4226 Johannes
2212 4170 2525 4244 imperator
2552 4168 2846 4228 destinare
2872 4175 3175 4245 procurat,
3206 4171 3333 4244 ipse
3360 4185 3635 4229 securum
3662 4176 3873 4229 trans—

1889 4264 2037 4321 itum
2065 4265 2358 4339 praebeat.
3756 4275 3872 4327 760

1811 4389 1888 4401 -
1925 4357 2170 4419 Cuidam
2198 4363 2503 4436 capitaneo
2540 4360 2743 4421 scribit
2773 4368 2843 4420 ut
2872 4367 3038 4437 paret
3063 4379 3126 4421 se
3152 4361 3230 4421 ad
3268 4361 3702 4437 procedendum
3734 4378 3873 4423 cum

1887 4455 2017 4527 ipso
2044 4462 2250 4515 contra
2278 4458 2571 4529 inimicos,
2603 4473 2736 4517 cum
2768 4460 3157 4533 quantitatem
3196 4458 3594 4518 archeriorum
3634 4474 3670 4518 a
3699 4459 3870 4518 Caio-

1882 4548 2151 4609 Johanne
2204 4568 2417 4627 genero
2464 4569 2571 4612 suo
2624 4557 2913 4628 acceperit
2959 4555 3266 4630 multaque
3304 4555 3421 4613 aiia
3461 4555 3751 4630 praesidia
3791 4555 3870 4614 ad

1883 4644 2283 4705 confusionem
2323 4647 2623 4707 rebellium
2660 4652 3109 4724 praeparaverit.
3748 4659 3860 4710 761

1677 4777 1695 4793 .
1805 4768 1881 4781 -
1923 4740 2460 4817 Reintegratoribus
2516 4743 2825 4804 feudorum
2869 4746 2931 4802 in
2977 4746 3325 4821 capitanata
3377 4744 3624 4805 mandat
3672 4751 3741 4805 ut
3787 4745 3868 4805 ad
