4525 6031
642 646 845 706 uum.
882 641 1011 718 15]
1530 627 1927 695 ins-rcum
1975 627 2564 693 mutorum-ica
3335 628 3458 692 sav

641 777 972 853 clericum
1003 782 1074 846 et
1103 769 1385 843 fidelem
1416 774 1731 837 nostrum
1759 764 1833 834 in
1869 761 2161 835 ecclesia
2196 774 2429 836 vestra
2461 766 2808 860 recipiatis
2838 767 2907 838 in
2946 766 3357 840 canonicum
3389 776 3461 837 et

642 904 715 975 in
741 904 1054 988 fratrem,
1079 894 1527 992 providentes
1558 889 1622 960 ei
1657 887 1747 959 de
1781 887 2139 983 prebenda
2176 887 2399 981 siqua
2433 899 2635 961 vacat
2670 891 2761 963 ad
2793 912 3079 985 presens
3101 890 3213 962 vel
3250 911 3461 983 quam

640 1027 943 1123 primum
989 1039 1241 1094 vacare
1277 1012 1693 1105 contingerit
1737 1032 1863 1105 pro
1905 1019 2140 1083 nostre
2182 1013 2573 1084 reverentia
2615 1013 2995 1107 majestatis
3014 1067 3033 1100 ‚
3085 1023 3165 1085 ut
3205 1011 3461 1085 exinde

644 1150 1014 1248 petitiones
1035 1152 1307 1219 vestras
1335 1138 1959 1234 quotienscumque
1993 1134 2197 1213 nobis
2220 1135 2453 1211 oblate
2485 1137 2770 1229 fuerint,
2796 1148 3158 1215 teneamur
3189 1138 3462 1211 favora-

645 1276 855 1350 bilius
886 1268 1247 1345 exaudire.

743 1400 999 1474 Datum
1025 1395 1338 1488 Hagene,
1370 1386 1619 1463 ultimo
1643 1384 1850 1475 maii,
1888 1384 2012 1463 XV
2041 1382 2444 1463 indictione.

762 1907 1193 2013 Conradus,
1259 1906 1340 1987 in
1396 1931 1657 2016 regem
1710 1905 2230 1989 Romanorum
2283 1905 2564 1989 electus
2583 1968 2608 2014 ,
2665 1904 2957 1988 civibus
3004 1908 3102 1990 de
3157 1904 3479 1990 Colum-
3528 1926 3893 2036 wffiegnffioe.

655 2040 870 2123 baria
914 2052 991 2123 et
1033 2038 1522 2149 Kaisersberg
1568 2041 1889 2122 mandat
1932 2065 2032 2122 ne
2072 2038 2427 2123 abbatem
2479 2049 2555 2122 et
2609 2050 3063 2123 conventum
3120 2040 3220 2122 de
3264 2039 3479 2122 Paris

655 2173 737 2254 in
782 2173 1299 2291 exactionibus
1336 2183 1469 2255 aut
1503 2172 1835 2256 collectis
1880 2171 2363 2281 aliquatenus
2413 2171 2854 2275 molestent,
2912 2196 3089 2253 cum
3134 2171 3482 2281 quadra-

658 2306 870 2415 ginta
898 2318 1232 2388 carratas
1258 2305 1601 2414 lapidum
1639 2307 1737 2388 ad
1769 2304 2225 2388 muniendas
2254 2305 2591 2388 civitates
2627 2329 2808 2387 suas
2843 2304 3027 2386 dare
3060 2329 3482 2388 consueve-

662 2439 817 2521 rint
863 2439 1289 2521 annuatim.

823 2629 1028 2707 (Edtd.
1060 2629 1268 2704 Haeo,
1299 2628 1469 2690 Sacr.
1497 2627 1687 2708 antiq.
1723 2643 2007 2704 monum„
2033 2632 2084 2688 t.
2115 2626 2199 2704 11,
2223 2644 2285 2703 p.
2321 2634 2471 2700 294,
2503 2642 2581 2685 ex
2605 2623 2932 2686 confirmat.
2967 2624 3161 2687 Carol.
3195 2627 3303 2707 IV,
3332 2644 3479 2690 ann.

904 2732 1110 2814 135⁴)

757 2896 1149 2986 ConraduS,
1189 2894 1337 2968 divi
1376 2894 1654 2988 augusti
1700 2893 2138 2989 imperatoris
2174 2892 2503 2966 Friderici
2549 2890 2769 2983 filius,
2810 2892 2936 2965 Dei
2979 2894 3202 2986 gratia
3239 2896 3488 2973 Roma-

660 3041 912 3096 norum
943 3021 1015 3094 in
1047 3042 1285 3114 regem
1319 3023 1580 3093 electus
1615 3042 1893 3116 semper
1928 3029 2266 3113 augustus
2298 3028 2370 3091 et
2403 3018 2608 3092 heres
2640 3019 2836 3110 regni
2876 3018 3484 3111 Hierosolimitani,

663 3145 973 3215 scultetis
1016 3154 1088 3215 et
1120 3144 1387 3216 civibus
1429 3146 1518 3217 de
1555 3144 1992 3217 Columbaria
2034 3155 2105 3217 et
2137 3143 2229 3215 de
2260 3142 2714 3237 Keisersperg
2751 3141 3073 3215 fidelibus
3110 3143 3252 3216 suis
3290 3166 3489 3219 suam

663 3268 956 3360 gratiam
993 3263 1119 3365 [et]
1158 3288 1364 3340 omne
1404 3269 1695 3341 bonum.
1745 3269 1914 3341 Cum
1960 3268 2177 3340 abbas
2219 3263 2348 3364 [et]
2394 3277 2782 3339 conventus
2830 3268 2919 3340 de
2959 3268 3149 3340 Paris
3170 3321 3190 3358 ,
3241 3269 3490 3341 Cister-

665 3390 916 3463 ciensis
948 3390 1239 3483 ordiniS,
1275 3392 1369 3465 ab
1401 3393 1911 3483 exactionibus,
1950 3392 2258 3466 collectis
2289 3401 2364 3464 et
2390 3392 2483 3463 ab
2519 3413 2606 3465 eo
2633 3391 2826 3485 quod
2850 3393 3095 3484 ungalt
3114 3391 3216 3488 (a)
3245 3395 3492 3488 vulga-

668 3515 836 3590 riter
887 3518 1280 3611 appellatur
1333 3517 1582 3589 merito
1632 3516 1773 3588 sint
1816 3517 2201 3607 immuneS,
2259 3516 2350 3588 de
2404 3525 2748 3610 potestate
2798 3526 3088 3610 paterna
3139 3527 3212 3590 et
3258 3526 3496 3589 nostra

667 3639 867 3712 vobis
919 3640 1334 3710 mandamus
1384 3648 1457 3710 et
1511 3639 1818 3711 districte
1872 3638 2294 3733 precipimus
2347 3648 2695 3731 quatenus
2751 3639 3078 3712 abbatem
3131 3651 3203 3712 et
3249 3640 3498 3718 fratres

569 3745 572 3746 ᾗ
672 3762 985 3854 ejusdem
1035 3762 1320 3838 claustri
1359 3762 1432 3838 in
1481 3762 1812 3857 predictis
1861 3773 1985 3835 aut
2030 3763 2103 3834 in
2147 3762 2300 3836 aliis
2348 3784 2487 3857 quc
2536 3772 2778 3840 contra
2815 3763 3208 3838 libertatem
3256 3785 3501 3844 eorum

671 3884 1175 3978 dignoscuntur
1227 3936 1574 3958 .....
1629 3886 2028 3960 nullatenus
2060 3885 2476 3975 molestetis,
2514 3885 2819 3962 maxime
2850 3908 3011 3958 cum
3042 3887 3254 3962 iidem
3295 3889 3499 3966 nobis

668 4008 1131 4101 quadraginta
1182 4018 1488 4080 carratas
1531 4009 1842 4103 lapidum
1891 4009 1983 4080 ad
2035 4007 2449 4084 muniendas
2504 4008 2818 4080 civitates
2867 4019 3138 4088 nostras
3173 4010 3261 4086 de
3313 4011 3501 4086 bona

668 4134 1028 4204 voluntate
1067 4141 1138 4203 et
1167 4153 1360 4203 mera
1396 4132 1808 4204 liberalitate
1836 4132 1979 4204 suis
2015 4130 2406 4225 sumptibus
2444 4141 2515 4201 et
2554 4131 2883 4226 expensis
2912 4132 3080 4203 dare
3115 4154 3502 4205 consueve-

671 4266 834 4327 runt
864 4255 1248 4327 annuatim.

768 4380 1025 4450 Datum
1062 4378 1434 4471 Wiseburg
1469 4376 1529 4475 (⁴
1546 4379 1601 4475 ),
1636 4379 1796 4451 XXI
1821 4378 2030 4472 junii,
2062 4377 2439 4450 indictione
2472 4379 2619 4450 XV.

758 4527 839 4606 (a)
883 4528 1253 4590 'theutonico
1279 4546 1550 4594 sermone
1574 4527 1828 4610 umqeld.

679 4686 758 4696 ——

735 4767 817 4842 (t)
853 4768 983 4827 Sine
1008 4767 1174 4825 dubio
1198 4768 1376 4843 agitur
1397 4769 1466 4827 de
1489 4768 2239 4843 muembowq-surJamor
2264 4768 2324 4826 in
2351 4768 2576 4826 alsatia.

835 4868 943 4931 Vl.
985 4884 1091 4929 rm
1115 4886 1161 4931 2.
3071 4878 3181 4930 106
