4525 6031
1036 636 1166 699 900
2142 642 2769 707 AanAMENTA.

1041 762 1470 856 designatur,
1504 765 2072 841 inundationibus
2103 790 2477 862 concussa,
2503 771 2772 844 elevata
2800 777 2907 841 est
2934 767 3008 839 in
3034 767 3354 841 sublime.
3393 769 3624 856 Quare
3650 767 3870 843 confi·

1044 885 1275 958 dimus
1322 889 1513 980 quod
1561 888 1678 961 ille
1715 891 1835 984 qui
1879 902 2038 986 post
2080 893 2400 965 nubilum
2432 893 2553 966 dat
2581 914 2940 982 serenum,
2979 890 3285 963 inclitam
3306 913 3632 987 sponsam
3667 914 3868 966 suam

1041 1010 1578 1084 succedentibus
1622 1015 2094 1088 turbationum
2146 1017 2471 1090 fluctibus
2513 1017 2843 1109 agitatam
2887 1014 3091 1087 oculo
3138 1010 3241 1112 (a)
3291 1014 3719 1088 clementiori
3775 1037 3871 1089 ex

1041 1135 1185 1207 alto
1215 1134 1580 1230 respiciet,
1619 1158 1759 1211 non
1791 1139 2023 1211 ferens
2051 1162 2205 1212 eam
2240 1141 2311 1211 in
2342 1141 2449 1212 sui
2471 1139 2772 1212 nominis
2801 1139 3125 1231 injuriam
3152 1137 3412 1210 diutius
3441 1139 3864 1212 conculcari.

1039 1256 1319 1330 Utinam
1335 1270 1569 1332 autem
1582 1262 1766 1334 Deus
1783 1265 2250 1361 omnipotens,
2287 1264 2359 1335 in
2390 1264 2588 1355 cujus
2621 1286 2831 1335 manu
2864 1271 3029 1335 sunt
3054 1262 3366 1335 omnium
3390 1262 3864 1357 cordaregum

1042 1389 1116 1452 et
1157 1403 1298 1474 quo
1352 1384 1653 1457 voluerit
1686 1387 1928 1475 vertit,
1998 1389 2205 1460 etiam
2255 1388 2349 1460 ad
2388 1388 2782 1461 faciendum
2829 1386 3021 1480 quod
3066 1386 3367 1481 petimus
3406 1407 3527 1460 cor
3550 1395 3864 1460 vestrum

1042 1505 1367 1596 inclinet3
1414 1507 1485 1578 in
1513 1530 1690 1601 quo,
1724 1509 1781 1581 si
1810 1508 1966 1602 flat,
1999 1532 2137 1583 non
2171 1511 2403 1583 minus
2429 1512 2677 1586 honori
2711 1521 2783 1582 et
2815 1510 3095 1582 utilitati
3122 1509 3391 1605 imperii
3417 1509 3871 1605 provideatur

1038 1648 1253 1720 quam
1282 1630 1488 1703 saluti
1514 1652 1757 1705 eorum
1784 1633 1906 1726 qui
1938 1644 2261 1706 tenentur
2297 1636 2581 1730 captivi.
2612 1635 2791 1722 Quia
2822 1655 2993 1708 vero
3023 1633 3259 1706 omnia
3292 1655 3430 1727 que
3460 1632 3552 1706 ad
3578 1654 3868 1730 precem

1040 1762 1360 1847 spectant
1395 1754 1778 1847 negotium,
1813 1777 1952 1828 non
1978 1769 2158 1831 esset
2192 1768 2418 1830 tutum
2445 1760 2557 1832 vel
2587 1758 2789 1830 facile
2812 1757 3058 1830 litteris
3088 1757 3611 1849 commendare,
3634 1757 3712 1829 in
3738 1778 3863 1832 ore

1037 1874 1174 1947 viri
1206 1878 1624 1951 venerabilis
1648 1888 1720 1952 et
1749 1880 2026 1955 discreti
2054 1904 2138 1955 ac
2169 1882 2471 1975 religiosi
2517 1882 2627 1972 C„
2677 1882 2922 1977 prioris
2949 1880 3421 1953 Karitadensis
3448 1878 3591 1979 (⁴),
3623 1880 3865 1955 latoris

1037 2000 1492 2093 presentium,
1530 2000 1621 2074 de
1648 2002 1848 2093 cujus
1879 2002 2296 2075 discretione
2322 2000 2768 2093 confidimus,
2800 2002 3158 2098 posuimus
3173 2002 3393 2075 verba
3409 2011 3682 2094 nostra,
3716 2003 3859 2095 cui,

1038 2123 1099 2196 si
1126 2124 1389 2219 placet,
1428 2134 1778 2218 tamquam
1803 2126 2005 2198 nobis
2033 2127 2408 2218 benignam
2440 2126 2866 2201 audientiam
2900 2126 3274 2222 prematis.

665 2702 813 2760 (¹²⁴¹
829 2713 943 2746 ⁸²⁸⁰
1145 2692 1569 2777 Fridericus
1586 2756 1610 2800 ‚
1642 2693 2165 2776 Romanorum
2202 2693 2643 2802 imperator,
2700 2693 3026 2777 Benzlao
3077 2692 3497 2804 (Boleslao)
3548 2690 3858 2775 Silesiae

693 2758 922 2808 utute.)

1037 2825 1216 2909 duci
1287 2826 1634 2909 rescribit
1696 2827 1906 2935 quod
1961 2836 2352 2935 gratanter
2404 2826 2692 2909 litteras
2736 2825 2902 2936 ejus
2952 2824 3362 2936 acceperit,
3420 2834 3497 2906 et
3545 2823 3609 2906 si
3659 2845 3859 2933 quae

1037 2958 1117 3042 in
1156 2959 1473 3069 imperio
1517 2970 1595 3042 et
1626 2959 1882 3069 regnis
1918 2958 2078 3043 suis
2128 2959 2374 3044 eidem
2422 2970 2642 3069 grata
2677 2960 3087 3068 resideant,
3125 2958 3196 3043 ei
3243 2958 3568 3044 libenter
3604 2956 3849 3043 offert.

1201 3175 1448 3250 (Inedit.
1480 3192 1557 3235 ex
1601 3175 1734 3235 cod.
1762 3176 1933 3236 univ,
1977 3174 2289 3251 Broelaw„
2323 3173 2495 3235 class.
2531 3127 2637 3249 lv,
2669 3183 2736 3235 ιι·
2772 3184 2917 3253 102,
2965 3177 3030 3236 ln
3054 3177 3227 3253 cujus
3252 3174 3445 3235 indice
3470 3172 3706 3235 rubrica
3750 3191 3856 3237 m

1276 3279 1487 3339 titulus
1528 3278 1809 3357 epistolae
1852 3281 1938 3339 lta
1980 3285 2305 3338 exaratur.
2357 3298 2390 3335 ι
2414 3276 2747 3339 ffldm'cm
2769 3277 3054 3341 Bencztao
3079 3277 3213 3341 duci
3237 3276 3442 3342 Silene
3472 3278 3561 3359 (2)
3596 3277 3859 3341 rescribit

1275 3381 1430 3464 quod
1453 3380 1644 3445 littere
1668 3400 1766 3443 sue
1793 3382 2228 3462 impetraverint
2254 3382 2411 3465 quod
2425 3382 2725 3463 petebant.
2753 3404 2786 3443 ι

1133 3558 1534 3643 Devotionis
1559 3590 1732 3664 pure
1764 3569 2216 3665 prenunciam
2254 3580 2325 3641 et
2356 3582 2815 3666 preconcepte
2844 3570 3161 3667 puritatis
3178 3570 3630 3667 interpretem
3657 3571 3858 3643 beni-

1033 3714 1174 3787 gne
1204 3692 1541 3766 serenitas
1568 3703 1809 3764 nostra
1839 3691 2103 3788 recepit
2128 3692 2491 3789 epistolam
2523 3715 2615 3766 ex
2654 3704 2852 3790 parte
2906 3702 3024 3765 tua
3068 3704 3309 3766 nostro
3360 3693 3650 3766 culmini
3694 3714 3855 3789 pre-

1033 3826 1414 3907 sentatam,
1464 3838 1602 3910 que
1660 3838 1820 3888 cum
1871 3815 2204 3887 mittentis
2253 3816 2624 3889 essentiam
2651 3817 3106 3912 beneplacitis
3139 3817 3397 3889 nostris
3429 3825 3847 3912 exponeret,

1031 3942 1390 4035 quondam
1430 3941 1630 4016 ducis
1668 3940 1949 4013 Henrici
1986 3940 2103 4013 avi
2136 3941 2235 4012 tui
2267 3940 2655 4013 serenitatis
2682 3940 3051 4030 indicium,
3083 3942 3283 4032 cujus
3315 3949 3383 4013 te
3412 3939 3693 4014 semitas
3722 3960 3853 4036 op-

1119 4102 1204 4184 (a)
1246 4105 1321 4166 In
1346 4103 1547 4166 codice
1570 4099 1710 4179 οἱα),
1741 4103 1915 4164 male.

1103 4365 1176 4439 (t)
1210 4364 1578 4423 verisimiliter
1608 4364 1665 4422 la
1684 4363 2225 4423 emedzar-zoin
2242 4407 2257 4436 ,
2283 4362 2755 4421 Benedictinornm
2772 4364 3066 4437 prioratu.

1103 4461 1180 4535 (2)
1216 4462 1369 4519 nanc
1394 4461 1678 4536 epistolam
1708 4462 1932 4519 missam
1966 4460 2128 4519 tuine
2158 4461 2430 4518 credimus
2456 4460 2725 4532 Bolseno,
2753 4460 3072 4533 cognomine
3108 4459 3304 4532 Calvo,
3331 4459 3427 4535 qui
3458 4464 3586 4535 post
3623 4463 3854 4518 mortem

1030 4558 1204 4631 patris
1224 4557 1308 4615 sui
1334 4558 1549 4615 Henrici
1572 4557 1726 4616 ducis
1744 4556 1969 4615 silesiae
1995 4557 2054 4614 in
2077 4556 2327 4615 conflictu
2353 4562 2539 4615 contra
2561 4558 2816 4615 Tartarus
2840 4560 2874 4614 9
2901 4557 3086 4631 aprilis
3110 4559 3244 4616 tw
3282 4558 3449 4616 occisi
3463 4598 3480 4630 ,
3510 4557 3570 4615 in
3593 4557 3853 4617 ducatum

1031 4654 1102 4712 de
1125 4654 1358 4727 Liegnitz
1380 4659 1740 4712 successerat.
1766 4653 1913 4712 Haec
1935 4653 2104 4714 verba
2126 4673 2155 4709 α
2184 4654 2240 4711 ἰιι
2268 4654 2494 4729 imperio
2518 4660 2576 4713 et
2597 4653 2776 4729 regnis
2800 4654 3001 4713 nostris
3028 4673 3056 4708 ο
3087 4655 3291 4730 optime
3315 4654 3589 4715 Friderico
3613 4653 3854 4715 secundo

1029 4751 1318 4809 convenire
1347 4751 1622 4810 videntur.
