4525 6031
702 673 905 732 lxmor.
942 669 1072 749 15.]
1592 664 1989 728 HISTORIA
2039 662 2633 727 DlPLOMA'rtcA.
3404 669 3529 731 839

703 806 801 888 de
836 804 1011 914 jure
1054 812 1361 908 vacent,
1402 798 1950 908 principalibus
1985 810 2319 909 quatuor
2353 798 2718 906 exceptis,
2762 809 3362 910 potestatemque
3406 801 3527 882 in-

705 937 970 1045 dulget
1005 933 1509 1018 constituendi
1546 933 1703 1015 duo
1733 932 2043 1041 oppida,
2067 932 2277 1041 quod
2315 931 2548 1039 vulgo
2583 929 3042 1015 wichbelede
3070 932 3521 1041 appellatur,

704 1094 881 1152 cum
910 1068 1087 1178 jure
1124 1066 1378 1176 gravis
1419 1074 1767 1147 monetae
1805 1064 1883 1145 in
1915 1064 2153 1148 altero
2189 1064 2499 1147 illorum
2539 1064 2955 1147 cudendae.

788 1277 978 1357 (Edit.
1019 1295 1116 1355 ap.
1156 1279 1382 1340 Lumo.
1422 1273 1812 1356 Retclasarclz„
1845 1283 1892 1336 t.
1922 1275 2215 1352 xvl1‚p.
2257 1284 2403 1348 115,
2445 1282 2505 1336 et
2540 1278 2605 1335 tn
2642 1275 2938 1337 Mindens.
2980 1279 3234 1354 episcop.
3278 1278 3525 1352 Chron„

945 1400 1041 1460 ap.
1073 1385 1452 1462 P1sron1nu,
1482 1383 1790 1462 scriptor„
1819 1388 1869 1441 t.
1897 1382 1951 1456 1,
1981 1400 2043 1459 p.
2072 1379 2240 1459 744.)

806 1569 1185 1660 ConraduS‚
1227 1567 1370 1641 divi
1402 1568 1676 1660 augusti
1707 1567 2142 1663 imperatoris
2173 1566 2500 1638 Friderici
2533 1567 2591 1638 11
2620 1565 2829 1659 filius,
2865 1566 2994 1638 Dei
3024 1567 3247 1661 gratia
3276 1568 3529 1642 Roma-

709 1714 960 1765 norum
1017 1693 1087 1764 in
1139 1714 1376 1784 regem
1429 1694 1693 1764 electus
1729 1713 2006 1786 semper
2056 1701 2394 1783 augustus
2450 1701 2519 1762 et
2568 1690 2772 1762 heres
2818 1691 3017 1781 regni
3061 1692 3524 1785 Hierusalem,

710 1817 1054 1889 universis
1093 1817 1420 1912 paginam
1468 1825 1861 1911 presentem
1911 1815 2326 1910 inspecturis
2370 1813 2641 1886 dilectis
2681 1813 3003 1887 fidelibus
3046 1816 3189 1886 suis
3240 1818 3534 1909 gratiam

709 1962 905 2013 suam
936 1955 1008 2013 et
1037 1962 1245 2012 omne
1271 1941 1560 2012 bonum.
1589 1939 2017 2012 Constitutus
2045 1939 2115 2008 in
2148 1938 2497 2033 presentia
2524 1949 2764 2010 nostre
2787 1939 3214 2011 celsitudinis
3234 1941 3535 2014 Ioannes

707 2066 1126 2137 venerabilis
1147 2065 1528 2136 Mindensis
1561 2064 1953 2158 episcopus,
1980 2062 2275 2134 dilectus
2312 2062 2637 2157 princeps
2673 2072 2937 2153 noster,
2964 2085 3088 2157 per
3117 2065 3534 2137 sententiam

710 2189 1109 2282 inquisitam
1150 2189 1451 2260 obtinuit
1493 2209 1727 2259 coram
1772 2186 1975 2258 nobis
2015 2187 2207 2279 quod
2259 2186 2494 2258 omnia
2539 2186 2669 2257 sibi
2712 2188 2871 2279 jure
2926 2197 3258 2259 vacarent
3308 2189 3535 2261 officia

709 2313 803 2385 ad
832 2314 1307 2407 episcopatum
1335 2311 1779 2408 pertinentia,
1805 2320 2038 2404 preter
2067 2310 2184 2381 illa
2217 2319 2519 2402 quatuor
2544 2310 2950 2404 principalia
2977 2332 3116 2403 que
3148 2312 3534 2384 secundum

711 2435 1272 2506 constitutionem
1330 2434 1728 2527 generalem
1777 2443 1848 2505 et
1893 2454 2337 2505 communem
2382 2433 2723 2525 justitiam
2778 2443 2941 2505 sunt
2995 2445 3316 2530 excepta.
3368 2436 3533 2508 Pre-

714 2568 904 2630 terea
965 2558 1195 2629 eidem
1260 2558 1726 2629 concessimus
1789 2566 2204 2654 potestatem
2258 2557 2726 2629 constituendi
2788 2557 2930 2628 duo
2984 2558 3240 2653 oppida
3262 2612 3282 2649 ,
3345 2559 3537 2653 quod

712 2682 925 2773 vulgo
970 2680 1410 2754 wichbelede
1456 2683 1873 2777 appellatur,
1920 2682 2344 2774 ubicumque
2387 2681 2634 2753 eadem
2687 2680 2759 2750 in
2806 2703 2930 2752 sua
2964 2681 3222 2754 diocesi
3260 2682 3542 2754 duxerit

706 2806 1199 2877 construenda.
1249 2805 1707 2879 Nihilominus
1750 2806 1959 2878 etiam
2002 2804 2451 2878 concedimus
2493 2814 2564 2875 et
2604 2804 2947 2876 donamus
2988 2783 3215 2877 eidem
3251 2806 3533 2878 liberta-

714 2938 853 3000 tem
895 2930 967 2999 in
1008 2931 1228 3002 altero
1278 2930 1558 3002 illorum
1608 2930 2024 3026 oppidorum
2055 2950 2341 3022 gravem
2388 2937 2739 3000 monetam
2784 2929 3115 3020 cudendi,
3158 2929 3307 3001 sine
3342 2931 3539 3023 gravi

713 3054 1101 3149 prejudicio
1131 3054 1309 3148 juris
1339 3054 1572 3126 alieni.
1615 3054 1726 3127 Ad
1761 3075 2053 3147 quarum
2087 3053 2545 3125 donationum
2576 3053 2887 3124 omnium
2917 3054 3339 3126 evidentiam
3373 3078 3534 3151 pre-

715 3188 983 3250 sentem
1016 3179 1317 3251 litteram
1350 3179 1481 3251 sibi
1519 3178 1671 3251 dari
1708 3178 2032 3268 fecimuS,
2066 3178 2272 3269 sigilli
2304 3177 2522 3251 nostri
2555 3178 2936 3250 munimine
2966 3180 3384 3252 roboratam.

812 3303 1064 3374 Datum
1097 3303 1287 3398 apud
1317 3304 1617 3395 Hagen.,
1658 3302 1862 3374 tertio
1883 3302 2066 3393 julii,
2106 3301 2348 3394 quinta
2383 3302 2654 3374 decima
2690 3302 3093 3375 indictione.

831 3868 1257 3977 ConraduS,
1292 3871 1371 3950 in
1410 3871 1928 3954 Romanorum
1965 3897 2225 3981 regem
2261 3870 2580 3977 electuS,
2619 3871 2817 3955 cives
2847 3872 3326 3955 Trevirenses
3360 3898 3538 3956 cum
3620 3905 3932 4011 affluam.

719 4001 1063 4108 personis
1109 4011 1184 4085 et
1225 4002 1587 4086 omnibus
1624 4023 1889 4086 eorum
1935 4003 2157 4086 bonis
2212 4004 2358 4087 sub
2411 4004 2706 4112 imperii
2768 4014 2841 4086 et
2900 4029 3041 4087 sua
3077 4006 3541 4113 protectione
3857 3987 3871 4000 ’

718 4133 1008 4242 recipit.

881 4339 1070 4425 (Edit.
1101 4364 1195 4424 ap.
1225 4348 1516 4421 Bnownn,
1546 4346 1769 4411 annal.
1808 4348 2057 4425 Treuir„
2091 4350 2192 4410 lib.
2223 4349 2364 4412 XVI
2375 4392 2398 4425 ,
2426 4367 2488 4426 p.
2527 4357 2663 4426 137,
2704 4356 2764 4410 et
2790 4366 2887 4427 ap.
2921 4349 3277 4424 Humum,
3311 4349 3535 4411 Hister.

967 4453 1218 4529 Treuir„
1248 4461 1295 4516 t.
1327 4456 1387 4533 1,
1421 4474 1481 4532 p.
1516 4455 1683 4534 729.)

819 4640 1213 4730 Conradus,
1262 4636 1435 4738 [divi
1466 4638 1774 4737 augusti]
1815 4642 2249 4738 imperatoris
2277 4645 2605 4717 Friderici
2638 4642 2845 4734 filius,
2883 4643 3009 4715 Dei
3040 4643 3260 4734 gratia
3295 4644 3546 4716 Roma-

722 4782 972 4833 norum
1008 4763 1082 4833 in
1113 4785 1351 4856 regem
1380 4766 1642 4838 electus
1682 4787 1960 4861 semper
1986 4778 2323 4860 augustus
2354 4778 2425 4841 et
2458 4768 2663 4840 heres
2699 4766 2897 4860 regni
2924 4765 3378 4839 Hierusalem.
3416 4768 3550 4839 Te-
