4525 6031
1628 703 1882 764 INDEX
1931 702 2634 765 DOCUMENTORUM.
3440 704 3559 765 977

738 904 968 980 1250

1565 1031 1864 1107 querelam
1901 1031 2130 1093 abbatis
2151 1032 2401 1092 Sanctae
2437 1032 2657 1091 Elenae
2695 1037 2901 1091 contra
2927 1031 3156 1092 Iulium
3185 1031 3258 1091 de
3284 1032 3557 1110 Anglona

1564 1136 1890 1203 porrectam
1925 1145 2102 1205 super
2134 1128 2429 1188 casalibus
2471 1129 2839 1189 Montiscalvi
2881 1134 2942 1188 et
2972 1129 3321 1202 Tonnlculi‚
3359 1131 3557 1189 omnin

1563 1224 1628 1281 in
1654 1228 1875 1283 statum
1901 1227 2216 1299 pristinum
2244 1230 2555 1298 revocent,
2589 1230 2650 1284 et
2676 1241 2917 1285 causam
2948 1226 3203 1303 legitime
3229 1225 3557 1285 discussam

1564 1323 1884 1379 terminent
1908 1327 1969 1381 et
1994 1320 2291 1380 decidant.
3438 1329 3555 1382 ’164

759 1418 933 1477 maie.
1093 1415 1372 1494 Fogglae.
1484 1446 1563 1459 —
1598 1414 1695 1474 Ad
1747 1417 2227 1492 supplicationem
2298 1417 2584 1478 Ludovici
2651 1419 3028 1493 primogeniti
3100 1417 3336 1477 Ottonis
3387 1418 3555 1478 ducis

1562 1511 1861 1573 Bawariae
1878 1558 1897 1591 ,
1936 1518 2289 1575 sententiam
2328 1514 2441 1573 fert
2484 1520 2554 1574 ut
2597 1515 2672 1574 ad
2708 1514 3175 1575 observationem
3217 1514 3554 1592 fidejussio-

1561 1625 1708 1669 num
1742 1627 1811 1669 ac
1844 1614 2185 1671 cautionum
2220 1612 2451 1671 civibus
2481 1612 3045 1690 Wormatiensibus,
3076 1618 3240 1671 metu
3274 1628 3553 1687 personae

1559 1724 1700 1767 suae
1726 1711 2162 1783 praestiturum,
2192 1710 2531 1769 nullatenus
2561 1715 2853 1769 teneatur.
3436 1719 3549 1770 768

757 1800 940 1876 [maio
1019 1842 1446 1863 .......
1480 1834 1561 1848 -
1599 1805 1745 1881 Regi
1780 1803 2067 1865 Castellae
2101 1807 2482 1881 conqueritur
2516 1805 2593 1864 de
2630 1821 2785 1881 papa
2823 1807 2927 1882 qui
2970 1804 3081 1864 sibi
3118 1804 3341 1864 bellum
3385 1805 3550 1865 infe-

799 1898 894 1957 vei
1559 1917 1693 1960 rens
1720 1901 2059 1960 discrimina
2085 1904 2297 1962 Terrae
2331 1901 2577 1960 Sanctae
2605 1918 2723 1960 non
2752 1902 3019 1977 permisit
3045 1904 3251 1960 evitari
3268 1944 3284 1972 ,
3318 1908 3546 1962 monet-

734 1990 956 2075 Junio.]
1559 2013 1676 2074 que
1703 2014 1766 2056 se
1794 1998 1997 2057 audito
2024 2015 2164 2058 casu
2194 2001 2349 2075 regis
2377 2001 2739 2059 Francorum
2756 2041 2773 2071 ,
2804 1999 2868 2056 in
2892 2013 3072 2075 regno
3099 1997 3331 2058 Siciliae
3357 2015 3547 2059 rema-

1557 2109 1719 2161 nere,
1753 2095 1912 2153 unde
1939 2094 2126 2155 eidem
2156 2097 2281 2173 regi
2306 2095 2569 2154 subsidia
2595 2094 2825 2154 facilius
2853 2095 3229 2155 transmittat.
3430 2105 3545 2157 ’169

754 2187 935 2263 [maio
1018 2227 1446 2246 .......
1482 2224 1559 2234 -
1598 2191 1847 2251 Vatacio
1873 2193 2230 2252 Graecorum
2261 2195 2600 2269 imperatori
2632 2208 2845 2270 genero
2881 2209 2989 2252 suo
3015 2193 3347 2269 respondet,
3371 2196 3546 2254 mira-

792 2287 889 2346 vel
1558 2294 1656 2348 tus
1682 2290 1844 2365 quod
1871 2307 2022 2366 papa
2053 2290 2127 2349 ad
2158 2308 2296 2350 eum
2333 2290 2543 2349 fratres
2570 2289 3005 2350 Praedicatores
3042 2297 3101 2350 et
3138 2291 3395 2350 Minores
3433 2292 3544 2351 sub

732 2382 957 2457 Junio.]
1560 2387 1858 2463 religionis
1909 2394 2214 2464 praetextu
2277 2390 2535 2457 miserit3
2592 2388 2751 2447 unde
2813 2403 2998 2463 papae
3061 2393 3121 2446 et
3173 2388 3544 2449 sacerdotum

1555 2479 1790 2540 fraudes
1814 2487 1875 2540 et
1896 2483 2230 2541 inimicitias
2266 2484 2479 2541 acriter
2514 2487 2573 2540 et
2613 2480 2743 2539 fuse
2784 2496 3151 2559 memorans,
3188 2481 3349 2541 dolet
3381 2484 3543 2558 quod

1556 2579 1679 2653 ipse
1724 2579 1973 2638 Vataces
2013 2578 2088 2637 ad
2126 2575 2462 2654 pontificem
2503 2577 2932 2637 ambaxiatores
2977 2580 3272 2637 remittere
3324 2581 3538 2639 volue-

704 2769 972 2841 ²3100fl·
1064 2781 1136 2839 In
1163 2784 1389 2858 campis
1473 2677 1802 2831 —rssgg
1828 2772 2142 2832 Benedicto
2188 2773 2550 2848 procuratori
2594 2771 2881 2830 bonorum
2922 2770 3224 2847 quondam
3265 2688 3452 2831 Petri⁷
3463 2686 3537 2832 ἷίἰ

1140 2894 1321 2954 prope
1552 2867 1742 2929 Vinea
1777 2869 2085 2945 proditoris
2122 2868 2369 2927 mandat
2404 2868 2564 2943 quod
2598 2869 2955 2926 monasterio
2991 2867 3326 2928 cassinensi
3362 2872 3538 2928 resti-

1046 2972 1392 3035 Bisacciam‚
1551 2970 1681 3024 tuat
1707 2964 2025 3041 quamdam
2058 2968 2272 3041 petiam
2300 2970 2486 3025 terrae
2512 2981 2693 3041 quam
2720 2964 2998 3024 Nicolaus
3022 2962 3280 3025 Rufulus
3310 2966 3536 3025 dudum

1551 3064 1831 3139 magister
1865 3064 2219 3122 camerarius
2262 3063 2477 3122 Terrae
2504 3063 2749 3121 Laboris
2782 3060 2974 3120 eidem
3008 3064 3360 3121 monasterio
3391 3064 3533 3121 resi-

1551 3166 1854 3236 gnaverat.
3416 3168 3529 3219 777

727 3254 955 3338 [julia]
1066 3260 1137 3321 In
1163 3267 1384 3339 campis
1472 3288 1553 3300 —
1591 3257 2016 3317 conventiones
2051 3261 2110 3314 et
2145 3261 2318 3331 pacta
2351 3271 2453 3331 per
2488 3254 2858 3315 Gualterinm
2902 3254 2981 3314 de
3016 3255 3224 3314 Palear
3258 3256 3532 3315 comitem

1022 3373 1204 3433 prope
1227 3359 1422 3419 lacum
1549 3352 1625 3411 de
1653 3353 1988 3427 Manupello
2016 3358 2075 3411 et
2107 3354 2257 3410 sacri
2290 3354 2519 3427 imperii
2554 3354 2616 3411 in
2653 3353 2920 3413 Marchia
2952 3354 3238 3412 vicarium
3278 3368 3532 3430 genera-

652 3497 656 3503 .
1064 3453 1371 3514 Pensilem.
1553 3449 1668 3508 lem
1694 3451 1916 3508 civitati
1951 3451 2279 3510 Permanae
2303 3448 2457 3508 facta
2484 3450 2819 3512 confirmat.
3416 3458 3529 3510 779

703 3553 778 3604 26
813 3544 969 3622 julii.
1063 3550 1131 3609 In
1161 3554 1387 3626 campis
1473 3577 1551 3590 —
1591 3547 1920 3606 Justitiario
1947 3547 2326 3621 Capitanatae
2361 3546 2604 3606 mandat
2648 3554 2714 3606 ut
2744 3547 2988 3606 domum
3019 3546 3217 3607 Sancti
3244 3547 3530 3608 Johannis

1026 3662 1208 3722 prope
1232 3647 1422 3707 lacum
1550 3641 2020 3715 Jerosolimltani,
2040 3646 2457 3703 monasterium
2479 3644 2700 3703 Montis
2715 3644 2974 3720 Virginis
2992 3650 3052 3702 et
3070 3644 3314 3703 domum
3331 3644 3531 3704 Sancti

1066 3744 1377 3807 Pensilem.
1549 3740 1851 3817 Sepulchri
1875 3742 1939 3799 in
1965 3742 2430 3816 possessionibus
2457 3743 2579 3801 suis
2605 3742 2762 3817 apud
2797 3743 3039 3818 Trojam
3078 3758 3198 3800 non
3229 3743 3526 3814 molestet,

1550 3838 1782 3896 nullum
1817 3843 2014 3896 tamen
2054 3837 2412 3897 monachum
2457 3837 2550 3896 vel
2591 3837 2942 3898 confratrem
2981 3838 3056 3897 de
3092 3839 3271 3916 Troja
3313 3842 3530 3898 oriun-

1547 3933 1693 3992 dum
1717 3933 1935 3992 ibidem
1965 3949 2260 3993 remanere
2288 3935 2702 4008 permissurus.
3414 3944 3521 3995 781

745 4025 928 4101 [circa
1008 4073 1026 4093 .
1073 4072 1091 4092 .
1141 4075 1158 4093 .
1204 4075 1220 4092 .
1276 4077 1291 4093 .
1342 4076 1361 4094 .
1419 4078 1436 4096 .
1469 4061 1549 4072 —
1588 4028 1798 4088 Comiti
1829 4029 2130 4089 Gualterio
2158 4029 2232 4087 de
2257 4029 2594 4103 Manupello
2623 4032 2685 4086 in
2712 4029 2979 4088 Marchia
3006 4031 3310 4104 capitaneo
3337 4038 3530 4107 grates

689 4123 964 4199 julium]
1548 4129 1670 4203 agit
1697 4127 1770 4185 de
1803 4126 2124 4185 redditione
2150 4127 2407 4184 civitatis
2438 4127 2617 4184 Firmi
2634 4171 2650 4201 ,
2683 4144 2930 4186 monens
2955 4127 3112 4203 quod
3139 4130 3334 4202 ipsum
3362 4129 3436 4186 ad
3465 4145 3528 4188 se

1545 4237 1817 4280 revocare
1842 4237 1960 4279 non
1991 4223 2261 4297 proponit
2295 4220 2482 4279 donec
2513 4220 2746 4296 plenam
2774 4222 2848 4281 de
2882 4221 3195 4282 rebellibus
3223 4226 3528 4284 victoriam

1545 4316 1846 4388 habuerit,
1877 4324 1993 4377 etc.
3413 4330 3527 4381 782

753 4407 929 4491 [circa
1006 4458 1023 4476 .
1072 4460 1088 4477 .
1137 4459 1156 4479 .
1199 4462 1213 4476 .
1266 4462 1282 4479 .
1341 4461 1358 4479 .
1418 4462 1434 4479 .
1466 4445 1546 4457 —-
1586 4414 1827 4473 Vatacio
1844 4413 2201 4472 Graecorum
2223 4415 2562 4489 imperatori
2589 4414 2824 4472 nuntiat
2842 4416 3139 4490 quomodo
3164 4417 3373 4475 civitas
3396 4416 3525 4475 Fir-

696 4504 960 4590 august.]
1547 4528 1720 4570 mana
1749 4528 1810 4569 se
1835 4511 1913 4570 ad
1941 4510 2118 4569 fldem
2149 4512 2378 4585 imperii
2411 4513 2763 4570 converterit
2789 4517 2850 4570 et
2873 4514 3071 4571 omnia
3099 4520 3226 4571 tum
3268 4516 3332 4572 in
3358 4514 3529 4573 Italia

1546 4610 1844 4683 superiori,
1876 4613 2006 4666 tum
2033 4610 2097 4665 in
2123 4608 2476 4666 Alemannia
2504 4607 2617 4666 sibi
2645 4623 2919 4682 prospere
2946 4608 3284 4667 succedant.
3410 4616 3524 4668 790

736 4697 939 4780 [sept.]
1005 4744 1022 4762 .
1071 4746 1087 4762 .
1137 4746 1153 4762 .
1200 4744 1218 4762 .
1269 4745 1286 4763 .
1336 4748 1353 4764 .
1418 4748 1433 4764 .
1465 4735 1547 4746 —
1584 4703 1789 4762 Eidem
1816 4702 2061 4763 Vatacio
2096 4710 2306 4762 notum
2342 4703 2485 4762 facit
2513 4702 2807 4778 quomodo
2854 4707 3053 4762 omnia
3099 4704 3209 4764 sibi
3254 4721 3528 4781 prospere

1542 4801 1880 4873 succedant,
1914 4802 2058 4862 dum
2085 4801 2288 4861 fideles
2311 4804 2405 4861 sul
2436 4803 2712 4860 victorias
2734 4800 2807 4860 de
2833 4800 3149 4862 rebellibus
3177 4805 3300 4863 suis
3326 4820 3525 4880 repor-
