4525 6031
918 543 1043 605 616
1917 542 2344 606 FRIDERICI
2396 541 2742 606 SECUNDI
3365 541 3527 626 [Amr.
3563 542 3741 604 1248.

922 680 1095 751 riam
1133 690 1340 775 prout
1380 689 1532 752 erat
1567 689 1639 751 et
1682 679 1998 752 frivolam
2038 688 2473 774 reputantes,
2511 678 2732 773 ipsam
2775 675 2864 747 de
2908 676 3199 748 fratrum
3238 686 3636 749 nostrorum
3677 686 3748 749 et

921 805 1294 876 multorum
1321 805 1744 898 prelatorum
1764 804 1884 896 qui
1907 803 2270 876 nobiscum
2296 813 2460 874 tunc
2486 802 2779 874 aderant
2800 800 3115 892 consilio,
3132 800 3570 872 decrevimus
3591 801 3747 872 irri-

924 941 1064 999 tam
1099 937 1170 1000 et
1200 928 1507 1016 inanem,
1538 949 1938 1021 processum
1982 924 2388 999 eorumdem
2431 926 2985 998 examinatorum
3019 945 3230 1019 super
3260 923 3343 995 iis
3380 946 3743 1019 presump-

923 1063 1071 1122 tum
1113 1051 1392 1145 penitus
1422 1051 1887 1145 reprobando.
1922 1051 2400 1122 Concessimus
2431 1060 2690 1132 tamen,
2725 1048 2782 1119 si
2811 1048 3081 1120 venerit
3119 1048 3301 1120 idem
3343 1048 3745 1120 Fredericus

923 1175 1377 1270 personaliter
1409 1174 1585 1244 infra
1619 1185 1892 1269 tempus
1919 1174 2306 1266 legitimum
2339 1173 2490 1244 sine
2525 1172 2736 1243 armis
2767 1181 2839 1243 et
2870 1193 3027 1242 cum
3073 1169 3345 1243 modico
3378 1170 3737 1261 comitatu,

919 1296 1111 1390 quod
1137 1298 1360 1392 ipsum
1387 1319 1597 1392 super
1624 1298 2035 1392 purgatione
2061 1319 2271 1390 quam
2300 1296 2390 1368 de
2418 1295 2810 1391 suspicione
2836 1294 3149 1389 predicta
3178 1315 3252 1365 se
3280 1314 3514 1365 coram
3543 1292 3744 1365 nobis

916 1422 1100 1492 velle
1133 1431 1443 1516 prestare
1478 1421 1778 1511 dicebat,
1798 1421 1857 1491 si
1888 1419 1977 1492 de
2004 1422 2164 1512 jure
2203 1429 2275 1491 et
2300 1420 2486 1491 sicut>
2513 1418 2602 1490 de
2624 1421 2782 1511 jure
2814 1418 3210 1490 faciendum
3241 1417 3601 1506 existeret,
3625 1438 3745 1487 au-

918 1544 1250 1616 diremus.
1287 1546 1781 1615 Verumtamen
1815 1566 1956 1616 non
1990 1545 2215 1616 solum
2248 1541 2691 1637 postmodum
2728 1542 2968 1613 venire
2999 1540 3347 1632 neglexit,
3385 1539 3510 1611 sed
3544 1539 3742 1632 quasi

919 1667 1220 1739 delectet
1252 1689 1413 1738 eum
1444 1668 1886 1757 malefacere,
1911 1667 2258 1761 prioribus
2286 1666 2620 1760 nequiora
2655 1665 3122 1754 committens,
3159 1664 3535 1757 quamdam
3568 1684 3738 1746 exe.-

919 1790 1249 1861 crabilem
1282 1789 1501 1861 edidit
1533 1790 1958 1860 sanctionem
1994 1790 2176 1860 inter
2210 1789 2346 1859 alia
2383 1789 2850 1861 continentem
2887 1798 2966 1859 ut
2996 1788 3418 1880 quicumque
3449 1786 3742 1857 clericus

920 1913 1031 1983 vel
1071 1912 1430 2002 religiosus
1461 1912 1553 1983 ad
1579 1913 1828 2007 papale
1861 1913 1971 1982 vel
2007 1912 2274 2007 papalis
2303 1913 2510 2004 legati
2544 1912 2949 1984 mandatum
2988 1911 3264 2005 publice
3296 1911 3527 1982 forsan
3562 1908 3738 1981 omi·

918 2035 1087 2106 serit
1117 2036 1478 2106 missarum
1509 2057 1630 2106 seu
1660 2036 1795 2106 alia
1824 2036 2179 2107 celebrare
2208 2036 2546 2108 solemnia
2589 2045 2661 2106 et
2693 2047 3123 2107 sacramenta
3157 2032 3478 2105 fidelibus
3514 2033 3739 2117 eccle-

917 2159 1191 2231 siastica
1243 2158 1613 2253 propinare
1637 2211 1656 2248 ,
1711 2159 1799 2230 de
1850 2160 2129 2230 civitate
2173 2161 2286 2230 vel
2337 2161 2490 2231 loco
2531 2161 2731 2252 cujus
2773 2159 2998 2231 incola
3047 2158 3430 2254 reperietur
3476 2158 3740 2249 ejectus

916 2281 1118 2353 bonis
1145 2282 1285 2353 suis
1317 2284 1913 2376 patrimonialibus
1947 2293 2019 2354 et
2045 2284 2551 2374 ecclesiasticis,
2589 2291 2670 2354 ut
2694 2304 2947 2378 penam
2988 2282 3078 2354 de
3122 2290 3313 2353 tanta
3353 2282 3738 2353 temeritate

916 2406 1154 2476 tulisse
1184 2428 1259 2477 se
1293 2405 1562 2497 doleat,
1598 2407 1933 2502 spolietur
1970 2430 1987 2473 ε
2033 2407 2302 2478 clericis
2341 2407 2672 2478 mandato
2711 2406 3027 2501 predicto
3067 2426 3310 2501 parere
3343 2405 3739 2477 nolentibus

914 2539 986 2601 et
1016 2530 1087 2599 in
1114 2528 1252 2602 fide
1280 2550 1405 2601 sua
1432 2530 1671 2601 serven
1682 2531 1862 2601 tibus
1893 2530 2375 2601 ecclesiasticis
2400 2529 2856 2625 applicandis,
2880 2528 3479 2623 patrimonialibus
3504 2535 3737 2598 autem

915 2654 1249 2749 proximis
1280 2654 1370 2724 ab
1399 2654 1724 2725 intestato
1752 2654 2193 2725 venientibus
2222 2655 2484 2726 scilicet
2515 2653 2948 2746 assignandis
2966 2640 3026 2748 (l
3046 2652 3104 2749 ).
3139 2653 3337 2724 Unde
3383 2652 3548 2745 quia
3590 2673 3737 2723 me·

916 2777 1047 2848 rito
1096 2786 1337 2847 contra
1384 2797 1544 2847 eum
1586 2775 1708 2869 qui
1753 2776 2066 2870 penitere
2116 2776 2507 2870 despiciens
2550 2787 2832 2872 peccata
2885 2776 3188 2870 peccatis
3231 2775 3625 2846 accumulat
3668 2786 3740 2845 et

913 2911 1137 2971 ortam
1172 2909 1414 2972 contra
1445 2921 1520 2970 se
1558 2899 2022 2993 suspicionem
2051 2899 2255 2971 dictis
2287 2912 2357 2971 et
2383 2900 2580 2971 factis
2611 2901 2838 2971 innuit
2869 2921 3021 2972 esse
3051 2921 3319 2982 veram,
3358 2908 3465 2970 est
3495 2898 3738 2969 durius

914 3024 1476 3119 procedendum,
1514 3045 1643 3096 nos
1669 3024 2014 3117 prefatum
2043 3024 2484 3096 Fredericum
2507 3078 2527 3114 ,
2562 3026 2741 3096 sicut
2771 3023 3140 3114 hactenus,
3177 3024 3373 3094 sicin
3409 3022 3523 3094 die
3554 3022 3738 3114 jovis

830 3135 835 3140 ’
913 3159 1155 3219 sancto
1197 3148 1519 3241 proximo
1560 3147 1891 3240 preterito
1913 3145 2048 3241 (2),
2084 3147 2397 3239 quinimo
2443 3148 2818 3220 districtius
2854 3169 2981 3242 pro
3022 3168 3107 3219 eo
3147 3147 3339 3240 quod
3376 3155 3738 3241 suspectus

913 3268 1363 3340 vehementer
1383 3268 1474 3340 de
1503 3267 1729 3339 heresi
1762 3279 1830 3340 et
1862 3269 2476 3341 anathematizatus
2501 3270 2591 3341 ad
2620 3271 2846 3342 sinum
2876 3273 3140 3366 prefate
3166 3271 3406 3341 matris
3430 3269 3735 3341 Ecclesie

912 3393 1141 3464 redire
1181 3413 1265 3463 ac
1310 3414 1392 3463 ea
1429 3393 1658 3463 facere
1699 3414 1837 3486 que
1876 3415 1919 3464 a
1956 3394 2055 3465 sic
2096 3405 2420 3488 suspecto
2463 3416 2548 3466 ac
2597 3395 3197 3467 excommunicato
3234 3394 3384 3467 fieri
3433 3395 3728 3485 debent,

913 3516 1199 3587 omnino
1232 3516 1675 3610 contempsit,
1713 3518 2467 3590 excommunicavimus
2499 3528 2572 3590 et
2601 3518 3063 3590 anathematis
3095 3520 3372 3591 vinculo
3405 3519 3735 3591 duximus

911 3639 1426 3730 innodandum3
1466 3639 1960 3711 denuntiantes
1987 3640 2430 3712 nihilominus
2459 3643 2590 3712 sibi
2621 3653 2945 3737 presente
2986 3644 3296 3736 generali
3340 3653 3412 3715 et
3455 3644 3732 3738 publica

911 3763 1442 3855 congregatione
1471 3761 1780 3833 fidelium
1809 3774 1880 3833 et
1900 3784 2026 3858 per
2047 3764 2220 3834 alios
2247 3764 2454 3835 etiam
2483 3765 2547 3836 ei
2571 3766 2871 3837 nuntiari
2899 3768 3217 3838 volentes
3242 3767 3431 3860 quod
3459 3767 3515 3838 si
3540 3766 3735 3838 dein-

909 3908 1074 3979 ceps
1102 3885 1175 3955 in
1211 3886 1609 3978 hujusmodi
1640 3888 2072 3958 contumacia
2100 3887 2382 3958 duxerit
2409 3889 2948 3982 persistendum,
2979 3899 3221 3961 contra
3251 3889 3476 3985 ipsum
3508 3889 3733 3981 gravi·

909 4020 1016 4080 ter
1040 4021 1678 4103 quantumcumque
1712 4011 2096 4082 secundum
2130 4012 2351 4082 Deum
2390 4012 2778 4106 expedierit
2802 4012 3284 4106 procedemus.
3321 4013 3732 4086 Pronuntia-

908 4131 1135 4203 vimus
1174 4143 1491 4227 preterea
1528 4134 1721 4226 quod
1751 4135 2173 4227 quicumque
2213 4134 2343 4205 sibi
2384 4145 2541 4229 post
2579 4135 2757 4207 duos
2797 4137 3119 4230 proximo
3156 4137 3425 4209 futuros
3453 4159 3728 4210 menses

906 4255 1000 4327 ab
1031 4256 1280 4327 eodem
1322 4257 1436 4328 die
1470 4257 1655 4347 jovis
1696 4257 2200 4352 computandos
2244 4259 2611 4330 consilium
2656 4269 2781 4331 aut
2821 4259 3161 4331 auxilium
3198 4262 3573 4355 prestiterit
3611 4263 3726 4333 vel

979 4536 1057 4605 (4)
1092 4533 1174 4591 Cf.
1204 4534 1513 4590 mandatum
1537 4534 1680 4607 quod
1707 4550 1871 4608 supra
1892 4536 2252 4609 exhibuimus,
2284 4552 2340 4609 p.
2372 4539 2497 4594 585.

978 4629 1051 4704 (2)
1090 4630 1305 4688 Scilicet
1328 4632 1394 4687 ⁴6
1420 4631 1623 4704 aprilis,
1643 4648 1767 4689 cum
1791 4632 1994 4690 Pascha
2020 4633 2123 4690 hoc
2147 4648 2289 4691 anno
2315 4634 2372 4689 in
2398 4634 2486 4691 die
2513 4637 2581 4691 ⁴9
2604 4634 2787 4709 aprilis
2808 4635 3088 4708 incideret,
3119 4643 3369 4712 utsupra
3396 4639 3717 4697 monuimus.
