4525 6031
653 635 860 696 lumcr.
891 633 980 717 9.]
1568 636 1962 700 HISTORIA
2012 641 2604 704 DlpLOMA'rch.
3365 644 3481 705 811

832 766 1025 847 (Edit.
1050 784 1152 846 ap.
1182 766 1385 849 steph.
1415 766 1654 830 Baluzii
1679 769 2002 834 Niso-ellan.
2036 772 2268 849 histor„
2315 783 2360 837 t.
2395 777 2446 850 I,
2481 793 2543 852 p.
2581 783 2718 851 193,
2757 791 2831 833 ex
2870 775 3001 834 eod.
3041 777 3338 852 quondam
3371 787 3488 839 635

893 874 1041 935 bibl.
1088 874 1377 946 colbert„
1422 892 1560 936 cum
1599 878 1713 938 hec
1747 878 1983 940 rubrIca
2022 900 2040 942 z
2085 882 2232 963 Περὶ
2261 879 2527 942 Conrado
2566 877 2911 959 Mansredm
2930 898 3043 959 per
3083 879 3387 943 Nicolaum
3416 881 3487 943 de

895 980 1079 1043 Rocca
1117 979 1188 1041 de
1230 987 1411 1043 morte
1436 980 1733 1044 stodor-ici
1757 986 2147 1065 imperatoris.
2177 1018 2260 1033 ·—
2290 987 2403 1066 Ap.
2434 990 2699 1062 Gnoso,
2730 983 2890 1044 Bibl.
2922 985 3057 1048 hist.
3087 1004 3251 1068 reqn.
3284 986 3480 1063 sicil„

892 1095 942 1148 t.
979 1088 1062 1161 11,
1091 1105 1148 1165 p.
1184 1097 1321 1159 319,
1355 1095 1415 1149 et
1435 1089 1734 1165 Dama,
1769 1091 1807 1151 1
1817 1109 1936 1174 req.
1967 1090 2248 1172 sepolclm'
2277 1091 2374 1153 del
2403 1091 2595 1153 duom.
2620 1091 2684 1151 di
2707 1091 3001 1165 Polemo,
3034 1110 3094 1170 p.
3126 1103 3225 1166 93,
3247 1103 3374 1156 not.
3392 1094 3482 1175 f.)

751 1263 1071 1338 Turbinis
1097 1265 1386 1338 calicem
1413 1288 1626 1359 quem
1653 1289 1880 1363 nuper
1906 1267 1995 1341 de
2018 1270 2233 1366 patris
2257 1279 2328 1342 et
2352 1269 2615 1342 domini
2643 1269 2862 1341 nostri
2894 1292 3057 1341 casu
3086 1292 3229 1343 non
3256 1271 3486 1344 minus

652 1387 908 1459 mentis
968 1410 1180 1482 quam
1228 1390 1591 1462 oculorum
1644 1391 1990 1463 infusione
2052 1393 2669 1488 transumpsimus,
2724 1393 3064 1465 vellemus
3102 1393 3400 1465 libenter
3444 1417 3485 1465 a

651 1511 923 1605 poculis
953 1513 1201 1584 vestris
1231 1514 1586 1608 excipere,
1636 1516 1833 1587 velut
1882 1516 2002 1609 qui
2057 1536 2370 1587 mensam
2415 1525 2718 1588 vestram
2773 1517 2986 1607 gratis
3034 1517 3487 1612 concupimus

533 1734 540 1742 ⁵
653 1631 1017 1707 dulcorare
1050 1635 1316 1709 deliciis
1334 1691 1355 1728 ,
1403 1646 1474 1709 et
1508 1639 1874 1733 precordia
1902 1649 2133 1711 vestra
2167 1639 2458 1735 placidis
2494 1639 2865 1710 anxiamur
2903 1638 3289 1731 gratificare
3322 1642 3481 1737 pul-

651 1758 928 1830 mentis,
981 1759 1120 1830 Sed
1167 1769 1247 1830 ut
1297 1758 1497 1831 dolor
1529 1782 1739 1854 quem
1773 1761 2028 1833 exinde
2079 1771 2360 1854 gustare
2397 1783 2524 1834 vos
2561 1761 2918 1851 novimuS,
2969 1762 3350 1834 nuntiantis
3395 1765 3484 1835 sit

650 1883 1235 1977 contemplatione
1263 1883 1638 1974 remissior,
1671 1884 1832 1956 licet
1855 1886 2141 1957 forsitan
2173 1885 2244 1957 id
2281 1887 2465 1957 fame
2488 1886 2819 1957 velocitas
2846 1905 2983 1977 que
3017 1907 3284 1978 pennas
3320 1907 3483 1958 con-

653 2005 881 2077 suevit
915 2006 987 2076 in
1028 2004 1337 2079 adversis
1378 2028 1735 2079 assumere
1754 2061 1775 2098 ,
1801 1984 2288 2101 'magnitudini
2332 2018 2564 2080 vestre
2607 2007 3032 2102 predixerit,
3081 2008 3483 2081 nuntiantes

651 2138 888 2201 tamen
914 2129 1087 2202 alios
1120 2130 1455 2221 elegimus
1483 2131 1851 2225 prevenire
1878 2141 1958 2202 ut
1986 2153 2070 2203 eo
2098 2131 2189 2203 sit
2215 2130 2406 2203 casui
2430 2130 2706 2203 medela
2738 2130 3113 2225 proclivior
3131 2154 3272 2225 quo
3304 2155 3482 2203 nun-

653 2253 846 2325 tiatio
899 2261 1137 2336 nostra
1193 2253 1529 2326 maturior
1590 2253 1682 2326 ad
1740 2265 2045 2326 vestram
2089 2254 2405 2333 notitiam
2452 2254 2860 2326 deducetur.
2908 2254 3176 2326 Scimus
3220 2256 3477 2326 etenim

652 2377 843 2469 quod
875 2377 934 2448 si
971 2377 1187 2471 patris
1219 2377 1510 2449 virtutes
1539 2378 1932 2467 attenditis,
1978 2378 2037 2449 si
2069 2379 2220 2470 ejus
2249 2399 2459 2470 quem
2499 2377 2970 2472 multipliciter
2999 2388 3248 2449 natura
3284 2379 3480 2451 dota-

650 2511 849 2573 verat
879 2504 1388 2596 oomplementa
1412 2503 1744 2597 pensatiS,
1771 2503 2032 2575 nedum
2064 2525 2191 2577 vos
2220 2503 2343 2597 qui
2373 2523 2535 2574 caro
2562 2502 2651 2573 de
2679 2524 2886 2574 carne
2918 2503 3133 2597 ipsius
3166 2513 3234 2574 et
3279 2526 3357 2576 os
3384 2505 3473 2577 de

650 2625 921 2696 ossibus
937 2624 1383 2715 descenditiS,
1404 2627 1642 2718 lugere
1661 2627 1987 2719 cogimini
2013 2681 2033 2716 ,
2071 2625 2196 2698 sed
2220 2636 2291 2697 et
2318 2626 2502 2697 oculi
2536 2626 2845 2696 omnium
2878 2626 3359 2698 universaliter
3382 2628 3473 2699 ad

649 2749 991 2843 lacrymas
1013 2760 1533 2821 convertantur.
1565 2750 1825 2823 Cecidit
1854 2750 2137 2842 quidem
2167 2751 2269 2821 sol
2301 2748 2544 2820 mundi
2572 2749 2692 2840 qui
2716 2748 2992 2819 lucebat
3020 2749 3089 2818 in
3118 2750 3466 2841 gentibuS,

651 2873 900 2945 cecidit
933 2874 1035 2944 sol
1061 2874 1327 2964 justitie
1347 2926 1367 2963 ,
1406 2873 1658 2945 cecidit
1687 2884 1932 2945 auctor
1960 2874 2171 2968 pacis.
2212 2872 2571 2945 Credimus
2603 2882 2835 2943 tamen
2869 2873 3059 2965 quod
3088 2872 3470 2944 si·circum-

649 2997 938 3068 stantias
981 2998 1131 3089 ejus
1181 2998 1498 3069 consulte
1545 2997 1939 3086 revolvitis,
1991 2995 2481 3069 consolationis
2528 2996 2754 3068 vicine
2789 2994 3097 3067 remedia
3131 2995 3463 3067 sentietis.

648 3120 835 3191 Vixit
857 3120 1045 3191 enim
1071 3120 1396 3192 dominus
1423 3129 1622 3215 pater
1649 3130 1886 3191 noster
1911 3119 2201 3191 feliciter
2222 3129 2294 3190 et
2322 3119 2686 3190 victoriose
2715 3119 2882 3190 dum
2905 3119 3108 3209 vixit,
3143 3130 3212 3191 et
3236 3120 3470 3190 divine

646 3243 1026 3337 majestatis
1075 3243 1450 3315 auctoritas
1491 3263 1628 3335 que
1674 3243 2111 3338 processibus
2143 3243 2296 3334 ejus
2341 3243 2640 3314 viventis
2679 3242 3072 3333 adstiterat,
3114 3243 3471 3314 morientis

647 3364 901 3438 finibus
956 3366 1175 3438 voluit
1220 3387 1364 3438 non
1409 3365 1679 3437 deesse.
1719 3368 1797 3437 In
1837 3366 2004 3461 ipsis
2045 3366 2330 3459 quidem
2368 3364 2610 3437 mortis
2653 3365 2962 3455 indiciis,
3013 3374 3244 3460 preter
3286 3365 3470 3437 dona

638 3487 930 3561 mirifica
961 3499 1033 3560 et
1076 3488 1415 3561 beneficia
1452 3489 1754 3582 gloriosa
1785 3511 1921 3581 que
1958 3489 2031 3559 in
2069 3487 2461 3560 testamenti
2508 3488 2685 3558 serie
2741 3484 3061 3560 fidelibus
3113 3499 3471 3581 gratanter

645 3609 971 3701 indulsit,
1007 3620 1516 3683 sacrosanctam
1545 3613 1922 3683 Romanam
1970 3610 2349 3682 Ecclesiam
2394 3620 2684 3681 matrem
2724 3632 2921 3681 suam
2952 3612 3024 3682 in
3057 3613 3267 3685 corde
3298 3634 3466 3685 con-

648 3735 808 3807 trito
831 3788 852 3819 ,
885 3736 1079 3806 velut
1109 3733 1271 3807 fidei
1307 3735 1697 3807 orthodoxe
1733 3735 2018 3823 zelator,
2063 3734 2417 3806 humiliter
2452 3735 2900 3825 recognovit,
2950 3745 3020 3806 et
3051 3735 3305 3806 damna
3331 3759 3467 3828 que

647 3858 914 3931 dudum
955 3859 1263 3930 ecclesiis
1307 3858 1567 3929 invitus
1602 3858 1887 3930 forsitan
1917 3859 2030 3929 vel
2070 3858 2300 3952 potius
2330 3866 2745 3951 provocatus
2789 3856 3162 3945 intulerat,
3200 3857 3466 3948 integre

644 3980 1098 4053 restauranda
1140 3981 1459 4053 sancivit.
1497 3981 1902 4054 Mirabiliter
1934 3980 2142 4052 etiam
2172 3982 2363 4051 Deus
2397 3979 2625 4074 ipsum
2653 3979 2893 4050 beavit.
2918 3979 2990 4047 in
3020 3979 3243 4067 exitu,
3278 3980 3467 4071 quod

645 4103 879 4175 liberis
909 4102 1324 4175 fecundatus
1352 4103 1611 4175 adultis
1633 4158 1653 4194 ,
1682 4104 1808 4176 sed
1838 4125 2133 4198 persona
2165 4112 2396 4173 vestra
2429 4102 2792 4196 precipue,
2822 4101 3136 4190 domine,
3167 4102 3238 4170 in
3268 4104 3469 4194 cujus

645 4227 954 4299 humeris
979 4227 1318 4298 honorem
1350 4237 1422 4298 et
1448 4247 1627 4298 onus
1652 4226 2004 4319 regiminis
2029 4223 2449 4317 glorificatus
2477 4222 2839 4319 appendit,
2874 4224 2967 4295 ad
3001 4225 3291 4318 patriam
3325 4247 3466 4317 quo

645 4351 778 4422 iter
814 4359 920 4421 est
952 4349 1274 4420 omnibus
1300 4400 1320 4438 ,
1361 4348 1652 4421 feliciter
1677 4349 1945 4420 utinam
1982 4348 2326 4439 victurus,
2364 4346 2675 4419 accessit.
2714 4345 2827 4416 Ex
2857 4367 2998 4438 quo
3030 4348 3273 4441 pulcra
3306 4369 3466 4442 spes

643 4474 757 4545 vel
785 4472 1099 4568 plenaria
1132 4471 1475 4560 certitudo
1505 4483 1576 4542 et
1600 4482 1791 4543 certa
1817 4470 2069 4542 fiducia
2103 4470 2409 4542 daturin
2436 4468 2760 4561 gentibus
2789 4480 2912 4559 ut,
2951 4469 3113 4541 licet
3142 4491 3464 4543 occasum

645 4598 748 4669 sol
790 4596 906 4668 ille
939 4596 1254 4692 petierit,
1300 4617 1427 4691 per
1463 4594 1827 4688 cujusdam
1877 4607 2110 4666 tamen
2149 4592 2689 4664 continuationis
2727 4569 3042 4664 ordinem
3086 4595 3466 4664 relucescat

646 4720 717 4790 in
765 4720 1002 4811 vobiS,
1057 4731 1129 4792 et
1167 4719 1329 4792 licet
1367 4717 1745 4791 fructificus
1789 4719 2015 4791 cultor
2051 4717 2167 4788 ille
2201 4716 2506 4809 justitie,
2551 4711 2960 4808 magnificus
3000 4725 3245 4787 auctor
3275 4716 3465 4811 pacis
