4525 6031
742 685 944 751 nmcr.
976 686 1070 768 8.]
1627 682 2030 749 msronm
2074 684 2669 751 ntrtouarms.
3449 687 3572 747 πε

742 822 896 897 sive
939 821 1243 918 symboli
1298 818 1802 894 discussionem
1853 820 2019 896 illuc
2072 820 2689 916 progrederentur,
2741 821 2873 894 sed
2916 831 2998 893 ut
3033 821 3242 913 juxta
3288 820 3570 893 solitum

744 966 1011 1019 morem
1074 944 1406 1017 zizaniam
1459 942 1641 1017 inter
1681 952 1952 1038 patrem
2003 952 2076 1017 et
2107 942 2330 1019 filium
2380 946 2830 1021 seminarent.
2887 946 3152 1039 Nempe
3205 945 3436 1018 statim
3490 953 3571 1016 ut

744 1069 1183 1143 affectionem
1209 1065 1593 1159 majestatis
1624 1074 1788 1139 tuae
1819 1066 2114 1141 solidam
2146 1077 2220 1139 et
2249 1068 2734 1141 inconcussam
2763 1080 2836 1140 et
2872 1089 2918 1139 a
2948 1068 3320 1140 dilectione
3356 1068 3572 1162 patris

745 1192 1282 1288 inseparabilem
1325 1192 1789 1284 invenerunt,
1840 1190 2133 1264 ulterius
2173 1192 2555 1286 procedere
2599 1214 2741 1265 non
2776 1192 2928 1263 ausi
2968 1203 3132 1263 sunt
3149 1243 3171 1281 ‚
3218 1213 3576 1263 sermones

746 1339 910 1389 suos
954 1316 1052 1390 ad
1097 1313 1525 1407 colloquium
1574 1312 2186 1388 indeterminatum
2235 1315 2669 1391 remittentes
2688 1367 2710 1405 ,
2759 1325 2843 1386 ut
2897 1316 3031 1386 sub
3060 1314 3196 1387 hoc
3223 1315 3571 1391 velamine

749 1439 1142 1532 malignitas
1169 1460 1414 1511 eorum
1445 1446 1818 1528 tegeretur.
1856 1436 2052 1510 Unde
2084 1458 2181 1512 ex
2205 1459 2449 1513 eorum
2484 1438 2737 1511 talibus
2767 1438 3038 1510 actibus
3073 1437 3368 1530 quisque
3403 1459 3572 1511 con·-

742 1563 970 1655 jicere
1006 1571 1080 1635 et
1106 1561 1524 1635 concludere
1570 1561 1832 1655 poterit
1857 1561 2050 1655 quod
2074 1582 2219 1635 non
2258 1572 2425 1635 sunt
2453 1575 2684 1635 rectae
2716 1562 2875 1634 viae
2904 1583 3146 1634 eorum
3188 1572 3260 1632 et
3310 1560 3571 1633 sordidi

749 1686 967 1781 pedes
1008 1707 1251 1758 eorum
1279 1685 1376 1759 ad
1398 1685 1761 1776 Evangelii
1789 1684 2407 1780 praedicationem.
2447 1686 2796 1758 Serenitas
2834 1694 3071 1759 autem
3106 1695 3343 1757 nostra
3377 1695 3574 1756 tuum

750 1807 1031 1883 filialem
1063 1810 1391 1882 affectum
1423 1818 1715 1904 paterno
1759 1809 1974 1883 modo
2001 1809 2363 1903 increpare
2397 1810 2721 1904 proponit
2750 1808 2942 1905 quod
2978 1809 3129 1881 sine
3163 1809 3382 1904 patris
3411 1830 3575 1886 con-

751 1933 906 2006 silio
948 1933 1464 2005 ambaxiatores
1501 1932 1598 2004 ad
1620 1953 1875 2027 papam
1921 1932 2195 2006 mittere
2230 1934 2513 2006 voluisti
2536 1986 2558 2024 ,
2593 1920 3045 2026 amoremque
3079 1945 3275 2005 tuum
3313 1934 3580 2009 decuis-

752 2067 860 2130 set
889 2066 1200 2128 nostram
1225 2057 1422 2151 prius
1450 2056 1804 2149 requirere
1837 2056 2296 2129 voluntatem.
2327 2057 2463 2131 Ista
2493 2057 2680 2130 enim
2712 2057 3194 2151 experimento
3222 2059 3579 2148 cognosci-

753 2203 911 2255 mus
958 2190 1032 2253 et
1075 2180 1316 2251 talium
1344 2180 1740 2272 malignitas
1774 2200 1905 2252 nos
1935 2200 2079 2252 non
2110 2179 2317 2271 fugit.
2366 2180 2558 2253 Sicut
2595 2191 2832 2253 autem
2867 2202 2999 2251 nos
3039 2202 3134 2252 ex
3172 2182 3385 2252 rebus
3413 2201 3578 2275 sepe

754 2304 1359 2378 circumstantibus
1388 2304 1458 2376 in
1490 2304 1802 2401 partibus
1824 2303 1974 2375 istis
1998 2303 2147 2376 sine
2176 2304 2467 2377 consilio
2488 2314 2610 2376 tuo
2634 2303 2896 2397 aliquid
2920 2325 3129 2395 agere
3150 2304 3266 2376 vel
3291 2303 3580 2396 aggredi

755 2449 895 2502 non
952 2428 1312 2516 volumus,
1360 2427 1456 2498 ita
1497 2438 1731 2521 partes
1775 2426 1899 2499 tibi
1943 2425 2255 2501 confines
2294 2427 2543 2499 melius
2574 2437 2783 2499 notae
2826 2438 2990 2498 sunt
3030 2428 3371 2519 majestati
3420 2438 3578 2501 tuae

755 2572 968 2644 quam
1011 2550 1551 2644 nobismetipsis.
1592 2551 1717 2625 Illa
1763 2561 1992 2624 tamen
2027 2571 2210 2643 quae
2238 2552 2566 2644 majestas
2593 2559 2713 2621 tua
2751 2550 2955 2622 nobis
2984 2549 3399 2642 significavit
3423 2573 3578 2623 sus-

757 2675 1103 2769 cepimus,
1135 2674 1333 2766 quasi
1366 2684 1642 2747 nostrae
1677 2674 2024 2746 voluntati
2056 2685 2128 2746 et
2159 2674 2426 2766 judicio
2456 2673 2938 2746 convenirent.
2988 2676 3076 2746 Et
3113 2695 3277 2746 ecce
3315 2671 3569 2747 naves!

755 2798 915 2871 Sine
944 2818 1136 2871 mora
1171 2819 1301 2871 sex
1331 2797 1466 2870 alia
1496 2797 1749 2871 idonea
1775 2797 2056 2889 navigia
2086 2818 2132 2872 a
2154 2797 2545 2871 Brundusio
2576 2796 3033 2892 Dyrrachium
3057 2798 3425 2870 mittuntur
3449 2820 3579 2893 pro

759 2921 1189 2993 traductione
1244 2930 1317 2993 et
1365 2922 1558 2993 salvo
1613 2921 2167 2992 ambaxiatorum
2227 2930 2502 2991 tuorum
2567 2920 2951 3012 conductu,
3013 2931 3085 2993 et
3130 2922 3434 3014 aliquem
3484 2943 3580 2994 ex

757 3048 949 3118 curia
976 3055 1212 3118 nostra
1246 3047 1394 3137 jam
1441 3045 1533 3118 ad
1565 3046 1722 3116 illos
1754 3045 2282 3132 destinavimuS,
2323 3045 2444 3137 qui
2482 3066 2601 3116 eos
2634 3067 2855 3138 usque
2887 3046 2979 3117 ad
3016 3067 3143 3117 nos
3172 3046 3477 3118 adducat
3508 3056 3581 3118 et

756 3170 1107 3242 Fratribus
1166 3169 1453 3241 mandet
1496 3169 1686 3261 quod
1734 3167 1999 3240 tamdiu
2045 3166 2235 3262 apud
2277 3167 2732 3261 Dyrrachium
2766 3169 3179 3241 commorari
3225 3169 3573 3261 debeant,

760 3293 984 3368 donec
1035 3293 1372 3364 serenitas
1414 3303 1652 3366 nostra
1690 3313 1854 3366 cum
1893 3289 2486 3366 ambaxiatoribus
2533 3293 2911 3386 maiestatis
2953 3301 3112 3366 tuae
3153 3294 3578 3394 colloquium

762 3415 1124 3508 habuerit3
1167 3426 1330 3488 tunc
1362 3436 1529 3491 vero
1557 3416 1872 3517 protinus
1904 3415 2182 3512 navigia
2212 3415 2651 3491 remittentur
2676 3438 2857 3516 quae
2885 3416 3074 3515 ipsos
3099 3417 3193 3492 ad
3205 3439 3333 3492 nos
3355 3427 3577 3496 trans-

761 3541 1044 3613 vehant.

1191 3742 1984 3756 -0-———-———-—----.....-.-

1349 3917 1387 3945 *v

872 3978 1351 4066 Innocentius
1405 4003 1606 4087 papa
1663 3979 2053 4062 communi
2113 3976 2488 4063 Tolentini
2550 4001 2693 4084 pro
2744 3976 3012 4059 devota
3068 4001 3334 4060 eorum
3392 4003 3577 4086 erga

767 4110 1040 4196 Sedem
1078 4110 1585 4218 Apostolicam
1621 4107 1802 4216 fide,
1855 4119 2195 4194 castrum
2229 4108 2511 4214 Petini,
2548 4107 3061 4216 possessiones
3107 4121 3183 4192 et
3219 4109 3367 4192 alia
3398 4108 3577 4217 jura

753 4241 864 4356 sd
931 4241 1309 4326 civitatem
1384 4239 1866 4326 Tolentinum
1946 4241 2398 4349 pertinentia
2421 4300 2449 4343 ,
2521 4240 2617 4323 de
2701 4239 2986 4348 quibus
3067 4265 3116 4322 a
3196 4239 3575 4325 Friderico

758 4372 1153 4479 quondam
1200 4372 1657 4481 imperatore
1708 4370 2006 4480 spoliati
2043 4369 2375 4476 fuerant,
2416 4370 2512 4454 de
2561 4370 2813 4477 grstia
2854 4370 3161 4484 speciali
3212 4373 3565 4457 restituit.

926 4580 1136 4662 (Edid.
1166 4584 1422 4646 smum
1442 4630 1462 4664 ‚
1489 4585 1705 4666 Saqqio
1730 4582 1793 4650 di
1819 4599 2056 4648 memor.
2084 4578 2152 4643 ds·
2182 4578 2506 4658 Tolosam,
2538 4584 2819 4664 append„
2848 4594 2917 4647 n⁰
2953 4594 3053 4660 18,
3076 4603 3140 4663 p.
3171 4585 3341 4664 2⁴14.)

863 4768 1304 4845 Innocentius
1357 4770 1763 4865 episcopus,
1820 4790 2066 4846 servus
2105 4790 2475 4846 servorum
2511 4771 2675 4861 Dei,
2723 4771 2994 4845 dilectis
3032 4770 3191 4844 filiis
3227 4736 3582 4846 communi

3693 3979 3928 4087 'maff-
