4525 6031
993 678 1112 741 seo
1996 675 2432 740 ramnum
2479 673 2829 739 saeuum
3440 676 3603 752 [Anu.
3641 673 3818 739 1247.

2375 917 2443 987 11

1088 1096 1492 1166 vestrorum
1523 1090 1763 1184 corda,
1785 1093 1982 1166 velut
2012 1092 2284 1189 imperii
2309 1091 2624 1167 fidelium
2651 1092 3095 1183 devotorum,
3119 1091 3213 1165 de
3239 1092 3592 1188 prosperis
3621 1094 3822 1166 novis

991 1215 1554 1309 contingentibus
1586 1216 1886 1288 recreari
1910 1219 2255 1307 volentes,
2293 1216 2382 1290 de
2416 1216 2693 1288 sinistro
2723 1236 2892 1288 casu
2924 1215 3222 1287 civitatis
3252 1216 3665 1306 Parmensis,
3697 1217 3820 1311 qui

991 1362 1218 1435 nuper
1248 1337 1501 1411 accidit
1534 1358 1777 1409 eorum
1807 1338 2081 1411 malicia
2107 1340 2540 1431 insurgente,
2574 1333 2802 1435 [vobis
2833 1334 3259 1434 intimamus]
3286 1347 3367 1408 ut
3404 1357 3548 1410 una
3579 1338 3821 1411 vobis-

992 1467 1152 1535 cum
1188 1461 1486 1558 proinde
1529 1461 1861 1551 recreati,
1913 1460 2007 1534 ad
2062 1462 2561 1534 exaltationem
2607 1460 3030 1533 serenissimi
3071 1460 3289 1557 patris
3343 1461 3566 1533 nostri
3619 1471 3692 1534 et
3728 1460 3822 1534 ad

990 1586 1459 1661 Parmensium
1491 1586 1798 1681 ipsorum
1830 1585 2173 1658 maliciam
2205 1585 2732 1676 refrenandam,
2768 1585 2891 1680 qui
2917 1585 3109 1655 viam
3144 1593 3407 1657 rectam
3437 1603 3610 1658 vere
3642 1583 3819 1659 fide·

990 1711 1200 1782 litatis
1246 1709 1477 1799 obliti,
1524 1709 1596 1780 in
1648 1708 1997 1782 sinistram
2041 1718 2314 1805 partem
2357 1730 2601 1782 eorum
2655 1727 2911 1802 pravos
2966 1706 3236 1779 animos
3283 1716 3817 1798 converterunt,

991 1832 1362 1927 assumptis
1379 1832 1644 1903 viribus
1660 1832 1912 1905 vestris
1935 1842 2007 1905 et
2023 1833 2319 1906 aliorum
2334 1832 2604 1926 imperii
2621 1829 2936 1905 fidelium
2953 1831 3452 1924 jurisdictionis
3469 1841 3734 1921 nostre,
3747 1832 3820 1902 in

991 1978 1203 2029 manu
1234 1956 1394 2027 forti
1433 1965 1676 2029 contra
1708 1976 1827 2028 eos
1857 1956 2153 2029 viriliter
2180 1956 2566 2053 procedere
2599 1956 3072 2028 intendamus.
3112 1955 3360 2028 Vestra
3394 1964 3639 2027 noscat
3678 1954 3820 2026 siu·

993 2100 1151 2151 cera
1178 2077 1463 2150 devotio
1495 2088 1567 2149 et
1591 2079 2075 2152 commendata
2097 2077 2397 2151 fidelitas
2427 2100 2556 2152 nos
2578 2079 2620 2150 a
2643 2076 3011 2170 magnifico
3032 2079 3187 2150 viro
3213 2078 3498 2151 domiuo
3519 2078 3605 2150 Η.
3629 2078 3823 2149 illus-

995 2204 1084 2275 tri
1111 2222 1274 2294 rege
1304 2200 1650 2291 Sardinie,
1682 2201 2026 2297 recepisse
2063 2203 2298 2274 literas
2330 2203 2401 2273 in
2433 2201 2567 2273 hac
2594 2202 2816 2274 forma
2852 2224 2871 2269 ε
2907 2202 3134 2275 Nobili
3159 2201 3314 2273 viro
3349 2200 3697 2274 Friderico
3729 2200 3822 2274 de

994 2322 1390 2417 Antiochia,
1412 2333 1582 2417 etc.,
1602 2323 1990 2417 Heinricus,
2007 2324 2137 2398 Dei
2170 2324 2392 2417 gratia
2420 2346 2550 2397 rex
2575 2325 2898 2397 Turrium
2926 2334 2998 2396 et
3024 2324 3312 2414 Galluri,
3335 2332 3468 2395 etc.
3491 2324 3823 2397 Volentes
3933 2378 3948 2387 ,

996 2446 1209 2541 igitur
1238 2445 1554 2543 predicta
1592 2447 1828 2520 omnia
1864 2467 2026 2519 cum
2068 2447 2420 2519 celeritate
2457 2469 2600 2540 qua
2640 2448 2971 2519 convenit
3009 2447 3302 2539 exequi,
3334 2454 3544 2541 prout
3577 2446 3815 2537 decet,

993 2588 1123 2643 vos
1149 2588 1282 2667 pro
1315 2579 1513 2665 parte
1545 2569 1965 2645 serenissimi
1996 2571 2213 2667 patris
2242 2570 2462 2644 nostri
2506 2571 2845 2641 instanter
2873 2570 3323 2661 requirimuS,
3363 2577 3436 2641 et
3465 2588 3561 2640 ex
3583 2576 3821 2639 nostra

993 2713 1317 2787 rogamus
1377 2702 1450 2765 et
1500 2689 1867 2766 hortamur
1923 2693 2256 2765 attentius
2321 2702 2666 2787 quatenus
2717 2693 2949 2764 statim
2992 2692 3293 2786 receptis
3337 2692 3814 2788 presentibus,

992 2838 1185 2891 more
1218 2818 1457 2909 solito,
1491 2814 1792 2889 fideliter
1823 2824 1897 2890 et
1933 2815 2191 2889 devote
2229 2814 2414 2887 circa
2452 2816 2835 2910 imperialia
2865 2816 3200 2909 obsequia
3229 2813 3620 2887 animorum
3663 2834 3820 2886 ves·

994 2950 1258 3013 trorum
1291 2958 1533 3011 curam
1560 2938 1845 3032 vigilem
1891 2937 2345 3030 adhibentes,
2384 2938 2582 3032 equis
2614 2948 2686 3011 et
2716 2940 2927 3011 armis
2957 2946 3368 3035 apparatum
3399 2937 3820 3011 laudabilem

993 3063 1293 3154 faciatis,
1336 3061 1930 3158 quemadmodum
1963 3071 2106 3134 tam
2139 3063 2407 3157 grande
2438 3064 2804 3157 negocium
2853 3064 3168 3159 exposcit
3202 3065 3295 3136 ad
3326 3083 3615 3158 presens
3659 3091 3676 3134 ε
3722 3063 3822 3135 ita

995 3185 1186 3281 quod
1211 3186 1301 3260 ad
1330 3187 1540 3258 aliam
1564 3186 2086 3279 requisitionem
2118 3197 2457 3277 nostram,
2481 3196 2623 3259 tam
2648 3186 2948 3260 fideliter
2972 3207 3185 3280 quam
3216 3185 3657 3260 laudabiliter
3678 3207 3821 3260 una

995 3310 1384 3401 nobiscum,
1422 3309 1479 3382 si
1510 3330 1688 3405 opus
1718 3307 1927 3384 fuerit
1961 3329 2088 3405 pro
2119 3310 2477 3406 predictis,
2508 3321 2590 3383 ut
2613 3311 2967 3403 convenit,
3006 3311 3328 3385 veniatis.

2383 3564 2487 3638 111

1095 3739 1320 3813 Corda
1361 3748 1630 3833 vestra,
1665 3742 1863 3813 velut
1907 3739 2180 3836 imperii
2232 3739 2544 3814 fidelium
2589 3741 3031 3834 devotorum,
3073 3742 3161 3814 de
3219 3742 3567 3838 prosperis
3619 3744 3822 3817 novis

998 3862 1557 3953 contingentibus
1591 3863 1888 3935 recreari
1920 3864 2261 3954 volenteS,
2302 3865 2391 3936 de
2425 3865 2704 3938 sinistro
2737 3886 2903 3937 casu
2934 3865 3232 3938 civitatis
3266 3866 3680 3959 Parmensis,
3701 3870 3821 3962 qui

997 4007 1223 4080 nuper
1254 3984 1507 4056 accidit
1546 4006 1788 4058 eorum
1824 3982 2087 4057 malitia
2118 3986 2524 4076 insurgente
2538 3986 2667 4080 (a),
2703 3998 2784 4055 ut
2813 4010 2954 4057 una
2985 3989 3348 4059 vobiscum
3378 3990 3673 4084 proinde
3704 4012 3819 4063 re·

997 4109 1209 4182 creati
1251 4107 1353 4179 ad.
1383 4108 1881 4180 exaltationem
1921 4106 2345 4179 serenissimi
2392 4106 2608 4200 patris
2652 4106 2872 4178 nostri
2901 4116 2972 4178 et
3002 4106 3096 4178 ad
3125 4108 3601 4180 Parmensium
3633 4112 3819 4206 ipso·

995 4255 1153 4304 rum
1197 4231 1530 4303 malitiam
1571 4232 2100 4321 refrenandam,
2144 4229 2267 4323 qui
2311 4229 2499 4302 viam
2540 4237 2803 4300 rectam
2839 4250 3010 4301 vere
3067 4228 3418 4302 fidelitatis
3469 4232 3701 4325 obliti,
3748 4232 3822 4304 in

998 4356 1343 4427 sinistram
1382 4364 1651 4448 partem
1692 4377 1934 4427 eorum
1974 4375 2230 4447 pravos
2277 4353 2548 4424 animos
2589 4361 3117 4443 converterunt,
3155 4355 3527 4447 assumptis
3556 4356 3822 4427 viribus

998 4478 1253 4552 nostris
1291 4486 1363 4547 et
1402 4477 1697 4547 aliorum
1746 4476 2018 4569 imperii
2061 4473 2374 4546 fidelium
2413 4473 2913 4564 jurisdictionis
2957 4484 3228 4563 nostre,
3284 4474 3358 4544 in
3404 4497 3616 4546 manu
3659 4477 3820 4548 forti

996 4602 1287 4674 viriliter
1328 4599 1707 4693 procedere
1746 4597 2218 4669 intendamus.
2262 4596 2510 4675 Vestra
2553 4606 2797 4667 noscat
2838 4617 3131 4692 syncera
3173 4596 3454 4668 devotio
3512 4607 3584 4668 et
3626 4618 3818 4669 com-

1067 4775 1153 4857 (a)
1185 4774 1277 4836 Ibl
1293 4774 1584 4852 quaedam
1602 4775 1756 4835 sicut
1775 4775 1839 4834 in
1870 4773 2252 4851 praecedente
2281 4771 2480 4831 deesse
2510 4769 2806 4846 vldentur,
2825 4771 2970 4832 dum
3000 4786 3208 4832 sensus
3239 4787 3363 4831 non
3390 4771 3543 4831 adsit
3565 4772 3813 4850 integer.
