4525 6031
691 650 894 713 lamet.
928 648 1021 732 6.]
1578 643 1974 708 HISTORIA
2022 644 2615 710 nlrLouA'rch.
3392 651 3512 714 637

2649 936 3101 949 ...Μ

796 1203 881 1287 In
918 1200 1267 1312 proximo
1305 1224 1565 1284 mense
1605 1198 1778 1309 julii
1823 1199 2233 1310 imperator
2285 1199 2546 1283 volens
2601 1200 2701 1281 ad
2750 1207 3002 1308 partes
3053 1197 3504 1284 Montisfer-

690 1337 835 1421 rati
888 1337 1271 1441 accedere,
1320 1334 1505 1445 quia
1539 1334 1809 1419 Petrus
1843 1333 2247 1417 Becherius
2289 1333 2666 1416 civitatem
2700 1331 3214 1416 vercellarum
3255 1330 3507 1414 intra-

687 1480 928 1576 verat,
969 1466 1289 1578 acceptis
1328 1465 1585 1549 multis
1620 1465 2015 1549 obsidibus
2052 1465 2355 1548 Laudae
2389 1476 2465 1547 et
2508 1460 2722 1574 Regii
2765 1490 2959 1574 quos
3012 1463 3092 1544 in
3135 1464 3507 1547 Cremona

692 1601 1055 1709 habebat,
1095 1600 1316 1685 duxit
1358 1625 1489 1683 eos
1533 1598 1875 1709 Papiam.
1914 1596 2203 1682 Deinde
2255 1624 2431 1681 cum
2472 1597 2656 1708 ipsis
2694 1597 2897 1705 apud
2937 1596 3200 1680 Casale
3250 1596 3506 1682 Sancti

688 1735 939 1820 Evasii
976 1733 1338 1845 equitavit
1374 1732 1720 1843 cepitque
1753 1730 2261 1838 Pasilianum‚
2306 1731 2671 1815 Sanctum
2710 1730 3218 1839 Salvatorem,
3261 1729 3508 1814 Sanc-

689 1881 854 1953 tum
896 1867 1307 1978 Georgium
1342 1877 1417 1949 et
1466 1866 1615 1948 alia
1657 1865 1828 1949 loca
1862 1891 2061 1975 quae
2100 1864 2304 1947 idem
2342 1864 2681 1947 marchio
2715 1863 3254 1948 Montisferrati
3288 1876 3509 1950 tene-

688 2003 846 2087 bat.
893 2000 1234 2085 chronic.
1272 1992 1374 2082 'de
1412 2002 1571 2082 reb.
1614 1998 1698 2081 in
1728 2002 1910 2083 Ital.
1950 1998 2213 2107 qestt‘s,
2259 2025 2338 2110 p.
2384 1999 2571 2081 217.

790 2599 1255 2708 FridericuS,
1309 2601 1829 2685 Romanorum
1884 2601 2328 2711 imperator,
2379 2601 2878 2711 Papiensibus
2925 2602 3244 2686 mandat
3294 2603 3505 2712 quod

687 2735 1148 2818 monasterio
1201 2734 1458 2818 Sancti
1505 2735 1919 2821 Salvatoris
1952 2736 2051 2818 de
2101 2735 2335 2845 Papia
2385 2735 2785 2845 pecuniam
2819 2761 3058 2846 quam
3102 2736 3172 2820 ei
3226 2736 3507 2822 debent

686 2894 825 2976 pro
872 2867 1246 2953 locatione
1297 2868 1545 2953 Besati
1600 2879 1675 2953 et
1727 2869 2085 2953 territorii
2152 2868 2497 2979 ejusdem
2560 2869 2944 2955 exsolvere
3000 2880 3316 2978 curent,
3382 2869 3501 2956 vel

687 3002 952 3087 saltem
972 3003 1221 3113 ipsam
1256 3004 1336 3086 in
1375 3028 1681 3086 summa
1711 3003 2127 3089 exactionis
2151 3029 2388 3116 qnam
2425 3006 2822 3089 annuatim
2851 3003 2954 3089 ab
2980 3003 3150 3116 ipso
3170 3029 3503 3090 monas-

687 3131 875 3220 terio
911 3138 1346 3246 requirunt,
1390 3146 1907 3246 compensent.
3317 3136 3325 3144 ’

848 3349 1096 3430 (Inedit.
1123 3365 1199 3411 ex
1224 3351 1393 3427 copia
1418 3349 1755 3412 authentica
1780 3350 1856 3412 de
1881 3367 2045 3412 anno
2069 3358 2222 3412 1248
2238 3394 2259 3424 ,
2284 3359 2320 3412 5
2345 3351 2623 3413 calenda
2648 3350 3020 3432 septembris,
3047 3353 3206 3431 apud
3233 3354 3504 3437 Papiam,

923 3471 1108 3534 quam
1134 3453 1445 3517 nobiscum
1479 3472 1588 3517 sna
1614 3456 1786 3517 solita
1812 3456 2163 3519 liberalitate
2188 3459 2650 3520 communicavit
2666 3457 2738 3520 F.
2770 3455 3180 3541 Boehmerus.)

780 3643 1206 3734 Puden-icus,
1233 3643 1360 3715 Dei
1393 3643 1616 3737 gratia
1644 3643 2117 3717 Romanorum
2149 3644 2553 3741 imperator,
2586 3668 2863 3743 semper
2891 3659 3254 3742 augustuS,
3292 3653 3501 3726 Jeru-

684 3769 899 3841 salem
937 3777 1008 3841 et
1052 3767 1278 3841 Sicilie
1325 3789 1480 3860 rex,
1535 3768 1895 3863 potestati,
1938 3768 2227 3841 consilio
2276 3779 2347 3841 et
2394 3771 2747 3842 communi
2784 3771 3137 3868 Papiensi,
3177 3771 3501 3849 fidelibus

685 3893 855 3982 suis»,
898 3892 1201 3984 graciam
1242 3913 1439 3963 suam
1489 3903 1560 3964 et
1596 3893 1854 3965 bonam
1890 3891 2349 3965 voluntatem.
2384 3894 2753 3979 Querelam
2788 3896 3203 3969 venerahilis
3231 3899 3501 3973 abbatis

685 4025 757 4087 et
785 4025 1172 4089 conventus
1195 4015 1595 4090 monasterii
1632 4017 1865 4089 Sancti
1900 3995 2276 4090 Salvatoris
2312 4017 2402 4090 de
2435 4018 2644 4112 Papia
2664 4070 2684 4108 ,
2722 4028 3115 4091 nostrorum
3148 4019 3495 4115 fidelium,

686 4140 1073 4236 recepimus
1108 4142 1584 4245 continentem
1624 4142 1818 4234 quod
1846 4163 2007 4213 cum
2048 4141 2412 4214 occasione
2447 4140 2652 4212 fictus
2679 4140 2785 4238 (4)
2826 4163 2955 4237 pro
2988 4145 3143 4217 loco
3175 4145 3402 4218 Besati
3428 4158 3500 4221 et

687 4265 1032 4338 territorio
1067 4275 1139 4337 et
1168 4265 1323 4337 aliis
1356 4266 1568 4338 rebus
1593 4265 1908 4359 ejusdem
1936 4264 2309 4337 teneamini
2337 4264 2444 4336 eis
2476 4264 2757 4337 nomine
2789 4264 2956 4338 dicti
2987 4268 3386 4340 monasterii
3425 4270 3504 4342 in

686 4399 873 4462 certa
889 4389 1182 4485 pecunie
1201 4389 1617 4483 quantitate,
1641 4410 1769 4461 vos
1781 4389 2043 4462 nedum
2065 4388 2171 4460 eis
2188 4388 2410 4485 ipsam
2423 4389 2794 4484 pecuniam
2816 4391 3073 4463 eux-atis
3102 4393 3502 4487 exsolvere,

683 4514 811 4586 sed
852 4513 1027 4586 alias
1066 4535 1277 4610 super
1322 4535 1593 4586 summa
1639 4514 1975 4610 pecunie,
2009 4534 2221 4607 quam
2259 4512 2453 4586 omni
2481 4533 2668 4586 anno
2697 4535 2827 4611 pro
2855 4526 3094 4590 nostre
3121 4517 3508 4592 voluntatis

752 4765 950 4841 (4)νώ
969 4767 1153 4841 potius
1173 4766 2581 4845 fieti‚sffiiceteccasioneflrnmvetlecaticnh,ex
2607 4769 3111 4847 minuatum.

844 4867 952 4933 v1.
992 4883 1170 4931 Paroa.
3101 4880 3174 4935 81

3653 1212 3810 1266 [June.
3820 1211 3835 1264 l

3640 2610 3835 2721 11ῗῆἪῖ
