4525 6031
709 3938 932 4046 ..imas

1043 675 1168 738 684
2038 670 2470 737 rmnmucl
2521 675 2870 738 snctmm
3477 679 3642 758 [Ami.
3685 681 3861 744 1248.

1039 812 1157 884 alii
1205 810 1454 883 milites
1499 810 1588 882 de
1635 806 1998 898 VercelliS,
2031 805 2274 880 fideles
2319 810 2573 900 nostri,
2613 809 2850 882 statuti
2893 832 3104 905 super
3142 810 3634 886 distribuendis
3665 816 3866 887 bonis

1038 936 1474 1032 proditorum
1512 932 2051 1006 vercellensium
2094 932 2277 1004 inter
2322 931 2564 1005 fideles
2603 945 2878 1007 nostros
2926 934 3226 1007 civitatis
3267 939 3617 1031 ejusdem,
3650 940 3863 1011 infra-

1040 1061 1295 1155 scripta
1325 1060 1512 1131 bona
1555 1057 1881 1130 videlicet
1925 1056 2208 1129 domum
2246 1078 2457 1134 unam
2489 1079 2627 1152 que
2660 1059 2789 1129 fuit
2818 1059 2901 1130 R.
2940 1059 3139 1131 sitam
3171 1061 3241 1131 in
3271 1063 3604 1136 contrada
3634 1065 3865 1137 Sancti

1039 1183 1292 1259 Iuliani
1338 1193 1409 1256 et
1452 1182 1739 1255 domum
1779 1183 1851 1254 S.
1901 1181 2102 1253 sitam
2140 1181 2211 1253 in
2252 1181 2377 1256 tali
2424 1181 2562 1254 loco
2605 1193 2677 1254 et
2711 1193 2930 1256 totum
2977 1185 3237 1279 podere
3271 1186 3461 1279 quod
3495 1188 3620 1260 suit
3654 1189 3735 1261 G.
3775 1189 3862 1261 de

1039 1311 1274 1382 Raone
1313 1317 1381 1379 et
1422 1316 1645 1380 totum
1695 1305 1953 1401 podere
1999 1306 2191 1399 quod
2238 1306 2366 1378 suit
2408 1308 2503 1379 M.
2542 1330 2697 1379 cum
2737 1308 3015 1400 juribus
3047 1318 3116 1380 et
3150 1310 3585 1405 pertinentiis
3625 1333 3864 1385 eorum

1042 1432 1269 1504 eidem
1311 1433 1469 1505 Ver.
1512 1429 1700 1504 fideli
1750 1440 1987 1503 nostro
2030 1431 2463 1525 providerint
2506 1433 2652 1504 fore
2710 1432 2980 1525 danda,
3032 1455 3114 1505 ea
3168 1435 3298 1506 sibi
3347 1437 3730 1509 concedere
3776 1440 3865 1511 de

1040 1565 1277 1629 nostra
1316 1555 1537 1649 gratia
1574 1555 2044 1648 dignaremur.
2082 1555 2223 1626 Nos
2267 1566 2503 1627 autem
2544 1557 2984 1629 attendentes
3016 1569 3087 1630 et
3116 1559 3635 1632 considerantes
3670 1573 3868 1656 grata

1041 1680 1322 1753 servitia
1354 1689 1427 1752 et
1450 1690 1737 1775 accepta
1769 1700 1905 1773 que
1935 1679 2083 1774 ipse
2114 1679 2191 1750 B.
2232 1675 2389 1774 (sic)
2431 1689 2665 1752 nostre
2702 1681 3096 1754 celsitudini
3125 1683 3402 1777 prebuit
3429 1685 3766 1758 hactenus
3798 1697 3869 1760 et

1044 1807 1377 1879 exhibere
1411 1805 1663 1901 poterit
1686 1805 1758 1875 in
1783 1805 2116 1893 futurum,
2144 1804 2454 1899 predicta
2478 1806 2663 1877 bona
2691 1817 2897 1902 prout
2921 1807 3207 1880 inferius
3228 1806 3330 1904 (a)
3361 1818 3522 1882 sunt
3554 1810 3861 1903 distinta,

1046 1932 1274 2005 eidem
1317 1931 1395 2002 B.
1431 1938 1503 2002 et
1542 1928 1916 2001 heredibus
1957 1929 2100 2000 suis
2137 1928 2459 2001 fidelibus
2502 1931 2756 2002 nostris
2800 1931 2872 2003 in
2919 1931 3056 2004 fide
3103 1943 3173 2005 et
3218 1934 3588 2007 devotione
3631 1946 3867 2009 nostra

1044 2054 1570 2152 persistentibus
1611 2053 1701 2125 de
1737 2065 1970 2126 nostra
2014 2055 2235 2147 gratia
2282 2054 2611 2125 duximus
2656 2055 3138 2148 concedenda;
3179 2056 3276 2129 ita
3319 2058 3644 2131 videlicet
3676 2059 3866 2155 quod

1048 2191 1188 2254 tam
1228 2181 1376 2275 ipse
1417 2200 1630 2272 quam
1666 2179 1964 2262 heredes
2000 2178 2107 2249 sui
2154 2179 2340 2250 bona
2372 2178 2521 2273 ipsa
2547 2200 2589 2250 a
2620 2180 2822 2252 nobis
2857 2190 2930 2252 et
2969 2183 3477 2255 successoribus
3509 2185 3761 2257 nostris
3792 2185 3863 2256 in

1044 2305 1333 2401 imperio
1361 2304 1449 2376 de
1481 2313 1713 2374 cetero
1753 2311 2035 2374 teneant
2062 2323 2145 2374 ac
2171 2303 2380 2374 etiam
2414 2317 2939 2396 recognoscant,
2976 2315 3046 2377 et
3083 2315 3219 2377 tam
3242 2307 3387 2402 ipse
3421 2330 3629 2401 quam
3659 2307 3863 2381 here-

1046 2431 1171 2503 des
1206 2428 1313 2501 sui
1346 2427 1582 2501 debita
1607 2443 1677 2500 et
1703 2436 2035 2499 consueta
2067 2427 2349 2500 servitia
2381 2428 2582 2501 nobis
2616 2439 2687 2500 et
2717 2429 3006 2524 imperio
3041 2430 3270 2502 facere
3302 2441 3691 2504 teneantur.
3713 2435 3867 2506 Sta-

1047 2555 1300 2627 tuimus
1326 2554 1536 2646 igitur
1567 2563 1638 2624 et
1664 2553 2001 2648 imperiali
2026 2553 2375 2624 sancimus
2404 2553 2632 2624 edicto
2661 2554 2988 2647 quatinus
3015 2556 3248 2626 nullus
3275 2556 3606 2647 marchio,
3635 2579 3868 2629 comes

1042 2682 1156 2751 vel
1186 2681 1379 2768 baro,
1418 2659 1652 2750 nullus
1686 2678 1981 2770 legatuS,
2013 2677 2340 2768 vicarius,
2377 2677 2809 2771 capitaneuS,
2840 2680 3081 2750 consul
3108 2681 3218 2750 vel
3255 2701 3650 2772 commune,
3679 2683 3869 2754 nulla

1045 2802 1345 2897 denique
1377 2823 1675 2898 persona
1706 2802 1848 2871 alta
1873 2802 1986 2873 vel
2013 2801 2321 2891 bumiliS,
2357 2801 2819 2873 ecclesiastica
2852 2804 2963 2872 vel
2994 2803 3202 2873 etiam
3230 2804 3593 2896 secularis,
3629 2815 3869 2878 contra

1046 2928 1384 3025 presentis
1426 2926 1662 3022 scripti
1706 2926 1925 2996 nostri
1977 2934 2286 2997 tenorem
2333 2947 2507 2996 ausu
2558 2926 2922 2997 temerario
2967 2927 3205 2999 venire
3252 2938 3629 3024 presumat.
3667 2930 3868 3015 Quod

1044 3054 1164 3147 qui
1193 3050 1712 3147 presumpserit,
1750 3059 1983 3144 preter
2015 3049 2561 3142 indignationem
2594 3060 2899 3122 nostram
2934 3073 3142 3147 quam
3164 3074 3237 3123 se
3260 3054 3532 3125 noverit
3552 3054 3865 3126 incursu-

1049 3185 1529 3268 rum,centum
1551 3174 1862 3246 marchas
1877 3175 2144 3267 argenti
2174 3196 2299 3270 pro
2327 3196 2506 3270 pena
2537 3197 2612 3248 se
2640 3177 3181 3273 compositurum
3214 3189 3569 3273 agnoscat,
3611 3178 3871 3251 medie·

1050 3310 1191 3374 tate
1237 3321 1508 3372 camere
1558 3308 1791 3372 nostre
1833 3310 1902 3370 et
1948 3299 2211 3394 reliqua
2255 3300 2629 3373 medietate
2678 3288 2880 3396 passo
2924 3301 3246 3393 injuriam
3289 3303 3725 3398 applicanda.
3758 3304 3871 3377 Ad

1052 3426 1260 3518 hujus
1291 3423 1754 3496 concessionis
1780 3432 2013 3496 nostre
2045 3425 2450 3496 memoriam
2478 3435 2550 3498 et
2581 3426 2820 3516 robur,
2858 3448 3145 3522 presens
3175 3427 3504 3523 scriptum
3534 3440 3871 3524 perpetuo

1052 3549 1470 3639 valiturum,
1526 3557 1659 3620 etc.
1717 3545 1728 3644 ξ
1734 3600 3052 3624 .................
3107 3593 3133 3624 ·.
3193 3605 3700 3627 .......
3742 3612 3780 3634 ,.
3843 3608 3862 3626 .

1160 3893 1614 4004 FridericuS,
1674 3894 2193 3980 Romanorum
2242 3897 2686 4008 imperator,
2739 3898 3047 3981 Vatacio
3095 3898 3550 3982 Graecorum
3610 3898 3869 4006 impe-

1050 4029 1282 4113 ratori
1319 4028 1621 4113 nuntiat
1657 4032 2044 4142 quomodo
2096 4033 2521 4115 sacerdotes
2565 4032 2944 4115 Ecclesiae
2987 4030 3472 4115 occidentalis
3533 4055 3685 4114 non
3739 4058 3875 4115 so-

1133 4218 1221 4301 (a)
1262 4219 1362 4283 Sic
1379 4264 1396 4289 ‚
1428 4222 1624 4299 potius
1650 4226 1850 4281 tamen
1880 4220 2194 4299 legendum
2218 4220 2505 4299 superius.

1049 4513 1184 4571 civis
1209 4512 1564 4571 Vercellensis
1595 4512 1688 4585 qui
1714 4528 1812 4585 pro
1838 4527 1904 4570 eo
1930 4512 2073 4585 quod
2098 4511 2252 4585 quasi
2275 4513 2345 4570 de
2371 4512 2568 4571 nichilo
2591 4512 2853 4572 exaltatus
2876 4514 2979 4571 fuit
3001 4514 3071 4572 de
3097 4513 3255 4571 bonis
3280 4513 3518 4571 Ecclesia
3534 4557 3547 4583 ,
3578 4515 3797 4571 deberet
3827 4515 3873 4571 si

1048 4618 1196 4671 recte
1229 4618 1446 4685 saperet
1483 4611 1647 4669 etiam
1685 4611 1911 4685 vestigia
1954 4610 2134 4669 labere
2177 4612 2519 4677 clericorum.
2554 4614 2833 4672 Frederico
2874 4613 3138 4687 quondam
3178 4612 3493 4686 imperatori
3533 4612 3875 4685 impudenter

1046 4710 1303 4769 adhereat
1334 4715 1390 4767 et
1426 4715 1693 4783 patenter,
1723 4714 1831 4766 etc.
1861 4709 2056 4768 Datum
2081 4708 2357 4784 Lugduni,
2399 4709 2557 4769 nonis
2583 4711 2814 4785 januarii
2839 4725 2980 4769 anno
3007 4711 3078 4771 vl
3104 4710 3166 4784 (5
3188 4708 3421 4784 ,ianuarii
3449 4707 3642 4781 ⁴249).
3679 4730 3702 4761 υ
3737 4704 3870 4766 God.

1046 4806 1194 4864 Bibe.
1219 4806 1405 4866 Cesar.
1436 4806 1642 4879 Parim,
1674 4807 1837 4865 ⁴039.
