4525 6031
1103 671 1223 732 858
2141 673 2510 737 commm
2559 673 2865 749 QUART1
3536 670 3704 750 [Am.
3745 668 3923 732 1245.

1104 807 1350 876 fratres
1384 805 1683 877 Minores
1710 816 1994 902 propter
2019 807 2363 880 Christum
2391 830 2772 905 pauperem
2798 805 3261 879 voluntariam
3280 804 3616 898 elegerint
3636 826 3931 901 pauper·

1106 938 1318 1000 tatem
1338 981 1357 1017 ,
1397 949 1525 1000 nos
1551 929 1644 999 ad
1673 950 1913 1001 eorum
1946 930 2250 1026 inopiam
2284 941 2424 1003 tam
2458 932 2527 1002 in
2562 930 2850 1003 edificiis
2882 953 3094 1023 quam
3123 929 3195 1000 in
3226 929 3377 1000 aliis
3409 949 3648 1000 eorum
3687 927 3931 1000 usibus

1014 1081 1026 1093 ·
1105 1051 1512 1156 necessariis
1549 1051 2092 1141 sublevandam,
2139 1053 2232 1124 ad
2278 1075 2403 1126 sue
2445 1054 2809 1149 peticionis
2851 1052 3249 1124 instantiam
3286 1061 3356 1123 et
3394 1061 3709 1121 vestrum
3755 1071 3925 1122 con·

752 4011 1034 4118 unffi..

736 4121 791 4164 21
817 4120 837 4161 t
836 4120 890 4162 eb
892 4096 1048 4164 rutil..

1106 1195 1423 1264 sensum,
1473 1174 1866 1246 Cunradum
1896 1176 1986 1247 de
2014 1176 2274 1266 Rothe,
2315 1177 2539 1248 civem
2568 1177 2639 1247 in
2673 1176 3147 1266 Nuerenberc,
3178 1175 3405 1246 virum
3431 1173 3675 1268 utique
3704 1174 3929 1246 Deum

1107 1319 1230 1392 pre
1263 1297 1481 1370 oculis
1509 1296 1879 1369 habentem
1917 1310 1988 1370 et
2015 1299 2383 1372 honestum
2405 1353 2426 1390 ,
2464 1299 2791 1394 predictis
2824 1300 3151 1371 fratribus
3182 1299 3255 1369 in
3279 1296 3771 1369 Nuerenberch
3804 1297 3929 1369 de·

1105 1421 1429 1513 gentibus
1471 1414 1988 1516 procuratorem
2026 1423 2120 1495 ad
2150 1423 2384 1494 omnia
2414 1443 2658 1494 eorum
2685 1422 2975 1515 negocia
2996 1423 3206 1514 juxta
3235 1421 3429 1515 quod
3454 1420 3831 1492 necessitas
3864 1431 3934 1493 et

1108 1546 1365 1617 utilitas
1428 1545 1741 1638 exegerit
1793 1547 2303 1641 promovenda,
2353 1546 2443 1618 de
2475 1547 2910 1643 plenitudine
2954 1546 3173 1619 nostri
3235 1545 3544 1637 consilii,
3607 1546 3934 1618 videlicet

1108 1669 1462 1742 Godefridi
1494 1669 1582 1741 de
1626 1671 1984 1762 Hoenlog,
2027 1670 2366 1742 Craftonis
2407 1669 2496 1742 de
2535 1669 2942 1766 Boxperch,
2978 1670 3273 1742 Conradi
3301 1669 3389 1741 de
3427 1668 3834 1741 Smidelvelt
3863 1679 3935 1739 et

1110 1793 1404 1865 aliorum
1468 1805 1862 1865 nostrorum
1919 1793 2387 1883 familiarium,
2450 1793 2784 1866 duximus
2850 1793 3331 1882 statuendum3
3380 1793 3473 1864 ita
3525 1793 3717 1887 quod
3747 1793 3933 1865 idem

1109 1913 1524 2015 C[unradus]
1561 1939 1769 2010 quem
1803 1929 2087 2013 propter
2128 1919 2420 1989 fratrum
2451 1918 2730 2010 negotia
2759 1939 2921 1990 suas
2948 1927 3225 2013 oportet
3249 1918 3650 2011 frequenter
3674 1917 3933 1988 utilita-

1115 2051 1216 2111 tes
1249 2040 1649 2130 obmittere,
1683 2041 1775 2111 ab
1811 2041 2001 2112 omni
2030 2040 2398 2113 exactione
2424 2051 2495 2112 et
2525 2042 2837 2136 precaria
2872 2042 3049 2113 liber
3069 2042 3158 2112 sit
3184 2041 3460 2136 penitus
3488 2052 3558 2112 et
3578 2041 3925 2112 immunis,

1112 2167 1334 2251 Quam
1374 2164 1809 2235 exactionem
1851 2164 1995 2234 sive
2024 2165 2409 2260 precariam
2436 2165 2566 2260 ipsi
2600 2186 2727 2259 pro
2760 2164 2988 2235 anime
3015 2173 3251 2235 nostre
3275 2163 3582 2235 remedio
3607 2162 3934 2234 duximus

1114 2288 1640 2376 remittendam,
1694 2297 1771 2357 ut
1824 2287 2113 2358 fratrum
2160 2288 2456 2381 negotiis
2491 2297 2697 2359 vacet
2741 2287 3145 2381 diligentius
3194 2296 3265 2358 et
3317 2288 3672 2378 intendat,
3743 2288 3935 2359 salvo

1116 2423 1350 2482 tamen
1392 2431 1475 2482 eo
1525 2410 1716 2503 quod
1754 2432 1880 2505 per
1931 2411 2323 2483 libertatem
2368 2410 2771 2504 hujusmodi
2809 2411 3038 2484 eidem
3065 2411 3138 2484 C.
3169 2410 3459 2482 audacia
3487 2411 3935 2505 delinquendi

1114 2557 1256 2607 non
1296 2543 1668 2631 prestetur,
1719 2556 1879 2605 cum
1920 2544 2205 2629 peccata
2245 2544 2622 2606 nocentum
2654 2556 2806 2606 esse
2839 2556 2982 2608 non
3013 2535 3318 2607 debeant
3346 2535 3711 2631 impunita.
3751 2535 3937 2606 Nulli

1117 2680 1283 2751 ergo
1307 2657 1591 2729 omnino
1622 2655 1982 2728 hominum
2016 2657 2222 2729 liceat
2251 2657 2433 2728 hanc
2465 2657 2790 2752 paginam
2827 2669 3063 2730 nostre
3096 2659 3557 2732 concessionis
3595 2680 3719 2730 seu
3751 2659 3937 2731 ordi·

1117 2783 1416 2855 nationis
1443 2781 1817 2873 infringere
1850 2783 1963 2853 vel
1998 2782 2063 2853 ei
2093 2803 2270 2852 ausu
2307 2782 2673 2853 temerario
2707 2783 3075 2854 contraire.
3108 2784 3284 2855 Nam
3319 2783 3742 2878 quicumque
3773 2804 3937 2855 con·

1123 2917 1225 2978 tra
1253 2906 1435 2978 hanc
1462 2906 1971 2978 ordinationem
1999 2905 2148 2977 sive
2181 2905 2657 2977 remissionem
2693 2916 3003 2977 nostram
3039 2907 3471 3001 sepedictum
3501 2907 3575 2979 C.
3615 2907 3688 2978 in
3730 2929 3937 2980 exac-

1121 3032 1308 3104 tione
1359 3032 1591 3126 aliqua
1636 3033 1747 3102 vel
1792 3029 2105 3125 precaria
2164 3052 2290 3103 seu
2340 3031 2475 3102 alia
2528 3052 2968 3123 quacumque
3007 3031 3413 3122 vexatione,
3478 3032 3815 3125 quamdiu
3868 3032 3939 3104 in

1121 3154 1401 3226 servitio
1427 3155 1716 3226 fratrum
1733 3153 2080 3242 existerit,
2106 3155 2472 3226 molestare
2492 3154 3023 3298 presumpserit,
3057 3155 3608 3306 indignationem
3635 3166 3940 3228 nostram

1121 3300 1196 3349 se
1224 3277 1475 3349 sentiet
1501 3277 1806 3369 graviter
1830 3276 2226 3348 incurrisse.

1220 3401 1469 3471 Datum
1498 3398 1688 3493 apud
1704 3383 2232 3490 Nuerenbercb,
2261 3420 2447 3472 anno
2463 3400 2740 3472 Domini
2760 3401 2854 3473 M.
2874 3401 2996 3475 CC.
3014 3403 3279 3492 XLIIII,
3304 3402 3437 3475 XX
3456 3402 3569 3475 die
3585 3402 3937 3494 februarii,

1125 3523 1335 3594 tercie
1368 3520 1788 3593 indictionis.

1536 3788 1822 3799 ———

1233 4014 1670 4118 Comedus»,
1711 4017 1790 4092 in
1829 4010 2352 4093 Romanorum
2395 4036 2657 4120 regem
2692 4010 3013 4117 electus»,
3057 4035 3139 4092 se
3189 4009 3540 4092 Conrado
3583 4006 3975 4118 Sylvestri'

1123 4147 1383 4230 comiti
1419 4171 1558 4255 pro
1591 4144 1828 4253 gratis
1863 4142 2030 4252 ejus
2068 4142 2390 4225 servitiis
2431 4142 2800 4225 CCCCLX
2837 4166 3134 4223 marcas
3184 4140 3460 4223 debere
3510 4140 3941 4245 confitetur,

1126 4280 1224 4360 ad
1285 4303 1615 4387 quarum
1660 4276 2120 4359 solutionem
2163 4274 2429 4358 villam
2484 4274 2581 4357 de
2630 4273 3113 4371 Weilerbach
3158 4274 3407 4355 eidem
3462 4273 3941 4383 oppignorat.

1291 4465 1624 4544 (Memorat.
1646 4470 1706 4524 et
1723 4470 1876 4522 extr.
1898 4479 1997 4540 ap.
2019 4465 2298 4533 hauan,
2326 4459 2524 4523 Gaea.
2544 4459 2640 4522 des
2664 4459 2967 4524 wila-und
2994 4459 3494 4543 Rheinqraflicltm
3514 4462 3764 4539 Hamas,
3780 4478 3844 4538 p.
3863 4457 3948 4536 7.)

1224 4629 1481 4699 Datum
1532 4624 1724 4721 apud
1767 4624 2215 4713 Nurimberc,
2259 4644 2445 4696 anno
2482 4625 2761 4696 Domini
2815 4624 3295 4714 M.CC.XLIV,
3368 4623 3528 4695 XXI
3588 4619 3949 4710 februarii,

1128 4751 1504 4825 indictione
1540 4748 1765 4821 tertia.
