<?xml version="1.0" encoding="UTF-8"?>
<!DOCTYPE html PUBLIC "-//W3C//DTD XHTML 1.0 Transitional//EN"
    "http://www.w3.org/TR/xhtml1/DTD/xhtml1-transitional.dtd">
<html xmlns="http://www.w3.org/1999/xhtml" xml:lang="en" lang="en">
 <head>
  <title>
</title>
<meta http-equiv="Content-Type" content="text/html;charset=utf-8" />
  <meta name='ocr-system' content='tesseract 3.04.00' />
  <meta name='ocr-capabilities' content='ocr_page ocr_carea ocr_par ocr_line ocrx_word'/>
</head>
<body>
  <div class='ocr_page' id='page_1' title='image "./historiadiploma01empegoog_0083.png"; bbox 0 0 4525 6031; ppageno 0'>
   <div class='ocr_carea' id='block_1_1' title="bbox 629 664 3462 1170">
    <p class='ocr_par' dir='ltr' id='par_1_1' title="bbox 629 664 3462 1170">
     <span class='ocr_line' id='line_1_1' title="bbox 630 664 3462 773; baseline -0.007 -20"><span class='ocrx_word' id='word_1_1' title='bbox 630 694 834 753; x_wconf 60' lang='lat' dir='ltr'>hum.</span> <span class='ocrx_word' id='word_1_2' title='bbox 868 687 961 773; x_wconf 81' lang='grc'>6.]</span> <span class='ocrx_word' id='word_1_3' title='bbox 1524 682 1921 749; x_wconf 78' lang='lat' dir='ltr'>HISTORIA</span> <span class='ocrx_word' id='word_1_4' title='bbox 1968 676 2563 748; x_wconf 68' lang='lat' dir='ltr'>DIPLOMATch.</span> <span class='ocrx_word' id='word_1_5' title='bbox 3332 664 3462 733; x_wconf 71' lang='lat'>623</span> 
     </span>
     <span class='ocr_line' id='line_1_2' title="bbox 629 811 3460 923; baseline -0.006 -25"><span class='ocrx_word' id='word_1_6' title='bbox 629 825 976 923; x_wconf 86' lang='lat' dir='ltr'>plurimis,</span> <span class='ocrx_word' id='word_1_7' title='bbox 995 824 1144 895; x_wconf 83' lang='lat' dir='ltr'>fere</span> <span class='ocrx_word' id='word_1_8' title='bbox 1173 821 1305 894; x_wconf 78' lang='lat' dir='ltr'>fuit</span> <span class='ocrx_word' id='word_1_9' title='bbox 1335 837 1551 894; x_wconf 86' lang='lat' dir='ltr'>manu</span> <span class='ocrx_word' id='word_1_10' title='bbox 1581 822 1816 895; x_wconf 78' lang='lat' dir='ltr'>valida</span> <span class='ocrx_word' id='word_1_11' title='bbox 1849 823 2420 918; x_wconf 83' lang='lat' dir='ltr'>captivatus,etc.</span> <span class='ocrx_word' id='word_1_12' title='bbox 2442 814 2722 913; x_wconf 83' lang='lat' dir='ltr'>(Subdit</span> <span class='ocrx_word' id='word_1_13' title='bbox 2753 833 2828 885; x_wconf 86' lang='lat' dir='ltr'>se</span> <span class='ocrx_word' id='word_1_14' title='bbox 2859 811 3166 908; x_wconf 76' lang='lat' dir='ltr'>episcopi</span> <span class='ocrx_word' id='word_1_15' title='bbox 3197 819 3270 882; x_wconf 91' lang='lat' dir='ltr'>et</span> <span class='ocrx_word' id='word_1_16' title='bbox 3294 824 3460 905; x_wconf 83' lang='lat' dir='ltr'>pro·</span> 
     </span>
     <span class='ocr_line' id='line_1_3' title="bbox 629 934 3456 1044; baseline -0.008 -19"><span class='ocrx_word' id='word_1_17' title='bbox 629 969 872 1025; x_wconf 85' lang='lat' dir='ltr'>cerum</span> <span class='ocrx_word' id='word_1_18' title='bbox 899 950 1180 1022; x_wconf 81' lang='lat' dir='ltr'>illorum</span> <span class='ocrx_word' id='word_1_19' title='bbox 1212 948 1537 1043; x_wconf 74' lang='lat' dir='ltr'>precibus</span> <span class='ocrx_word' id='word_1_20' title='bbox 1568 955 1992 1044; x_wconf 88' lang='lat' dir='ltr'>permotum,</span> <span class='ocrx_word' id='word_1_21' title='bbox 2031 945 2264 1042; x_wconf 89' lang='lat' dir='ltr'>ipsum</span> <span class='ocrx_word' id='word_1_22' title='bbox 2287 944 2358 1014; x_wconf 91' lang='lat' dir='ltr'>in</span> <span class='ocrx_word' id='word_1_23' title='bbox 2385 939 2693 1014; x_wconf 85' lang='lat' dir='ltr'>Ecclesie</span> <span class='ocrx_word' id='word_1_24' title='bbox 2725 938 3018 1031; x_wconf 77' lang='lat' dir='ltr'><strong>gratiam</strong></span> <span class='ocrx_word' id='word_1_25' title='bbox 3052 934 3456 1021; x_wconf 80' lang='lat' dir='ltr'>admittere,</span> 
     </span>
     <span class='ocr_line' id='line_1_4' title="bbox 629 1056 3458 1170; baseline -0.007 -23"><span class='ocrx_word' id='word_1_26' title='bbox 629 1094 715 1147; x_wconf 85' lang='lat' dir='ltr'>ac</span> <span class='ocrx_word' id='word_1_27' title='bbox 738 1081 1079 1170; x_wconf 82' lang='lat' dir='ltr'>provocat</span> <span class='ocrx_word' id='word_1_28' title='bbox 1101 1070 1193 1143; x_wconf 85' lang='lat' dir='ltr'>ad</span> <span class='ocrx_word' id='word_1_29' title='bbox 1216 1072 1779 1168; x_wconf 73' lang='lat' dir='ltr'>expectationem</span> <span class='ocrx_word' id='word_1_30' title='bbox 1804 1092 2018 1165; x_wconf 86' lang='lat' dir='ltr'>quam</span> <span class='ocrx_word' id='word_1_31' title='bbox 2048 1069 2098 1141; x_wconf 85' lang='lat' dir='ltr'>ii</span> <span class='ocrx_word' id='word_1_32' title='bbox 2124 1068 2216 1141; x_wconf 88' lang='lat' dir='ltr'>de</span> <span class='ocrx_word' id='word_1_33' title='bbox 2246 1064 2463 1163; x_wconf 89' lang='lat' dir='ltr'>ipsius</span> <span class='ocrx_word' id='word_1_34' title='bbox 2485 1063 2742 1137; x_wconf 79' lang='lat' dir='ltr'>virtute</span> <span class='ocrx_word' id='word_1_35' title='bbox 2770 1061 2913 1133; x_wconf 88' lang='lat' dir='ltr'>suis</span> <span class='ocrx_word' id='word_1_36' title='bbox 2953 1058 3196 1131; x_wconf 83' lang='lat' dir='ltr'>litteris</span> <span class='ocrx_word' id='word_1_37' title='bbox 3226 1056 3458 1130; x_wconf 84' lang='lat' dir='ltr'>conci-</span> 
     </span>
    </p>
   </div>
   <div class='ocr_carea' id='block_1_2' title="bbox 630 1192 2190 1414">
    <p class='ocr_par' dir='ltr' id='par_1_2' title="bbox 630 1192 2190 1414">
     <span class='ocr_line' id='line_1_5' title="bbox 630 1192 1439 1293; baseline -0.005 -22"><span class='ocrx_word' id='word_1_38' title='bbox 630 1207 867 1271; x_wconf 82' lang='lat' dir='ltr'>tarunt</span> <span class='ocrx_word' id='word_1_39' title='bbox 898 1192 1439 1293; x_wconf 85' lang='lat' dir='ltr'>sustinendam.)</span> 
     </span>
     <span class='ocr_line' id='line_1_6' title="bbox 724 1316 2190 1414; baseline -0.005 -19"><span class='ocrx_word' id='word_1_40' title='bbox 724 1324 986 1395; x_wconf 85' lang='lat' dir='ltr'>Datum</span> <span class='ocrx_word' id='word_1_41' title='bbox 1019 1318 1367 1414; x_wconf 80' lang='lat' dir='ltr'>Lugduni,</span> <span class='ocrx_word' id='word_1_42' title='bbox 1390 1318 1623 1394; x_wconf 87' lang='lat' dir='ltr'>idibus</span> <span class='ocrx_word' id='word_1_43' title='bbox 1649 1318 1840 1411; x_wconf 88' lang='lat' dir='ltr'>maii,</span> <span class='ocrx_word' id='word_1_44' title='bbox 1862 1335 2048 1390; x_wconf 83' lang='lat' dir='ltr'>anno</span> <span class='ocrx_word' id='word_1_45' title='bbox 2077 1316 2190 1389; x_wconf 59' lang='grc' dir='ltr'>Ψ.</span> 
     </span>
    </p>
   </div>
   <div class='ocr_carea' id='block_1_3' title="bbox 635 1932 3465 2717">
    <p class='ocr_par' dir='ltr' id='par_1_3' title="bbox 635 1932 3465 2717">
     <span class='ocr_line' id='line_1_7' title="bbox 739 1932 3464 2052; baseline -0.004 -23"><span class='ocrx_word' id='word_1_46' title='bbox 739 1942 1225 2030; x_wconf 83' lang='lat' dir='ltr'>Innocentius</span> <span class='ocrx_word' id='word_1_47' title='bbox 1262 1963 1465 2052; x_wconf 88' lang='lat' dir='ltr'>papa</span> <span class='ocrx_word' id='word_1_48' title='bbox 1508 1935 1985 2051; x_wconf 78' lang='lat' dir='ltr'>patriarchae</span> <span class='ocrx_word' id='word_1_49' title='bbox 2028 1935 2692 2049; x_wconf 82' lang='lat' dir='ltr'>lerosolymitano,</span> <span class='ocrx_word' id='word_1_50' title='bbox 2732 1935 3105 2045; x_wconf 81' lang='lat' dir='ltr'>magistro</span> <span class='ocrx_word' id='word_1_51' title='bbox 3151 1932 3464 2018; x_wconf 87' lang='lat' dir='ltr'>militiae</span> 
     </span>
     <span class='ocr_line' id='line_1_8' title="bbox 636 2062 3465 2188; baseline -0.004 -25"><span class='ocrx_word' id='word_1_52' title='bbox 636 2075 931 2188; x_wconf 86' lang='lat' dir='ltr'>Templi</span> <span class='ocrx_word' id='word_1_53' title='bbox 1010 2084 1086 2161; x_wconf 83' lang='lat' dir='ltr'>et</span> <span class='ocrx_word' id='word_1_54' title='bbox 1169 2075 1532 2160; x_wconf 91' lang='lat' dir='ltr'>omnibus</span> <span class='ocrx_word' id='word_1_55' title='bbox 1612 2096 1748 2183; x_wconf 86' lang='lat' dir='ltr'>per</span> <span class='ocrx_word' id='word_1_56' title='bbox 1826 2098 2156 2183; x_wconf 85' lang='lat' dir='ltr'>regnum</span> <span class='ocrx_word' id='word_1_57' title='bbox 2229 2066 2947 2183; x_wconf 86' lang='lat' dir='ltr'>Jerosolymitanum</span> <span class='ocrx_word' id='word_1_58' title='bbox 3039 2062 3465 2153; x_wconf 86' lang='lat' dir='ltr'>constitutis</span> 
     </span>
     <span class='ocr_line' id='line_1_9' title="bbox 635 2198 3462 2320; baseline -0.004 -27"><span class='ocrx_word' id='word_1_59' title='bbox 635 2212 954 2294; x_wconf 86' lang='lat' dir='ltr'>mandat</span> <span class='ocrx_word' id='word_1_60' title='bbox 1010 2206 1222 2320; x_wconf 91' lang='lat' dir='ltr'>quod</span> <span class='ocrx_word' id='word_1_61' title='bbox 1292 2205 1790 2290; x_wconf 88' lang='lat' dir='ltr'>Thomasium</span> <span class='ocrx_word' id='word_1_62' title='bbox 1848 2202 2205 2289; x_wconf 87' lang='lat' dir='ltr'>comitem</span> <span class='ocrx_word' id='word_1_63' title='bbox 2260 2206 2748 2310; x_wconf 76' lang='lat' dir='ltr'>Acer-rarum,</span> <span class='ocrx_word' id='word_1_64' title='bbox 2773 2198 3133 2287; x_wconf 85' lang='lat' dir='ltr'>Friderici</span> <span class='ocrx_word' id='word_1_65' title='bbox 3192 2228 3462 2311; x_wconf 82' lang='lat' dir='ltr'>quon-</span> 
     </span>
     <span class='ocr_line' id='line_1_10' title="bbox 636 2328 3463 2452; baseline -0.004 -27"><span class='ocrx_word' id='word_1_66' title='bbox 636 2344 816 2425; x_wconf 89' lang='lat' dir='ltr'>dam</span> <span class='ocrx_word' id='word_1_67' title='bbox 854 2338 1331 2452; x_wconf 86' lang='lat' dir='ltr'>imperatoris</span> <span class='ocrx_word' id='word_1_68' title='bbox 1362 2334 1739 2450; x_wconf 85' lang='lat' dir='ltr'>legatum,</span> <span class='ocrx_word' id='word_1_69' title='bbox 1783 2338 1847 2421; x_wconf 87' lang='lat' dir='ltr'>si</span> <span class='ocrx_word' id='word_1_70' title='bbox 1888 2334 2049 2421; x_wconf 87' lang='lat' dir='ltr'>fieri</span> <span class='ocrx_word' id='word_1_71' title='bbox 2084 2337 2327 2447; x_wconf 85' lang='lat' dir='ltr'>possit</span> <span class='ocrx_word' id='word_1_72' title='bbox 2380 2335 2796 2446; x_wconf 87' lang='lat' dir='ltr'>expellant,</span> <span class='ocrx_word' id='word_1_73' title='bbox 2839 2330 3154 2419; x_wconf 90' lang='lat' dir='ltr'>Pisanos</span> <span class='ocrx_word' id='word_1_74' title='bbox 3190 2328 3463 2420; x_wconf 85' lang='lat' dir='ltr'>vexilla</span> 
     </span>
     <span class='ocr_line' id='line_1_11' title="bbox 637 2467 3464 2585; baseline -0.004 -27"><span class='ocrx_word' id='word_1_75' title='bbox 637 2471 979 2585; x_wconf 85' lang='lat' dir='ltr'>ejusdem</span> <span class='ocrx_word' id='word_1_76' title='bbox 1046 2470 1409 2558; x_wconf 87' lang='lat' dir='ltr'>Friderici</span> <span class='ocrx_word' id='word_1_77' title='bbox 1460 2482 1849 2581; x_wconf 88' lang='lat' dir='ltr'>portantes</span> <span class='ocrx_word' id='word_1_78' title='bbox 1909 2482 2435 2579; x_wconf 88' lang='lat' dir='ltr'>compescant,</span> <span class='ocrx_word' id='word_1_79' title='bbox 2503 2496 2754 2579; x_wconf 90' lang='lat' dir='ltr'>neque</span> <span class='ocrx_word' id='word_1_80' title='bbox 2806 2494 3164 2578; x_wconf 84' lang='lat' dir='ltr'>praesens</span> <span class='ocrx_word' id='word_1_81' title='bbox 3223 2467 3464 2575; x_wconf 91' lang='lat' dir='ltr'>ipsius</span> 
     </span>
     <span class='ocr_line' id='line_1_12' title="bbox 640 2603 2247 2717; baseline -0.002 -28"><span class='ocrx_word' id='word_1_82' title='bbox 640 2608 852 2717; x_wconf 88' lang='lat' dir='ltr'>regni</span> <span class='ocrx_word' id='word_1_83' title='bbox 889 2605 1317 2689; x_wconf 91' lang='lat' dir='ltr'>dominium</span> <span class='ocrx_word' id='word_1_84' title='bbox 1353 2603 1746 2686; x_wconf 79' lang='lat' dir='ltr'>immutari</span> <span class='ocrx_word' id='word_1_85' title='bbox 1782 2603 2247 2712; x_wconf 84' lang='lat' dir='ltr'>permittant.</span> 
     </span>
    </p>
   </div>
   <div class='ocr_carea' id='block_1_4' title="bbox 801 2832 3459 3027">
    <p class='ocr_par' dir='ltr' id='par_1_4' title="bbox 801 2832 3459 3027">
     <span class='ocr_line' id='line_1_13' title="bbox 801 2832 3459 2923; baseline -0.001 -19"><span class='ocrx_word' id='word_1_86' title='bbox 801 2841 1048 2923; x_wconf 87' lang='lat' dir='ltr'>(Inedit.</span> <span class='ocrx_word' id='word_1_87' title='bbox 1080 2860 1157 2903; x_wconf 86' lang='lat' dir='ltr'>ex</span> <span class='ocrx_word' id='word_1_88' title='bbox 1184 2842 1417 2904; x_wconf 84' lang='lat' dir='ltr'>collect.</span> <span class='ocrx_word' id='word_1_89' title='bbox 1448 2842 1536 2902; x_wconf 86' lang='lat' dir='ltr'>La</span> <span class='ocrx_word' id='word_1_90' title='bbox 1560 2838 1737 2902; x_wconf 82' lang='lat' dir='ltr'>Porto</span> <span class='ocrx_word' id='word_1_91' title='bbox 1764 2842 1847 2902; x_wconf 89' lang='lat' dir='ltr'>du</span> <span class='ocrx_word' id='word_1_92' title='bbox 1878 2840 2048 2903; x_wconf 81' lang='lat' dir='ltr'>Tbeil</span> <span class='ocrx_word' id='word_1_93' title='bbox 2086 2844 2150 2900; x_wconf 84' lang='lat' dir='ltr'>in</span> <span class='ocrx_word' id='word_1_94' title='bbox 2179 2834 2335 2902; x_wconf 89' lang='lat' dir='ltr'>Bibl.</span> <span class='ocrx_word' id='word_1_95' title='bbox 2369 2834 2565 2901; x_wconf 82' lang='lat' dir='ltr'>Cesar.</span> <span class='ocrx_word' id='word_1_96' title='bbox 2591 2836 2812 2914; x_wconf 69' lang='lat' dir='ltr'>Paris„</span> <span class='ocrx_word' id='word_1_97' title='bbox 2842 2855 3000 2899; x_wconf 86' lang='lat' dir='ltr'>anno</span> <span class='ocrx_word' id='word_1_98' title='bbox 3031 2832 3111 2920; x_wconf 82' lang='lat' dir='ltr'>V,</span> <span class='ocrx_word' id='word_1_99' title='bbox 3154 2841 3324 2917; x_wconf 81' lang='lat' dir='ltr'>epist.</span> <span class='ocrx_word' id='word_1_100' title='bbox 3358 2851 3459 2916; x_wconf 80' lang='grc'>53,</span> 
     </span>
     <span class='ocr_line' id='line_1_14' title="bbox 880 2943 3249 3027; baseline -0.002 -16"><span class='ocrx_word' id='word_1_101' title='bbox 880 2956 956 3011; x_wconf 73' lang='grc'>84</span> <span class='ocrx_word' id='word_1_102' title='bbox 984 2956 1042 3011; x_wconf 83' lang='lat' dir='ltr'>et</span> <span class='ocrx_word' id='word_1_103' title='bbox 1076 2956 1174 3022; x_wconf 82' lang='lat'>57,</span> <span class='ocrx_word' id='word_1_104' title='bbox 1203 2947 1308 3009; x_wconf 80' lang='lat' dir='ltr'>fol.</span> <span class='ocrx_word' id='word_1_105' title='bbox 1341 2958 1490 3022; x_wconf 77' lang='lat'><strong>5583</strong></span> <span class='ocrx_word' id='word_1_106' title='bbox 1522 2949 1660 3010; x_wconf 87' lang='lat' dir='ltr'>coll.</span> <span class='ocrx_word' id='word_1_107' title='bbox 1693 2965 1831 3010; x_wconf 90' lang='lat' dir='ltr'>cum</span> <span class='ocrx_word' id='word_1_108' title='bbox 1851 2950 2049 3009; x_wconf 82' lang='lat' dir='ltr'>Indice</span> <span class='ocrx_word' id='word_1_109' title='bbox 2074 2946 2306 3026; x_wconf 78' lang='lat' dir='ltr'>epistol.</span> <span class='ocrx_word' id='word_1_110' title='bbox 2339 2946 2549 3008; x_wconf 91' lang='lat' dir='ltr'>Innoc.</span> <span class='ocrx_word' id='word_1_111' title='bbox 2582 2944 2698 3027; x_wconf 89' lang='lat' dir='ltr'>IV,</span> <span class='ocrx_word' id='word_1_112' title='bbox 2719 2943 2952 3022; x_wconf 77' lang='lat' dir='ltr'>ibidem,</span> <span class='ocrx_word' id='word_1_113' title='bbox 2983 2946 3089 3007; x_wconf 77' lang='lat' dir='ltr'>fol.</span> <span class='ocrx_word' id='word_1_114' title='bbox 3122 2946 3249 3027; x_wconf 80' lang='grc'><strong>93.)</strong></span> 
     </span>
    </p>
   </div>
   <div class='ocr_carea' id='block_1_5' title="bbox 636 3151 3465 3748">
    <p class='ocr_par' dir='ltr' id='par_1_5' title="bbox 636 3151 3465 3748">
     <span class='ocr_line' id='line_1_15' title="bbox 732 3151 3459 3254; baseline 0 -23"><span class='ocrx_word' id='word_1_115' title='bbox 732 3160 1208 3250; x_wconf 86' lang='lat' dir='ltr'>Innocentius,</span> <span class='ocrx_word' id='word_1_116' title='bbox 1249 3169 1421 3248; x_wconf 66' lang='lat' dir='ltr'>etc„</span> <span class='ocrx_word' id='word_1_117' title='bbox 1459 3158 1850 3253; x_wconf 89' lang='lat' dir='ltr'>patriarche</span> <span class='ocrx_word' id='word_1_118' title='bbox 1898 3151 2470 3253; x_wconf 79' lang='lat' dir='ltr'>lerosolymitano</span> <span class='ocrx_word' id='word_1_119' title='bbox 2509 3158 2907 3254; x_wconf 90' lang='lat' dir='ltr'>Apostolice</span> <span class='ocrx_word' id='word_1_120' title='bbox 2952 3158 3153 3231; x_wconf 82' lang='lat' dir='ltr'>Sedis</span> <span class='ocrx_word' id='word_1_121' title='bbox 3201 3159 3459 3252; x_wconf 80' lang='lat' dir='ltr'>legato,</span> 
     </span>
     <span class='ocr_line' id='line_1_16' title="bbox 637 3281 3465 3378; baseline 0.001 -24"><span class='ocrx_word' id='word_1_122' title='bbox 637 3283 1171 3378; x_wconf 79' lang='lat' dir='ltr'>archiepiscopis</span> <span class='ocrx_word' id='word_1_123' title='bbox 1202 3294 1274 3353; x_wconf 83' lang='lat' dir='ltr'>et</span> <span class='ocrx_word' id='word_1_124' title='bbox 1306 3282 1646 3377; x_wconf 89' lang='lat' dir='ltr'>episcopis</span> <span class='ocrx_word' id='word_1_125' title='bbox 1676 3303 1759 3354; x_wconf 90' lang='lat' dir='ltr'>ac</span> <span class='ocrx_word' id='word_1_126' title='bbox 1790 3283 2060 3354; x_wconf 85' lang='lat' dir='ltr'>dilectis</span> <span class='ocrx_word' id='word_1_127' title='bbox 2089 3281 2248 3353; x_wconf 87' lang='lat' dir='ltr'>filiis</span> <span class='ocrx_word' id='word_1_128' title='bbox 2281 3283 2592 3377; x_wconf 85' lang='lat' dir='ltr'>prelatis,</span> <span class='ocrx_word' id='word_1_129' title='bbox 2633 3284 3008 3377; x_wconf 89' lang='lat' dir='ltr'>templariis</span> <span class='ocrx_word' id='word_1_130' title='bbox 3045 3292 3117 3354; x_wconf 87' lang='lat' dir='ltr'>et</span> <span class='ocrx_word' id='word_1_131' title='bbox 3145 3281 3465 3377; x_wconf 86' lang='lat' dir='ltr'>hospita-</span> 
     </span>
     <span class='ocr_line' id='line_1_17' title="bbox 639 3404 3462 3479; baseline 0.001 -3"><span class='ocrx_word' id='word_1_132' title='bbox 639 3407 826 3478; x_wconf 88' lang='lat' dir='ltr'>lariis</span> <span class='ocrx_word' id='word_1_133' title='bbox 861 3415 933 3477; x_wconf 89' lang='lat' dir='ltr'>et</span> <span class='ocrx_word' id='word_1_134' title='bbox 967 3406 1294 3477; x_wconf 81' lang='lat' dir='ltr'>fratribus</span> <span class='ocrx_word' id='word_1_135' title='bbox 1334 3406 1584 3477; x_wconf 91' lang='lat' dir='ltr'>domus</span> <span class='ocrx_word' id='word_1_136' title='bbox 1617 3404 2203 3477; x_wconf 86' lang='lat' dir='ltr'>Theutonicorum</span> <span class='ocrx_word' id='word_1_137' title='bbox 2238 3428 2513 3478; x_wconf 88' lang='lat' dir='ltr'>necnon</span> <span class='ocrx_word' id='word_1_138' title='bbox 2546 3406 2923 3478; x_wconf 87' lang='lat' dir='ltr'>baronibus</span> <span class='ocrx_word' id='word_1_139' title='bbox 2958 3407 3304 3478; x_wconf 87' lang='lat' dir='ltr'>universis</span> <span class='ocrx_word' id='word_1_140' title='bbox 3335 3405 3462 3479; x_wconf 72' lang='lat' dir='ltr'>de-</span> 
     </span>
     <span class='ocr_line' id='line_1_18' title="bbox 639 3528 3461 3624; baseline 0 -24"><span class='ocrx_word' id='word_1_141' title='bbox 639 3531 818 3603; x_wconf 91' lang='lat' dir='ltr'>votis</span> <span class='ocrx_word' id='word_1_142' title='bbox 851 3529 1157 3600; x_wconf 87' lang='lat' dir='ltr'>Ecclesie</span> <span class='ocrx_word' id='word_1_143' title='bbox 1189 3528 1262 3598; x_wconf 89' lang='lat' dir='ltr'>in</span> <span class='ocrx_word' id='word_1_144' title='bbox 1298 3528 1773 3598; x_wconf 85' lang='lat' dir='ltr'>transmarinis</span> <span class='ocrx_word' id='word_1_145' title='bbox 1808 3528 2122 3622; x_wconf 87' lang='lat' dir='ltr'>partibus</span> <span class='ocrx_word' id='word_1_146' title='bbox 2158 3529 2579 3618; x_wconf 85' lang='lat' dir='ltr'>constitutis,</span> <span class='ocrx_word' id='word_1_147' title='bbox 2602 3538 2737 3600; x_wconf 88' lang='lat' dir='ltr'>etc.</span> <span class='ocrx_word' id='word_1_148' title='bbox 2758 3530 2957 3620; x_wconf 91' lang='lat' dir='ltr'>Cum,</span> <span class='ocrx_word' id='word_1_149' title='bbox 2981 3530 3161 3601; x_wconf 90' lang='lat' dir='ltr'>sicut</span> <span class='ocrx_word' id='word_1_150' title='bbox 3190 3531 3461 3624; x_wconf 86' lang='lat' dir='ltr'>accepi-</span> 
     </span>
     <span class='ocr_line' id='line_1_19' title="bbox 636 3648 3461 3748; baseline 0.001 -25"><span class='ocrx_word' id='word_1_151' title='bbox 636 3672 819 3743; x_wconf 78' lang='lat' dir='ltr'>mus,</span> <span class='ocrx_word' id='word_1_152' title='bbox 834 3652 1240 3723; x_wconf 74' lang='lat' dir='ltr'>Thomas-ius</span> <span class='ocrx_word' id='word_1_153' title='bbox 1266 3670 1500 3723; x_wconf 89' lang='lat' dir='ltr'>comes</span> <span class='ocrx_word' id='word_1_154' title='bbox 1512 3648 1930 3722; x_wconf 78' lang='lat' dir='ltr'>Acen-arum</span> <span class='ocrx_word' id='word_1_155' title='bbox 1964 3651 2084 3746; x_wconf 89' lang='lat' dir='ltr'>qui</span> <span class='ocrx_word' id='word_1_156' title='bbox 2115 3672 2244 3747; x_wconf 84' lang='lat' dir='ltr'>pro</span> <span class='ocrx_word' id='word_1_157' title='bbox 2271 3652 2618 3725; x_wconf 89' lang='lat' dir='ltr'>Friderico</span> <span class='ocrx_word' id='word_1_158' title='bbox 2650 3652 3005 3746; x_wconf 86' lang='lat' dir='ltr'>quondam</span> <span class='ocrx_word' id='word_1_159' title='bbox 3042 3654 3461 3748; x_wconf 82' lang='lat' dir='ltr'>imperatore</span> 
     </span>
    </p>
   </div>
   <div class='ocr_carea' id='block_1_6' title="bbox 488 3761 3463 3871">
    <p class='ocr_par' dir='ltr' id='par_1_6' title="bbox 488 3761 3463 3871">
     <span class='ocr_line' id='line_1_20' title="bbox 488 3761 3463 3871; baseline 0.001 -26"><span class='ocrx_word' id='word_1_160' title='bbox 488 3761 497 3776; x_wconf 85' lang='lat'><em>&#39;</em></span> <span class='ocrx_word' id='word_1_161' title='bbox 637 3776 710 3847; x_wconf 91' lang='lat' dir='ltr'>in</span> <span class='ocrx_word' id='word_1_162' title='bbox 759 3776 1089 3849; x_wconf 85' lang='lat' dir='ltr'>comitatu</span> <span class='ocrx_word' id='word_1_163' title='bbox 1137 3774 1558 3868; x_wconf 86' lang='lat' dir='ltr'>Tripolitano</span> <span class='ocrx_word' id='word_1_164' title='bbox 1604 3773 1859 3846; x_wconf 90' lang='lat' dir='ltr'>dicitur</span> <span class='ocrx_word' id='word_1_165' title='bbox 1898 3777 2351 3867; x_wconf 87' lang='lat' dir='ltr'>commorari,</span> <span class='ocrx_word' id='word_1_166' title='bbox 2389 3776 2660 3848; x_wconf 87' lang='lat' dir='ltr'>devotis</span> <span class='ocrx_word' id='word_1_167' title='bbox 2703 3777 3007 3848; x_wconf 90' lang='lat' dir='ltr'>Ecclesie</span> <span class='ocrx_word' id='word_1_168' title='bbox 3048 3787 3295 3848; x_wconf 91' lang='lat' dir='ltr'>noceat</span> <span class='ocrx_word' id='word_1_169' title='bbox 3337 3795 3463 3871; x_wconf 89' lang='lat' dir='ltr'>per</span> 
     </span>
    </p>
   </div>
   <div class='ocr_carea' id='block_1_7' title="bbox 635 3896 3463 4861">
    <p class='ocr_par' dir='ltr' id='par_1_7' title="bbox 635 3896 3463 4498">
     <span class='ocr_line' id='line_1_21' title="bbox 638 3896 3462 3994; baseline 0.001 -26"><span class='ocrx_word' id='word_1_170' title='bbox 638 3899 884 3971; x_wconf 91' lang='lat' dir='ltr'>modos</span> <span class='ocrx_word' id='word_1_171' title='bbox 928 3909 1000 3970; x_wconf 93' lang='lat' dir='ltr'>et</span> <span class='ocrx_word' id='word_1_172' title='bbox 1043 3898 1325 3970; x_wconf 86' lang='lat' dir='ltr'>fraudes</span> <span class='ocrx_word' id='word_1_173' title='bbox 1366 3919 1408 3969; x_wconf 89' lang='lat' dir='ltr'>a</span> <span class='ocrx_word' id='word_1_174' title='bbox 1455 3896 1738 3969; x_wconf 90' lang='lat' dir='ltr'>domino</span> <span class='ocrx_word' id='word_1_175' title='bbox 1783 3919 1911 3970; x_wconf 87' lang='lat' dir='ltr'>suo</span> <span class='ocrx_word' id='word_1_176' title='bbox 1956 3899 2195 3970; x_wconf 86' lang='lat' dir='ltr'>solitos</span> <span class='ocrx_word' id='word_1_177' title='bbox 2240 3899 2420 3970; x_wconf 90' lang='lat' dir='ltr'>sicut</span> <span class='ocrx_word' id='word_1_178' title='bbox 2462 3908 2724 3994; x_wconf 90' lang='lat' dir='ltr'>potest,</span> <span class='ocrx_word' id='word_1_179' title='bbox 2759 3900 3189 3970; x_wconf 87' lang='lat' dir='ltr'>universitati</span> <span class='ocrx_word' id='word_1_180' title='bbox 3229 3908 3462 3972; x_wconf 78' lang='lat' dir='ltr'>vestre</span> 
     </span>
     <span class='ocr_line' id='line_1_22' title="bbox 636 4017 3463 4118; baseline 0 -25"><span class='ocrx_word' id='word_1_181' title='bbox 636 4022 1049 4094; x_wconf 81' lang='lat' dir='ltr'>mandamus</span> <span class='ocrx_word' id='word_1_182' title='bbox 1091 4030 1438 4114; x_wconf 86' lang='lat' dir='ltr'>quatenus</span> <span class='ocrx_word' id='word_1_183' title='bbox 1469 4021 1663 4113; x_wconf 86' lang='lat' dir='ltr'>quod</span> <span class='ocrx_word' id='word_1_184' title='bbox 1703 4020 1889 4092; x_wconf 92' lang='lat' dir='ltr'>idem</span> <span class='ocrx_word' id='word_1_185' title='bbox 1934 4041 2166 4093; x_wconf 89' lang='lat' dir='ltr'>comes</span> <span class='ocrx_word' id='word_1_186' title='bbox 2198 4022 2289 4093; x_wconf 89' lang='lat' dir='ltr'>de</span> <span class='ocrx_word' id='word_1_187' title='bbox 2327 4023 2635 4118; x_wconf 89' lang='lat' dir='ltr'>partibus</span> <span class='ocrx_word' id='word_1_188' title='bbox 2673 4023 2807 4093; x_wconf 90' lang='lat' dir='ltr'>illis</span> <span class='ocrx_word' id='word_1_189' title='bbox 2849 4022 3135 4095; x_wconf 91' lang='lat' dir='ltr'>omnino</span> <span class='ocrx_word' id='word_1_190' title='bbox 3181 4017 3463 4094; x_wconf 86' lang='lat' dir='ltr'>recedat</span> 
     </span>
     <span class='ocr_line' id='line_1_23' title="bbox 635 4144 3460 4240; baseline -0 -22"><span class='ocrx_word' id='word_1_191' title='bbox 635 4146 924 4218; x_wconf 87' lang='lat' dir='ltr'>sollicite</span> <span class='ocrx_word' id='word_1_192' title='bbox 959 4144 1312 4217; x_wconf 85' lang='lat' dir='ltr'>laboretis.</span> <span class='ocrx_word' id='word_1_193' title='bbox 1350 4145 1452 4214; x_wconf 89' lang='lat' dir='ltr'>Tu</span> <span class='ocrx_word' id='word_1_194' title='bbox 1491 4162 1685 4231; x_wconf 89' lang='lat' dir='ltr'>vero,</span> <span class='ocrx_word' id='word_1_195' title='bbox 1724 4145 1938 4216; x_wconf 74' lang='lat' dir='ltr'>stater</span> <span class='ocrx_word' id='word_1_196' title='bbox 1967 4144 2384 4240; x_wconf 75' lang='lat' dir='ltr'>patriarcha,</span> <span class='ocrx_word' id='word_1_197' title='bbox 2420 4147 2570 4216; x_wconf 87' lang='lat' dir='ltr'>loca</span> <span class='ocrx_word' id='word_1_198' title='bbox 2605 4146 2725 4216; x_wconf 91' lang='lat' dir='ltr'>ubi</span> <span class='ocrx_word' id='word_1_199' title='bbox 2757 4156 3068 4218; x_wconf 87' lang='lat' dir='ltr'>moratur</span> <span class='ocrx_word' id='word_1_200' title='bbox 3100 4157 3173 4217; x_wconf 91' lang='lat' dir='ltr'>et</span> <span class='ocrx_word' id='word_1_201' title='bbox 3201 4145 3293 4217; x_wconf 85' lang='lat' dir='ltr'>ad</span> <span class='ocrx_word' id='word_1_202' title='bbox 3320 4163 3460 4239; x_wconf 89' lang='lat' dir='ltr'>que</span> 
     </span>
     <span class='ocr_line' id='line_1_24' title="bbox 636 4255 3461 4364; baseline 0.001 -26"><span class='ocrx_word' id='word_1_203' title='bbox 636 4269 862 4364; x_wconf 90' lang='lat' dir='ltr'>ipsum</span> <span class='ocrx_word' id='word_1_204' title='bbox 890 4270 1258 4364; x_wconf 89' lang='lat' dir='ltr'>pervenire</span> <span class='ocrx_word' id='word_1_205' title='bbox 1276 4266 1674 4358; x_wconf 81' lang='lat' dir='ltr'>contigerit,</span> <span class='ocrx_word' id='word_1_206' title='bbox 1694 4268 2102 4340; x_wconf 84' lang='lat' dir='ltr'>auctoritate</span> <span class='ocrx_word' id='word_1_207' title='bbox 2122 4277 2361 4340; x_wconf 88' lang='lat' dir='ltr'>nostra</span> <span class='ocrx_word' id='word_1_208' title='bbox 2388 4255 2739 4364; x_wconf 86' lang='lat' dir='ltr'>supponas</span> <span class='ocrx_word' id='word_1_209' title='bbox 2766 4269 3232 4342; x_wconf 86' lang='lat' dir='ltr'>ecclesiastico</span> <span class='ocrx_word' id='word_1_210' title='bbox 3254 4270 3461 4341; x_wconf 88' lang='lat' dir='ltr'>inter·</span> 
     </span>
     <span class='ocr_line' id='line_1_25' title="bbox 636 4390 1896 4498; baseline -0.001 -36"><span class='ocrx_word' id='word_1_211' title='bbox 636 4390 852 4482; x_wconf 86' lang='lat' dir='ltr'>dicto,</span> <span class='ocrx_word' id='word_1_212' title='bbox 887 4391 1459 4498; x_wconf 66' lang='lat' dir='ltr'>contradictores,</span> <span class='ocrx_word' id='word_1_213' title='bbox 1492 4397 1624 4461; x_wconf 80' lang='lat' dir='ltr'>etc.</span> <span class='ocrx_word' id='word_1_214' title='bbox 1891 4405 1896 4410; x_wconf 87' lang='grc'><em>·</em></span> 
     </span>
    </p>

    <p class='ocr_par' dir='ltr' id='par_1_8' title="bbox 732 4511 2475 4607">
     <span class='ocr_line' id='line_1_26' title="bbox 732 4511 2475 4607; baseline 0.001 -22"><span class='ocrx_word' id='word_1_215' title='bbox 732 4516 985 4586; x_wconf 89' lang='lat' dir='ltr'>Datum</span> <span class='ocrx_word' id='word_1_216' title='bbox 1017 4515 1364 4607; x_wconf 84' lang='lat' dir='ltr'>Lugduni,</span> <span class='ocrx_word' id='word_1_217' title='bbox 1397 4514 1543 4586; x_wconf 88' lang='lat' dir='ltr'>VIII</span> <span class='ocrx_word' id='word_1_218' title='bbox 1575 4511 1907 4584; x_wconf 85' lang='lat' dir='ltr'>kalendas</span> <span class='ocrx_word' id='word_1_219' title='bbox 1931 4515 2137 4606; x_wconf 76' lang='lat' dir='ltr'>Junii,</span> <span class='ocrx_word' id='word_1_220' title='bbox 2175 4536 2362 4587; x_wconf 93' lang='lat' dir='ltr'>anno</span> <span class='ocrx_word' id='word_1_221' title='bbox 2392 4516 2475 4587; x_wconf 89' lang='lat' dir='ltr'>V.</span> 
     </span>
    </p>

    <p class='ocr_par' dir='ltr' id='par_1_9' title="bbox 635 4634 3462 4861">
     <span class='ocr_line' id='line_1_27' title="bbox 731 4634 3451 4735; baseline 0.001 -26"><span class='ocrx_word' id='word_1_222' title='bbox 731 4637 1202 4730; x_wconf 85' lang='lat' dir='ltr'>Innocentius,</span> <span class='ocrx_word' id='word_1_223' title='bbox 1226 4648 1360 4711; x_wconf 88' lang='lat' dir='ltr'>etc.</span> <span class='ocrx_word' id='word_1_224' title='bbox 1376 4692 1397 4730; x_wconf 91' lang='lat'>,</span> <span class='ocrx_word' id='word_1_225' title='bbox 1411 4634 1800 4732; x_wconf 85' lang='lat' dir='ltr'>patriarche</span> <span class='ocrx_word' id='word_1_226' title='bbox 1811 4642 1846 4713; x_wconf 86' lang='lat' dir='ltr'>J</span> <span class='ocrx_word' id='word_1_227' title='bbox 1850 4639 2366 4712; x_wconf 87' lang='lat' dir='ltr'>erosolimitano</span> <span class='ocrx_word' id='word_1_228' title='bbox 2388 4637 2782 4735; x_wconf 84' lang='lat' dir='ltr'>Apostolice</span> <span class='ocrx_word' id='word_1_229' title='bbox 2804 4639 3003 4712; x_wconf 89' lang='lat' dir='ltr'>Sedis</span> <span class='ocrx_word' id='word_1_230' title='bbox 3025 4642 3280 4733; x_wconf 82' lang='lat' dir='ltr'>legato,</span> <span class='ocrx_word' id='word_1_231' title='bbox 3315 4650 3451 4714; x_wconf 88' lang='lat' dir='ltr'>etc.</span> 
     </span>
     <span class='ocr_line' id='line_1_28' title="bbox 635 4759 3462 4861; baseline 0.003 -30"><span class='ocrx_word' id='word_1_232' title='bbox 635 4759 829 4852; x_wconf 90' lang='lat' dir='ltr'>Cum,</span> <span class='ocrx_word' id='word_1_233' title='bbox 845 4760 1025 4832; x_wconf 85' lang='lat' dir='ltr'>sicut</span> <span class='ocrx_word' id='word_1_234' title='bbox 1048 4762 1469 4857; x_wconf 76' lang='lat' dir='ltr'>accepimuS,</span> <span class='ocrx_word' id='word_1_235' title='bbox 1488 4766 1711 4840; x_wconf 88' lang='lat' dir='ltr'>Pisani</span> <span class='ocrx_word' id='word_1_236' title='bbox 1738 4776 1809 4838; x_wconf 87' lang='lat' dir='ltr'>et</span> <span class='ocrx_word' id='word_1_237' title='bbox 1835 4765 2075 4861; x_wconf 89' lang='lat' dir='ltr'>plures</span> <span class='ocrx_word' id='word_1_238' title='bbox 2101 4763 2217 4835; x_wconf 87' lang='lat' dir='ltr'>alii</span> <span class='ocrx_word' id='word_1_239' title='bbox 2246 4763 2320 4834; x_wconf 92' lang='lat' dir='ltr'>in</span> <span class='ocrx_word' id='word_1_240' title='bbox 2350 4784 2593 4835; x_wconf 91' lang='lat' dir='ltr'>eorum</span> <span class='ocrx_word' id='word_1_241' title='bbox 2619 4763 3119 4855; x_wconf 90' lang='lat' dir='ltr'>navibus,cum</span> <span class='ocrx_word' id='word_1_242' title='bbox 3145 4763 3462 4839; x_wconf 83' lang='lat' dir='ltr'>adAcco-</span> 
     </span>
    </p>
   </div>
   <div class='ocr_carea' id='block_1_8' title="bbox 3577 1949 3643 2046">
    <p class='ocr_par' dir='ltr' id='par_1_10' title="bbox 3577 1949 3643 2046">
     <span class='ocr_line' id='line_1_29' title="bbox 3577 1949 3643 1992; baseline 0.015 -1"><span class='ocrx_word' id='word_1_243' title='bbox 3577 1949 3643 1992; x_wconf 84' lang='lat' dir='ltr'>Lu</span> 
     </span>
     <span class='ocr_line' id='line_1_30' title="bbox 3588 2006 3643 2046; baseline 0 0"><span class='ocrx_word' id='word_1_244' title='bbox 3588 2006 3643 2046; x_wconf 75' lang='lat'>25</span> 
     </span>
    </p>
   </div>
   <div class='ocr_carea' id='block_1_9' title="bbox 3646 1949 3810 2046">
    <p class='ocr_par' dir='ltr' id='par_1_11' title="bbox 3646 1949 3810 2046">
     <span class='ocr_line' id='line_1_31' title="bbox 3646 1949 3810 2003; baseline 0.012 -12"><span class='ocrx_word' id='word_1_245' title='bbox 3646 1949 3810 2003; x_wconf 75' lang='lat' dir='ltr'>gdunt.</span> 
     </span>
     <span class='ocr_line' id='line_1_32' title="bbox 3665 2005 3795 2046; baseline 0 0"><span class='ocrx_word' id='word_1_246' title='bbox 3665 2005 3795 2046; x_wconf 71' lang='lat' dir='ltr'>unul.</span> 
     </span>
    </p>
   </div>
  </div>
 </body>
</html>
