4525 6031
622 654 823 713 lamet.
856 647 950 725 6.]
1518 643 1919 705 HISTORIA
1968 646 2559 710 DIPLOMATICA.
3322 644 3447 707 629

624 807 778 857 mus
809 779 1155 853 universis
1181 777 1450 873 imperii
1478 776 1799 851 fidelibus
1836 790 1976 852 tam
2008 783 2448 877 presentibus
2481 804 2690 876 quam
2721 781 2969 852 futuris
3000 779 3191 874 quod
3216 780 3446 851 Ortol-

624 910 732 980 fus
770 904 1188 980 venerabilis
1220 903 1610 975 Gerstensis
1633 900 1736 998 (a)
1768 903 2011 995 abbas,
2053 907 2505 1000 cappellanus
2533 915 2605 977 et
2638 904 2863 978 fidelis
2879 915 3141 993 noster,
3173 904 3264 976 ad
3284 924 3445 999 pre-

610 1031 917 1103 sentiam
950 1037 1260 1100 nostram
1290 1026 1629 1098 accedens
1647 1023 1755 1122 (l)
1801 1028 2154 1119 quoddam
2199 1031 2531 1125 scriptum
2574 1041 2822 1125 patens
2865 1050 2987 1123 per
3026 1028 3447 1100 Fridericum

628 1153 981 1249 quondam
1015 1151 1267 1223 ducem
1297 1150 1574 1223 Austrie
1612 1160 1683 1222 et
1721 1151 1948 1245 Styrie
1993 1154 2415 1226 monasterio
2449 1176 2574 1225 suo
2608 1175 2818 1248 super
2853 1151 3220 1224 advocatia
3264 1150 3450 1241 ejus-

629 1277 788 1350 dem
811 1274 1209 1348 monasterii
1240 1273 1507 1345 dudum
1536 1273 1912 1366 indultum,
1944 1276 2226 1346 culmini
2253 1287 2492 1348 nostro
2519 1276 2862 1366 exhibuit,
2900 1273 3451 1370 supplicavitque

630 1400 959 1472 attentius
995 1397 1388 1470 celsitudini
1425 1406 1659 1469 nostre
1693 1407 1770 1467 ut
1802 1398 2034 1470 omnia
2085 1421 2222 1492 que
2267 1400 2787 1471 continerentur
2818 1400 2889 1470 in
2923 1420 3007 1470 eo
3043 1394 3454 1469 confirmare

633 1524 721 1596 de
752 1535 991 1595 nostra
1017 1522 1240 1615 gratia
1274 1521 1750 1615 dignaremur3
1790 1523 1989 1614 cujus
2017 1523 2253 1617 scripti
2286 1534 2484 1594 tenor
2520 1545 2643 1617 per
2672 1523 2905 1594 omnia
2938 1522 3090 1593 talis
3122 1532 3229 1593 est
3265 1544 3283 1589 ε

727 1649 867 1720 Nos
902 1646 1288 1719 Fridericus
1328 1645 1454 1717 Dei
1494 1644 1715 1736 gratia
1753 1643 1906 1715 dux
1943 1643 2221 1716 Austrie
2267 1655 2338 1717 et
2382 1646 2607 1740 Styrie
2654 1657 2724 1717 et
2770 1646 3091 1717 dominus
3120 1646 3455 1740 Carnyole

634 1781 875 1844 notum
919 1770 1209 1842 facimus
1252 1768 1595 1840 universis
1639 1778 1711 1839 et
1754 1768 2160 1840 nominatim
2210 1768 2676 1862 significamus
2717 1769 2950 1841 Ottoni
2991 1768 3331 1840 advocato
3368 1767 3457 1842 de

633 1893 1122 1988 Lengenbach‚
1155 1892 1474 1964 Liutoldo
1502 1901 1573 1963 et
1596 1891 1963 1964 Chunrado
1994 1893 2320 1964 fratribus
2358 1893 2445 1964 de
2479 1891 2934 1983 Altenburch,
2973 1892 3208 1964 Ottoni
3239 1902 3310 1964 et
3340 1894 3463 1965 Or·

636 2019 878 2114 tolpho
925 2018 1015 2090 de
1059 2018 1275 2089 Greze
1328 2025 1400 2087 et
1441 2015 1856 2088 Gundakaro
1901 2017 1991 2088 de
2037 2018 2237 2111 Styra
2285 2017 2478 2110 quod
2521 2016 2916 2110 accepimus
2956 2016 3462 2108 querimoniam

636 2143 844 2216 Ulrici
879 2141 1151 2214 abbatis
1192 2149 1264 2213 et
1307 2140 1597 2227 fratrum
1640 2139 1729 2211 de
1773 2139 2062 2211 Gersten
2102 2161 2313 2234 super
2353 2140 2620 2232 injuriis
2662 2150 2732 2210 et
2769 2139 3288 2231 gravaminibus
3324 2162 3463 2234 que

639 2268 768 2338 sibi
810 2266 1203 2337 inferebant
1233 2263 1526 2359 predicti
1558 2272 1631 2334 et
1655 2262 1939 2355 quidam
1968 2263 2086 2333 alii
2117 2263 2420 2334 minores
2451 2264 2572 2356 qui
2602 2284 2676 2334 se
2711 2263 3037 2335 dicebant
3076 2286 3200 2335 sue
3237 2266 3463 2336 eccle-

640 2391 737 2462 sie
777 2389 1179 2462 advocatos.
1217 2387 1361 2458 Nos
1404 2387 1616 2477 igitur
1650 2386 1837 2458 dicto
1879 2386 2113 2457 abbati
2153 2395 2225 2457 et
2266 2387 2595 2457 statribus
2636 2386 2821 2458 diem
2862 2385 3268 2480 prefiximus
3302 2399 3465 2460 ante

641 2524 941 2586 castrum
984 2500 1428 2605 Sitzenperge
1465 2510 1556 2582 ad
1599 2519 1911 2581 nostrum
1939 2509 2272 2604 placitum
2312 2511 2666 2601 generale,
2706 2510 2826 2580 ubi
2869 2510 3219 2604 predictus
3249 2512 3468 2584 abbas

641 2648 962 2733 presente
995 2634 1365 2708 Chunrado
1397 2632 1813 2725 Frisingensi
1840 2633 2203 2728 episcope,
2240 2634 2493 2705 comite
2526 2632 2894 2704 Chunrado
2926 2633 3015 2704 de
3050 2633 3365 2705 Hardeke
3399 2646 3471 2707 et

642 2761 877 2832 multis
934 2757 1494 2830 ministerialibus
1541 2757 1829 2847 nostris,
1879 2778 2002 2851 per
2048 2757 2249 2851 plura
2301 2755 2661 2850 privilegia
2715 2754 3134 2826 sufficienter
3166 2755 3471 2829 ostendit

642 2885 833 2979 quod
872 2884 943 2954 in
984 2882 1309 2955 omnibus
1350 2880 1900 2975 possessionibus
1938 2879 2226 2951 ecclesie
2285 2901 2408 2951 sue
2457 2881 2725 2950 nullum
2768 2888 3000 2974 preter
3035 2901 3163 2951 nos
3208 2879 3470 2952 habere

645 3009 901 3082 debeat
956 3007 1400 3080 advocatum.
1450 3005 1593 3078 Nos
1649 3003 1884 3097 itaque
1941 3003 2259 3076 eamdem
2315 3002 2750 3076 advocatiam
2805 3003 2982 3075 sicut
3030 3004 3291 3097 justum
3345 3004 3475 3077 fuit

648 3141 882 3204 nostre
914 3130 1348 3202 adtraximus
1383 3129 1741 3223 potestati,
1783 3127 2195 3199 mandantes
2226 3139 2308 3198 ut
2340 3128 2571 3198 nullus
2600 3148 2721 3199 eos
2747 3127 2820 3197 in
2848 3128 2990 3198 suis
3022 3128 3474 3223 possessioni-

647 3255 780 3326 bus
810 3254 1172 3325 occasione
1204 3251 1567 3323 advocatie
1607 3259 1850 3343 gravet
1889 3250 1978 3322 de
2020 3260 2252 3323 cetero
2292 3260 2416 3321 aut
2444 3251 2794 3340 molestet;
2833 3250 3023 3344 quod
3052 3251 3475 3345 quicumque

534 3429 535 3432 η
649 3387 891 3450 contra
909 3379 1026 3468 jus
1052 3385 1122 3446 et
1156 3384 1395 3446 contra
1421 3374 1825 3446 mandatum
1851 3385 2166 3447 nostrum
2190 3374 2486 3446 eandem
2513 3375 2873 3446 ecclesiam
2898 3375 2988 3446 de
3017 3387 3248 3448 cetero
3272 3377 3479 3448 infes-

653 3500 928 3588 taverit,
964 3499 1161 3570 illum
1190 3499 1369 3569 sicut
1395 3498 1571 3569 ratio
1599 3497 1912 3590 exegerit
1933 3500 2304 3593 puniemus
2330 3508 2592 3593 utpote
2618 3498 2836 3571 nostri
2863 3499 3217 3591 nostrique
3233 3500 3479 3593 judicii

653 3633 1229 3720 contemptorem.
1268 3623 1491 3714 Hujus
1524 3621 1623 3692 rei
1674 3630 1884 3692 testes
1927 3630 2089 3692 sunt
2132 3621 2544 3694 Chunradus
2594 3622 2958 3716 episcopus
2996 3622 3472 3713 Frisingensis,

654 3768 888 3818 eomes
927 3745 1338 3819 Chunradus
1378 3745 1467 3817 de
1508 3744 1863 3835 Hardeke,
1897 3744 2258 3815 Heinricus
2297 3743 2386 3815 de
2428 3745 2742 3835 Prunne,
2778 3744 3115 3816 Irnfridus
3157 3744 3245 3816 de
3285 3747 3477 3817 Him-

655 3889 894 3962 perge,
925 3869 1265 3940 Henricus
1303 3867 1391 3939 de
1425 3866 1750 3955 Sevelde‚
1782 3865 2211 3937 Hademarus
2243 3867 2333 3938 de
2368 3866 2905 3957 Sunnenberch,
2944 3866 3359 3938 Wichardus
3389 3867 3479 3940 de

656 3991 1084 4087 Arnsteyne‚
1130 3990 1492 4062 Heinricus
1535 3990 1625 4062 de
1669 3989 2122 4061 Hakanbercb
2143 4041 2163 4079 ,
2204 3989 2616 4061 Chunradus
2664 3999 2736 4061 et
2783 3989 3051 4061 Ulricus
3099 3991 3346 4062 fratres
3391 3990 3480 4063 de

662 4114 1056 4211 Himperge‚
1080 4115 1350 4188 Ulricus
1382 4114 1471 4186 de
1503 4113 1965 4206 Chirchlinge,
1992 4115 2191 4206 Hugo
2221 4124 2293 4185 et
2315 4114 2476 4185 Otto
2508 4113 2875 4202 TursoneS‚
2908 4114 3174 4208 Rapoto
3203 4123 3274 4185 et
3300 4114 3485 4187 Had-

745 4289 831 4370 (α)
872 4293 1106 4354 Scilicet
1132 4289 1203 4351 de
1233 4290 1503 4352 Germa.

738 4555 812 4627 (⁴)
853 4573 880 4606 α
919 4554 1057 4611 Item
1090 4554 1326 4612 Ortoltus
1351 4554 1524 4612 abbas
1555 4552 1863 4610 Gerstensis
1897 4551 2278 4624 imperatorem
2307 4547 2450 4623 apud
2482 4547 2837 4606 Chremonam
2868 4563 2965 4622 pro
3004 4549 3118 4606 suis
3142 4555 3199 4606 et
3226 4548 3485 4608 ecclesiae

668 4650 898 4722 negotiis
921 4650 1121 4723 visitat,
1143 4650 1436 4710 honorifice
1458 4651 1714 4724 recipitur
1735 4657 1792 4707 et
1812 4663 1912 4723 pro
1933 4663 2034 4705 sua
2060 4646 2334 4704 voluntate
2359 4644 2725 4704 honorabilius
2746 4644 3017 4718 dimissus,
3047 4652 3222 4704 etc....
3248 4665 3274 4700 »
3302 4646 3488 4706 Chro-

664 4748 777 4804 m‘e.
806 4748 1110 4818 Gai-stema,
1137 4748 1208 4806 ad
1232 4765 1359 4807 ann.
1388 4750 1550 4820 ⁴248,
1576 4763 1668 4822 ap.
1698 4748 1913 4818 muca,
1940 4745 2233 4819 scriptor„
2265 4750 2306 4802 t.
2338 4745 2383 4815 1,
2411 4759 2471 4817 p.
2495 4744 2585 4800 36.

829 4845 938 4910 vl.
976 4861 1088 4907 rm
1105 4863 1150 4908 a.
3135 4849 3211 4904 δῦ
