4525 6031
645 670 852 731 lamet.
880 666 971 751 4.]
1555 660 1947 725 HISTORIA
1997 660 2585 728 DlPLOMATICA.
3345 661 3472 729 869

652 803 893 876 tudine
933 800 1156 894 gratie
1200 797 1470 896 papalis
1506 806 1579 870 et
1631 797 2093 870 ecclesiastice
2142 798 2446 870 debeant
2486 799 2939 872 reconciliari.
2988 797 3102 872 Ad
3134 801 3335 893 cujus
3366 800 3469 872 rei

647 927 1052 999 memoriam
1085 932 1446 1020 presentes
1466 921 1730 994 litteras
1759 920 1910 993 fieri
1942 921 2231 994 fecimus
2257 923 2482 1014 sigillo
2505 933 2742 996 nostro
2768 923 3095 996 munitas.

743 1053 993 1123 Datum
1024 1048 1392 1137 schafuse,
1419 1045 1671 1118 XXVII
1693 1045 1968 1138 marcii,
2008 1055 2255 1140 quarte
2286 1046 2704 1120 indictionis.

757 1609 1159 1694 Conradus
1173 1670 1200 1716 ‚
1254 1608 1336 1690 in
1394 1609 1916 1692 Romanorum
1977 1635 2236 1720 regem
2297 1609 2581 1694 electus
2596 1671 2621 1719 ,
2684 1612 2784 1693 ad
2828 1612 3459 1721 supplicationem

655 1742 1006 1827 Gerchini
1042 1742 1138 1825 de
1174 1741 1433 1852 Sinzig
1475 1742 1869 1826 castellani
1905 1742 1987 1825 in
2037 1744 2507 1852 Landscron‚
2545 1745 2834 1829 litteras
2869 1746 3170 1829 Henrici
3207 1773 3470 1857 quon-

653 1877 835 1958 dam
888 1875 1413 1960 Romanorum
1467 1876 1671 1986 regis
1721 1877 1823 1960 de
1864 1876 2038 1986 jure
2077 1886 2526 1985 patronatus
2569 1878 2652 1960 in
2698 1878 3177 1989 Konigsfeld,
3231 1903 3470 1964 reno-

652 2008 814 2092 vari
850 2018 928 2092 et
959 2008 1273 2093 rescribi
1302 2008 1548 2119 jubet.

815 2221 1021 2303 (Edld.
1051 2224 1276 2298 Tnoss,
1316 2220 1695 2304 westphalia,
1729 2231 1764 2284 9
1784 2223 1900 2301 jul.
1931 2232 2110 2302 1825,
2140 2239 2203 2301 p.
2242 2225 2366 2297 12.)

748 2408 1139 2500 Conradus,
1191 2409 1337 2482 divi
1390 2408 1826 2505 imperatoris
1858 2407 2184 2482 Friderici
2224 2406 2442 2501 filius,
2488 2408 2615 2481 Dei
2645 2409 2867 2502 gratia
2896 2411 3362 2483 Romanorum
3399 2412 3472 2487 in

650 2556 891 2628 regem
948 2535 1246 2625 electus,
1314 2556 1592 2631 semper
1656 2544 1991 2627 augustus
2042 2544 2113 2605 et
2163 2533 2367 2607 heres
2411 2533 2609 2627 regni
2659 2534 3040 2607 Jerusalem
3065 2588 3084 2626 ,
3128 2534 3475 2609 universis

652 2657 923 2753 imperii
947 2656 1272 2730 fidelibus
1301 2668 1662 2754 presentes
1685 2658 1951 2730 litteras
1977 2657 2393 2754 inspecturis
2426 2657 2720 2750 gratiam
2769 2681 2967 2731 suam
2998 2668 3069 2731 et
3100 2681 3307 2732 omne
3343 2661 3472 2733 bo·

652 2804 848 2853 num.
883 2782 1326 2854 Universitati
1359 2792 1589 2854 vestre
1624 2783 1948 2854 volumus
1980 2802 2131 2854 esse
2162 2792 2406 2853 notum
2424 2781 2616 2876 quod
2643 2781 3027 2856 Gerchinus
3054 2783 3143 2855 de
3163 2784 3468 2876 Sinzigh,

653 2906 1069 2977 castellanus
1097 2905 1171 2976 in
1197 2906 1623 2978 Landtscron
1641 2958 1661 2997 ,
1694 2905 2124 3001 presentavit
2153 2905 2354 2977 nobis
2381 2905 2644 2977 litteras
2671 2906 2743 2977 in
2770 2905 2901 2978 hac
2934 2908 3152 2978 forma
3187 2933 3205 2977 ε

751 3026 1121 3127 (Sequitur
1168 3040 1371 3103 tenor
1419 3031 1805 3102 litterarum
1848 3030 2343 3122 recognitionis
2389 3031 2701 3121 Henrici,
2748 3032 3216 3104 Romanorum
3247 3033 3429 3125 regis
3448 3086 3468 3125 ,

656 3155 801 3226 dat.
838 3174 956 3249 ap.
986 3154 1265 3249 Hayne,
1301 3153 1504 3225 nonis
1525 3154 1826 3243 octobr„
1865 3153 2108 3226 indict.
2142 3153 2302 3243 XV3
2335 3174 2515 3247 quae
2546 3176 2798 3249 supra,
2838 3164 2889 3225 t.
2928 3156 3021 3245 ΙΙ,
3057 3177 3129 3249 p.
3169 3155 3376 3253 885.)

751 3278 1009 3349 Verum
1053 3277 1216 3370 quia
1257 3276 1441 3349 idem
1496 3275 1878 3349 Gerchinus
1913 3276 2332 3372 supplicavit
2371 3278 2782 3350 excellentie
2818 3287 3054 3351 nostre
3086 3288 3165 3350 ut
3195 3279 3476 3352 easdem

652 3400 917 3473 litteras
967 3399 1289 3473 renovari
1338 3409 1409 3472 et
1471 3399 1755 3472 rescribi
1809 3399 1940 3472 sub
1981 3399 2206 3492 sigillo
2255 3409 2495 3472 nostro
2538 3400 3059 3493 mandaremuS,
3099 3422 3230 3473 nos
3262 3402 3479 3498 ipsius

654 3523 978 3619 precibus
999 3522 1338 3614 inclinati,
1364 3524 1666 3617 prefatas
1690 3522 1954 3595 litteras
1977 3520 2066 3595 de
2093 3522 2312 3595 verbo
2337 3522 2428 3594 ad
2448 3523 2740 3595 verbum
2761 3524 3125 3596 transcribi
3144 3525 3479 3618 jussimus

656 3656 726 3718 et
754 3645 979 3739 sigillo
1006 3656 1244 3718 nostro
1277 3644 1556 3717 muniri.

752 3771 1005 3842 Datum
1033 3768 1390 3860 Gamund‚
1420 3769 1595 3842 vml
1628 3768 1901 3864 aprilis,
1935 3768 2053 3842 IIII
2084 3767 2488 3842 indictione.

699 4408 702 4413 Α
769 4318 1165 4405 Conradus
1186 4383 1210 4429 ,
1281 4322 1363 4402 in
1416 4322 1933 4406 Romanorum
2010 4347 2269 4431 regem
2329 4321 2648 4427 electuS,
2700 4318 2831 4430 jus
2902 4321 3341 4405 advocatiae
3395 4320 3475 4402 in

659 4448 1135 4560 Wetphlaria
1177 4465 1253 4537 et
1304 4452 1910 4564 jurisdictionem
1960 4453 2041 4534 in
2095 4453 2542 4562 Hittenberg
2587 4452 3028 4536 auctoritate
3068 4454 3307 4562 patris
3360 4454 3482 4536 sui

663 4592 734 4664 et
774 4609 915 4666 sua
953 4584 1304 4669 Conrado
1339 4595 1414 4668 et
1447 4584 1907 4671 Widekindo
1946 4584 2043 4667 de
2077 4584 2509 4695 Merinberg
2529 4647 2552 4691 ,
2601 4584 2735 4695 qui
2773 4584 2853 4665 in
2893 4585 3212 4669 servitiiS
3246 4585 3486 4692 patris

664 4710 780 4795 sui
815 4723 891 4796 et
926 4716 1086 4799 suis
1122 4743 1568 4827 permanere
1603 4714 2145 4825 promiserunt,
2186 4717 2646 4825 possidenda
2681 4718 3054 4802 concedit.

817 4847 928 4911 VI.
969 4864 1084 4913 rm
1101 4870 1150 4914 s.
3058 4860 3172 4917 lto

3598 1629 3800 1683 Gmund.

3584 1686 3615 1728 0
3639 1685 3816 1740 aprilis.
