<?xml version="1.0" encoding="UTF-8"?>
<!DOCTYPE html PUBLIC "-//W3C//DTD XHTML 1.0 Transitional//EN"
    "http://www.w3.org/TR/xhtml1/DTD/xhtml1-transitional.dtd">
<html xmlns="http://www.w3.org/1999/xhtml" xml:lang="en" lang="en">
 <head>
  <title>
</title>
<meta http-equiv="Content-Type" content="text/html;charset=utf-8" />
  <meta name='ocr-system' content='tesseract 3.04.00' />
  <meta name='ocr-capabilities' content='ocr_page ocr_carea ocr_par ocr_line ocrx_word'/>
</head>
<body>
  <div class='ocr_page' id='page_1' title='image "./historiadiploma01empegoog_0460.png"; bbox 0 0 4525 6031; ppageno 0'>
   <div class='ocr_carea' id='block_1_1' title="bbox 965 597 2889 663">
    <p class='ocr_par' dir='ltr' id='par_1_1' title="bbox 965 597 2889 663">
     <span class='ocr_line' id='line_1_1' title="bbox 965 597 2889 663; baseline -0.001 -1"><span class='ocrx_word' id='word_1_1' title='bbox 965 600 1123 663; x_wconf 76' lang='lat'>1002</span> <span class='ocrx_word' id='word_1_2' title='bbox 1872 597 2131 659; x_wconf 80' lang='lat' dir='ltr'><strong>INDEX</strong></span> <span class='ocrx_word' id='word_1_3' title='bbox 2180 597 2889 661; x_wconf 69' lang='lat' dir='ltr'><strong>nocunssm&#39;romm.</strong></span> 
     </span>
    </p>
   </div>
   <div class='ocr_carea' id='block_1_2' title="bbox 957 807 3799 1396">
    <p class='ocr_par' dir='ltr' id='par_1_2' title="bbox 990 807 1217 883">
     <span class='ocr_line' id='line_1_2' title="bbox 990 807 1217 883; baseline -0.013 0"><span class='ocrx_word' id='word_1_4' title='bbox 990 807 1217 883; x_wconf 70' lang='lat'><strong>1249</strong></span> 
     </span>
    </p>

    <p class='ocr_par' dir='ltr' id='par_1_3' title="bbox 957 911 3798 1008">
     <span class='ocr_line' id='line_1_3' title="bbox 957 911 3798 1008; baseline 0.001 -17"><span class='ocrx_word' id='word_1_5' title='bbox 957 911 1204 926; x_wconf 47' lang='lat'><strong>’‘⁸‘&#39;</strong></span> <span class='ocrx_word' id='word_1_6' title='bbox 1805 943 1923 1004; x_wconf 83' lang='lat' dir='ltr'><strong>que</strong></span> <span class='ocrx_word' id='word_1_7' title='bbox 1963 930 2074 987; x_wconf 90' lang='lat' dir='ltr'><strong>erit</strong></span> <span class='ocrx_word' id='word_1_8' title='bbox 2114 929 2353 1006; x_wconf 78' lang='lat' dir='ltr'><strong>adjutor</strong></span> <span class='ocrx_word' id='word_1_9' title='bbox 2383 929 2461 990; x_wconf 84' lang='lat' dir='ltr'><strong>ad</strong></span> <span class='ocrx_word' id='word_1_10' title='bbox 2497 943 2747 1008; x_wconf 81' lang='lat' dir='ltr'><strong>regnum</strong></span> <span class='ocrx_word' id='word_1_11' title='bbox 2790 929 3028 990; x_wconf 76' lang='lat' dir='ltr'><strong>Siciliae</strong></span> <span class='ocrx_word' id='word_1_12' title='bbox 3066 931 3437 993; x_wconf 75' lang='lat' dir='ltr'><strong>retinendum</strong></span> <span class='ocrx_word' id='word_1_13' title='bbox 3481 939 3544 994; x_wconf 88' lang='lat' dir='ltr'><strong>et</strong></span> <span class='ocrx_word' id='word_1_14' title='bbox 3584 934 3798 995; x_wconf 80' lang='lat' dir='ltr'><strong>defen-</strong></span> 
     </span>
    </p>

    <p class='ocr_par' dir='ltr' id='par_1_4' title="bbox 961 1024 3799 1302">
     <span class='ocr_line' id='line_1_4' title="bbox 961 1024 3799 1201; baseline 0.002 -18"><span class='ocrx_word' id='word_1_15' title='bbox 961 1144 1033 1194; x_wconf 70' lang='lat'><strong>²4</strong></span> <span class='ocrx_word' id='word_1_16' title='bbox 1082 1132 1231 1192; x_wconf 57' lang='lat' dir='ltr'><strong>febr,</strong></span> <span class='ocrx_word' id='word_1_17' title='bbox 1330 1123 1402 1183; x_wconf 93' lang='lat' dir='ltr'><strong>In</strong></span> <span class='ocrx_word' id='word_1_18' title='bbox 1431 1125 1639 1184; x_wconf 87' lang='lat' dir='ltr'><strong>castris</strong></span> <span class='ocrx_word' id='word_1_19' title='bbox 1729 1024 2281 1183; x_wconf 45' lang='lat' dir='ltr'><strong>—dffiztzitatem</strong></span> <span class='ocrx_word' id='word_1_20' title='bbox 2319 1124 2551 1183; x_wconf 82' lang='lat' dir='ltr'><strong>ottonis</strong></span> <span class='ocrx_word' id='word_1_21' title='bbox 2588 1124 2888 1201; x_wconf 82' lang='lat' dir='ltr'><strong>quondam</strong></span> <span class='ocrx_word' id='word_1_22' title='bbox 2938 1123 3241 1185; x_wconf 77' lang='lat' dir='ltr'><strong>Meraniae</strong></span> <span class='ocrx_word' id='word_1_23' title='bbox 3273 1126 3443 1187; x_wconf 75' lang='lat' dir='ltr'><strong>ducis</strong></span> <span class='ocrx_word' id='word_1_24' title='bbox 3480 1126 3558 1187; x_wconf 83' lang='lat' dir='ltr'><strong>ad</strong></span> <span class='ocrx_word' id='word_1_25' title='bbox 3595 1041 3799 1189; x_wconf 50' lang='lat' dir='ltr'><strong>Ruit-²-</strong></span> 
     </span>
     <span class='ocr_line' id='line_1_5' title="bbox 1401 1219 3797 1302; baseline 0.003 -22"><span class='ocrx_word' id='word_1_26' title='bbox 1401 1220 1563 1297; x_wconf 89' lang='lat' dir='ltr'><strong>apud</strong></span> <span class='ocrx_word' id='word_1_27' title='bbox 1807 1219 1946 1280; x_wconf 80' lang='lat' dir='ltr'><strong>beth</strong></span> <span class='ocrx_word' id='word_1_28' title='bbox 1991 1220 2294 1297; x_wconf 75' lang='lat' dir='ltr'><strong>but-gravii</strong></span> <span class='ocrx_word' id='word_1_29' title='bbox 2340 1222 2859 1301; x_wconf 79' lang='lat' dir='ltr'><strong>Nurembergensis</strong></span> <span class='ocrx_word' id='word_1_30' title='bbox 2913 1240 3191 1299; x_wconf 80' lang='lat' dir='ltr'><strong>uxorem,</strong></span> <span class='ocrx_word' id='word_1_31' title='bbox 3239 1224 3486 1285; x_wconf 88' lang='lat' dir='ltr'><strong>aiteram</strong></span> <span class='ocrx_word' id='word_1_32' title='bbox 3536 1226 3797 1302; x_wconf 83' lang='lat' dir='ltr'><strong>ejusdem</strong></span> 
     </span>
    </p>

    <p class='ocr_par' dir='ltr' id='par_1_5' title="bbox 990 1297 3792 1396">
     <span class='ocr_line' id='line_1_6' title="bbox 990 1297 3792 1396; baseline 0.004 -25"><span class='ocrx_word' id='word_1_33' title='bbox 990 1297 1207 1373; x_wconf 72' lang='grc'><strong>1241</strong></span> <span class='ocrx_word' id='word_1_34' title='bbox 1303 1316 1649 1396; x_wconf 82' lang='lat' dir='ltr'><strong>Ingelheim.</strong></span> <span class='ocrx_word' id='word_1_35' title='bbox 1806 1317 1974 1375; x_wconf 88' lang='lat' dir='ltr'><strong>ducis</strong></span> <span class='ocrx_word' id='word_1_36' title='bbox 2003 1333 2298 1387; x_wconf 82' lang='lat' dir='ltr'><strong>sororem,</strong></span> <span class='ocrx_word' id='word_1_37' title='bbox 2328 1317 2630 1377; x_wconf 71' lang='lat' dir='ltr'><strong>transfert.</strong></span> <span class='ocrx_word' id='word_1_38' title='bbox 3398 1329 3539 1394; x_wconf 81' lang='grc'><strong>657,</strong></span> <span class='ocrx_word' id='word_1_39' title='bbox 3569 1329 3694 1382; x_wconf 87' lang='lat' dir='ltr'><strong>not.</strong></span> <span class='ocrx_word' id='word_1_40' title='bbox 3736 1333 3792 1383; x_wconf 81' lang='grc' dir='ltr'><strong>ι.</strong></span> 
     </span>
    </p>
   </div>
   <div class='ocr_carea' id='block_1_3' title="bbox 965 1404 1227 1417">
    <p class='ocr_par' dir='ltr' id='par_1_6' title="bbox 965 1404 1227 1417">
     <span class='ocr_line' id='line_1_7' title="bbox 965 1404 1227 1417; baseline 0 4614"><span class='ocrx_word' id='word_1_41' title='bbox 965 1404 1227 1417; x_wconf 95' lang='lat' dir='ltr'><strong> </strong></span> 
     </span>
    </p>
   </div>
   <div class='ocr_carea' id='block_1_4' title="bbox 990 1411 3795 1687">
    <p class='ocr_par' dir='ltr' id='par_1_7' title="bbox 990 1411 3795 1687">
     <span class='ocr_line' id='line_1_8' title="bbox 990 1411 3795 1495; baseline 0.003 -24"><span class='ocrx_word' id='word_1_42' title='bbox 990 1433 1048 1485; x_wconf 73' lang='lat'><strong>1⁹</strong></span> <span class='ocrx_word' id='word_1_43' title='bbox 1075 1426 1204 1486; x_wconf 63' lang='lat' dir='ltr'><strong>dee,</strong></span> <span class='ocrx_word' id='word_1_44' title='bbox 1267 1456 1284 1472; x_wconf 91' lang='lat'><strong>.</strong></span> <span class='ocrx_word' id='word_1_45' title='bbox 1331 1453 1351 1473; x_wconf 96' lang='lat'><strong>.</strong></span> <span class='ocrx_word' id='word_1_46' title='bbox 1399 1453 1418 1472; x_wconf 95' lang='lat'><strong>.</strong></span> <span class='ocrx_word' id='word_1_47' title='bbox 1463 1451 1482 1475; x_wconf 90' lang='lat'><strong>.</strong></span> <span class='ocrx_word' id='word_1_48' title='bbox 1532 1453 1550 1471; x_wconf 91' lang='lat'><strong>.</strong></span> <span class='ocrx_word' id='word_1_49' title='bbox 1601 1455 1617 1473; x_wconf 94' lang='lat'><strong>.</strong></span> <span class='ocrx_word' id='word_1_50' title='bbox 1679 1455 1695 1472; x_wconf 96' lang='lat'><strong>.</strong></span> <span class='ocrx_word' id='word_1_51' title='bbox 1729 1411 1967 1472; x_wconf 80' lang='lat' dir='ltr'><strong>Scabini</strong></span> <span class='ocrx_word' id='word_1_52' title='bbox 1997 1421 2054 1475; x_wconf 79' lang='lat' dir='ltr'><strong>et</strong></span> <span class='ocrx_word' id='word_1_53' title='bbox 2091 1415 2439 1474; x_wconf 72' lang='lat' dir='ltr'><strong>universitas</strong></span> <span class='ocrx_word' id='word_1_54' title='bbox 2476 1415 2728 1475; x_wconf 66' lang='lat' dir='ltr'><strong>civitam</strong></span> <span class='ocrx_word' id='word_1_55' title='bbox 2752 1414 3037 1495; x_wconf 73' lang='lat' dir='ltr'><strong>Aquensis</strong></span> <span class='ocrx_word' id='word_1_56' title='bbox 3071 1433 3211 1477; x_wconf 90' lang='lat' dir='ltr'><strong>cum</strong></span> <span class='ocrx_word' id='word_1_57' title='bbox 3238 1417 3545 1479; x_wconf 87' lang='lat' dir='ltr'><strong>Wiiieimo</strong></span> <span class='ocrx_word' id='word_1_58' title='bbox 3585 1422 3795 1479; x_wconf 86' lang='lat' dir='ltr'><strong>comite</strong></span> 
     </span>
     <span class='ocr_line' id='line_1_9' title="bbox 1806 1510 3795 1589; baseline 0.003 -19"><span class='ocrx_word' id='word_1_59' title='bbox 1806 1510 2126 1570; x_wconf 83' lang='lat' dir='ltr'><strong>Juliacensi</strong></span> <span class='ocrx_word' id='word_1_60' title='bbox 2151 1514 2511 1571; x_wconf 83' lang='lat' dir='ltr'><strong>conveniunt</strong></span> <span class='ocrx_word' id='word_1_61' title='bbox 2536 1512 2694 1588; x_wconf 87' lang='lat' dir='ltr'><strong>quod</strong></span> <span class='ocrx_word' id='word_1_62' title='bbox 2722 1513 2883 1572; x_wconf 89' lang='lat' dir='ltr'><strong>idem</strong></span> <span class='ocrx_word' id='word_1_63' title='bbox 2916 1529 3113 1573; x_wconf 83' lang='lat' dir='ltr'><strong>eomes</strong></span> <span class='ocrx_word' id='word_1_64' title='bbox 3149 1515 3293 1589; x_wconf 86' lang='lat' dir='ltr'><strong>ipsis</strong></span> <span class='ocrx_word' id='word_1_65' title='bbox 3324 1513 3473 1574; x_wconf 86' lang='lat' dir='ltr'><strong>feret</strong></span> <span class='ocrx_word' id='word_1_66' title='bbox 3504 1516 3795 1576; x_wconf 79' lang='lat' dir='ltr'><strong>auxilium</strong></span> 
     </span>
     <span class='ocr_line' id='line_1_10' title="bbox 1810 1609 3792 1687; baseline 0.002 -20"><span class='ocrx_word' id='word_1_67' title='bbox 1810 1615 1870 1667; x_wconf 85' lang='lat' dir='ltr'><strong>et</strong></span> <span class='ocrx_word' id='word_1_68' title='bbox 1907 1610 2016 1684; x_wconf 89' lang='lat' dir='ltr'><strong>ipsi</strong></span> <span class='ocrx_word' id='word_1_69' title='bbox 2057 1626 2090 1668; x_wconf 89' lang='lat' dir='ltr'><strong>e</strong></span> <span class='ocrx_word' id='word_1_70' title='bbox 2123 1625 2409 1668; x_wconf 86' lang='lat' dir='ltr'><strong>converso</strong></span> <span class='ocrx_word' id='word_1_71' title='bbox 2435 1609 2624 1668; x_wconf 87' lang='lat' dir='ltr'><strong>eidem</strong></span> <span class='ocrx_word' id='word_1_72' title='bbox 2641 1652 2659 1683; x_wconf 90' lang='lat'>‚</span> <span class='ocrx_word' id='word_1_73' title='bbox 2705 1626 2842 1669; x_wconf 92' lang='lat' dir='ltr'><strong>cum</strong></span> <span class='ocrx_word' id='word_1_74' title='bbox 2870 1613 3034 1669; x_wconf 89' lang='lat' dir='ltr'><strong>omni</strong></span> <span class='ocrx_word' id='word_1_75' title='bbox 3062 1612 3319 1687; x_wconf 83' lang='lat' dir='ltr'><strong>potentia</strong></span> <span class='ocrx_word' id='word_1_76' title='bbox 3347 1626 3487 1687; x_wconf 89' lang='lat' dir='ltr'><strong>sua,</strong></span> <span class='ocrx_word' id='word_1_77' title='bbox 3517 1613 3579 1670; x_wconf 93' lang='lat' dir='ltr'><strong>in</strong></span> <span class='ocrx_word' id='word_1_78' title='bbox 3606 1615 3792 1670; x_wconf 85' lang='lat' dir='ltr'><strong>servi-</strong></span> 
     </span>
    </p>
   </div>
   <div class='ocr_carea' id='block_1_5' title="bbox 965 1799 1232 1810">
    <p class='ocr_par' dir='ltr' id='par_1_8' title="bbox 965 1799 1232 1810">
     <span class='ocr_line' id='line_1_11' title="bbox 965 1799 1232 1810; baseline 0 4221"><span class='ocrx_word' id='word_1_79' title='bbox 965 1799 1232 1810; x_wconf 95' lang='lat' dir='ltr'><strong> </strong></span> 
     </span>
    </p>
   </div>
   <div class='ocr_carea' id='block_1_6' title="bbox 987 1689 3798 1981">
    <p class='ocr_par' dir='ltr' id='par_1_9' title="bbox 987 1689 3798 1981">
     <span class='ocr_line' id='line_1_12' title="bbox 987 1689 3792 1784; baseline 0 -17"><span class='ocrx_word' id='word_1_80' title='bbox 987 1689 1214 1767; x_wconf 75' lang='grc'><strong>1242</strong></span> <span class='ocrx_word' id='word_1_81' title='bbox 1808 1708 1962 1765; x_wconf 89' lang='lat' dir='ltr'><strong>tium</strong></span> <span class='ocrx_word' id='word_1_82' title='bbox 1991 1707 2270 1765; x_wconf 87' lang='lat' dir='ltr'><strong>Friderici</strong></span> <span class='ocrx_word' id='word_1_83' title='bbox 2299 1710 2666 1783; x_wconf 84' lang='lat' dir='ltr'><strong>imperatoris</strong></span> <span class='ocrx_word' id='word_1_84' title='bbox 2695 1715 2755 1767; x_wconf 91' lang='lat' dir='ltr'><strong>et</strong></span> <span class='ocrx_word' id='word_1_85' title='bbox 2783 1708 3036 1767; x_wconf 88' lang='lat' dir='ltr'><strong>Conradi</strong></span> <span class='ocrx_word' id='word_1_86' title='bbox 3064 1706 3173 1766; x_wconf 82' lang='lat' dir='ltr'><strong>iiiii</strong></span> <span class='ocrx_word' id='word_1_87' title='bbox 3201 1710 3350 1784; x_wconf 79' lang='lat' dir='ltr'><strong>ejus.</strong></span> <span class='ocrx_word' id='word_1_88' title='bbox 3719 1717 3792 1768; x_wconf 82' lang='grc' dir='ltr'><strong>ιο</strong></span> 
     </span>
     <span class='ocr_line' id='line_1_13' title="bbox 988 1800 3798 1897; baseline 0.003 -38"><span class='ocrx_word' id='word_1_89' title='bbox 988 1827 1060 1879; x_wconf 78' lang='lat'><strong>19</strong></span> <span class='ocrx_word' id='word_1_90' title='bbox 1082 1823 1212 1897; x_wconf 55' lang='lat' dir='ltr'><strong>jan,</strong></span> <span class='ocrx_word' id='word_1_91' title='bbox 1396 1800 1576 1877; x_wconf 83' lang='lat' dir='ltr'>Apud</span> <span class='ocrx_word' id='word_1_92' title='bbox 1729 1800 1894 1878; x_wconf 71' lang='lat' dir='ltr'><strong>Belo,</strong></span> <span class='ocrx_word' id='word_1_93' title='bbox 1910 1820 2019 1862; x_wconf 74' lang='lat' dir='ltr'><strong>rex</strong></span> <span class='ocrx_word' id='word_1_94' title='bbox 2038 1803 2401 1882; x_wconf 63' lang='lat' dir='ltr'><strong>Hunqariae,</strong></span> <span class='ocrx_word' id='word_1_95' title='bbox 2421 1801 2770 1870; x_wconf 75' lang='lat' dir='ltr'><strong>Dalmatiae.</strong></span> <span class='ocrx_word' id='word_1_96' title='bbox 2800 1803 3129 1875; x_wconf 76' lang='lat' dir='ltr'><strong><em>chroatiae,</em></strong></span> <span class='ocrx_word' id='word_1_97' title='bbox 3153 1812 3284 1877; x_wconf 66' lang='lat' dir='ltr'><strong>etc„</strong></span> <span class='ocrx_word' id='word_1_98' title='bbox 3298 1821 3484 1883; x_wconf 86' lang='lat' dir='ltr'><strong>papae</strong></span> <span class='ocrx_word' id='word_1_99' title='bbox 3507 1807 3798 1883; x_wconf 78' lang='lat' dir='ltr'><strong>supplicat</strong></span> 
     </span>
     <span class='ocr_line' id='line_1_14' title="bbox 1343 1898 3797 1981; baseline 0.002 -22"><span class='ocrx_word' id='word_1_100' title='bbox 1343 1898 1621 1959; x_wconf 85' lang='lat' dir='ltr'><strong>Chazma.</strong></span> <span class='ocrx_word' id='word_1_101' title='bbox 1810 1908 1878 1960; x_wconf 89' lang='lat' dir='ltr'><strong>ut</strong></span> <span class='ocrx_word' id='word_1_102' title='bbox 1914 1916 2050 1960; x_wconf 90' lang='lat' dir='ltr'><strong>cum</strong></span> <span class='ocrx_word' id='word_1_103' title='bbox 2098 1901 2295 1961; x_wconf 90' lang='lat' dir='ltr'><strong>denuo</strong></span> <span class='ocrx_word' id='word_1_104' title='bbox 2339 1902 2412 1960; x_wconf 88' lang='lat' dir='ltr'><strong>ad</strong></span> <span class='ocrx_word' id='word_1_105' title='bbox 2461 1906 2652 1976; x_wconf 87' lang='lat' dir='ltr'><strong>ipsum</strong></span> <span class='ocrx_word' id='word_1_106' title='bbox 2696 1903 2908 1962; x_wconf 83' lang='lat' dir='ltr'><strong>fratres</strong></span> <span class='ocrx_word' id='word_1_107' title='bbox 2942 1903 3372 1979; x_wconf 76' lang='lat' dir='ltr'><strong>praedicatores</strong></span> <span class='ocrx_word' id='word_1_108' title='bbox 3411 1919 3519 1978; x_wconf 86' lang='lat' dir='ltr'><strong>pro</strong></span> <span class='ocrx_word' id='word_1_109' title='bbox 3560 1908 3797 1981; x_wconf 79' lang='lat' dir='ltr'><strong>negotio</strong></span> 
     </span>
    </p>
   </div>
   <div class='ocr_carea' id='block_1_7' title="bbox 1809 1996 3798 2174">
    <p class='ocr_par' dir='ltr' id='par_1_10' title="bbox 1809 1996 3798 2174">
     <span class='ocr_line' id='line_1_15' title="bbox 1812 1996 3795 2076; baseline 0.003 -21"><span class='ocrx_word' id='word_1_110' title='bbox 1812 2000 1974 2074; x_wconf 80' lang='lat' dir='ltr'><strong>regni</strong></span> <span class='ocrx_word' id='word_1_111' title='bbox 2018 1996 2354 2075; x_wconf 82' lang='lat' dir='ltr'><strong>Hungariae</strong></span> <span class='ocrx_word' id='word_1_112' title='bbox 2389 2002 2625 2059; x_wconf 88' lang='lat' dir='ltr'><strong>nuntios</strong></span> <span class='ocrx_word' id='word_1_113' title='bbox 2661 2001 2889 2076; x_wconf 87' lang='lat' dir='ltr'><strong>mittat,</strong></span> <span class='ocrx_word' id='word_1_114' title='bbox 2929 2002 3054 2075; x_wconf 88' lang='lat' dir='ltr'><strong>ipse</strong></span> <span class='ocrx_word' id='word_1_115' title='bbox 3093 2001 3535 2076; x_wconf 80' lang='lat' dir='ltr'><strong>crucesignatos</strong></span> <span class='ocrx_word' id='word_1_116' title='bbox 3573 2017 3795 2060; x_wconf 78' lang='lat' dir='ltr'><strong>convo-</strong></span> 
     </span>
     <span class='ocr_line' id='line_1_16' title="bbox 1809 2094 3798 2174; baseline 0.002 -21"><span class='ocrx_word' id='word_1_117' title='bbox 1809 2111 1941 2153; x_wconf 89' lang='lat' dir='ltr'><strong>care</strong></span> <span class='ocrx_word' id='word_1_118' title='bbox 1970 2094 2110 2153; x_wconf 83' lang='lat' dir='ltr'><strong>velit</strong></span> <span class='ocrx_word' id='word_1_119' title='bbox 2148 2097 2252 2170; x_wconf 90' lang='lat' dir='ltr'><strong>qui</strong></span> <span class='ocrx_word' id='word_1_120' title='bbox 2290 2096 2566 2155; x_wconf 85' lang='lat' dir='ltr'><strong>Tartaros</strong></span> <span class='ocrx_word' id='word_1_121' title='bbox 2612 2095 2766 2155; x_wconf 87' lang='lat' dir='ltr'><strong>nitra</strong></span> <span class='ocrx_word' id='word_1_122' title='bbox 2804 2094 3143 2156; x_wconf 79' lang='lat' dir='ltr'><strong>Danubium</strong></span> <span class='ocrx_word' id='word_1_123' title='bbox 3186 2098 3249 2155; x_wconf 89' lang='lat' dir='ltr'><strong>in</strong></span> <span class='ocrx_word' id='word_1_124' title='bbox 3292 2111 3579 2174; x_wconf 82' lang='lat' dir='ltr'><strong>magnum</strong></span> <span class='ocrx_word' id='word_1_125' title='bbox 3613 2100 3798 2157; x_wconf 85' lang='lat' dir='ltr'><strong>totius</strong></span> 
     </span>
    </p>
   </div>
   <div class='ocr_carea' id='block_1_8' title="bbox 955 2572 1227 2581">
    <p class='ocr_par' dir='ltr' id='par_1_11' title="bbox 955 2572 1227 2581">
     <span class='ocr_line' id='line_1_17' title="bbox 955 2572 1227 2581; baseline 0 0"><span class='ocrx_word' id='word_1_126' title='bbox 955 2572 1227 2581; x_wconf 95' lang='lat' dir='ltr'><strong> </strong></span> 
     </span>
    </p>
   </div>
   <div class='ocr_carea' id='block_1_9' title="bbox 961 2192 3797 2668">
    <p class='ocr_par' dir='ltr' id='par_1_12' title="bbox 961 2192 3797 2668">
     <span class='ocr_line' id='line_1_18' title="bbox 1811 2192 3793 2268; baseline 0.002 -17"><span class='ocrx_word' id='word_1_127' title='bbox 1811 2192 2256 2251; x_wconf 74' lang='lat' dir='ltr'><strong>christianitatis</strong></span> <span class='ocrx_word' id='word_1_128' title='bbox 2289 2193 2613 2267; x_wconf 87' lang='lat' dir='ltr'><strong>periculum</strong></span> <span class='ocrx_word' id='word_1_129' title='bbox 2641 2196 2892 2252; x_wconf 86' lang='lat' dir='ltr'><strong>transire</strong></span> <span class='ocrx_word' id='word_1_130' title='bbox 2920 2193 3284 2268; x_wconf 85' lang='lat' dir='ltr'><strong>prohibeant.</strong></span> <span class='ocrx_word' id='word_1_131' title='bbox 3537 2224 3547 2244; x_wconf 90' lang='lat'><strong>·</strong></span> <span class='ocrx_word' id='word_1_132' title='bbox 3678 2202 3793 2254; x_wconf 84' lang='grc'><strong>902</strong></span> 
     </span>
     <span class='ocr_line' id='line_1_19' title="bbox 961 2284 3793 2367; baseline 0.002 -25"><span class='ocrx_word' id='word_1_133' title='bbox 961 2315 1037 2366; x_wconf 80' lang='lat'><strong>2⁵</strong></span> <span class='ocrx_word' id='word_1_134' title='bbox 1059 2309 1234 2365; x_wconf 50' lang='lat' dir='ltr'><strong>mm·</strong></span> <span class='ocrx_word' id='word_1_135' title='bbox 1271 2326 1614 2344; x_wconf 91' lang='grc'><strong>......</strong></span> <span class='ocrx_word' id='word_1_136' title='bbox 1682 2325 1699 2343; x_wconf 91' lang='grc'><strong>.</strong></span> <span class='ocrx_word' id='word_1_137' title='bbox 1733 2284 2052 2364; x_wconf 66' lang='lat' dir='ltr'><strong>Landoffus</strong></span> <span class='ocrx_word' id='word_1_138' title='bbox 2090 2288 2528 2348; x_wconf 74' lang='lat' dir='ltr'><strong>wormaciensis</strong></span> <span class='ocrx_word' id='word_1_139' title='bbox 2554 2289 2843 2367; x_wconf 76' lang='lat' dir='ltr'><strong>episcopus</strong></span> <span class='ocrx_word' id='word_1_140' title='bbox 2877 2289 3107 2348; x_wconf 87' lang='lat' dir='ltr'><strong>civibus</strong></span> <span class='ocrx_word' id='word_1_141' title='bbox 3132 2289 3680 2349; x_wconf 79' lang='lat' dir='ltr'><strong>wormaciensibus</strong></span> <span class='ocrx_word' id='word_1_142' title='bbox 3712 2292 3793 2349; x_wconf 87' lang='lat' dir='ltr'><strong>ti·</strong></span> 
     </span>
     <span class='ocr_line' id='line_1_20' title="bbox 1812 2385 3797 2460; baseline 0.001 -16"><span class='ocrx_word' id='word_1_143' title='bbox 1812 2385 1941 2445; x_wconf 89' lang='lat' dir='ltr'><strong>tuio</strong></span> <span class='ocrx_word' id='word_1_144' title='bbox 1982 2385 2141 2444; x_wconf 86' lang='lat' dir='ltr'><strong>feudi</strong></span> <span class='ocrx_word' id='word_1_145' title='bbox 2181 2388 2242 2444; x_wconf 89' lang='lat' dir='ltr'><strong>in</strong></span> <span class='ocrx_word' id='word_1_146' title='bbox 2287 2392 2632 2460; x_wconf 86' lang='lat' dir='ltr'><strong>perpetuum</strong></span> <span class='ocrx_word' id='word_1_147' title='bbox 2678 2386 2943 2446; x_wconf 87' lang='lat' dir='ltr'><strong>concedit</strong></span> <span class='ocrx_word' id='word_1_148' title='bbox 2987 2386 3354 2446; x_wconf 82' lang='lat' dir='ltr'><strong>advocatiam</strong></span> <span class='ocrx_word' id='word_1_149' title='bbox 3396 2389 3459 2445; x_wconf 90' lang='lat' dir='ltr'><strong>in</strong></span> <span class='ocrx_word' id='word_1_150' title='bbox 3501 2385 3797 2448; x_wconf 84' lang='lat' dir='ltr'><strong>Nonnen-</strong></span> 
     </span>
     <span class='ocr_line' id='line_1_21' title="bbox 986 2462 3793 2560; baseline 0.003 -23"><span class='ocrx_word' id='word_1_151' title='bbox 986 2462 1211 2537; x_wconf 71' lang='grc'><strong>1245</strong></span> <span class='ocrx_word' id='word_1_152' title='bbox 1813 2489 2101 2552; x_wconf 84' lang='lat' dir='ltr'><strong>munster,</strong></span> <span class='ocrx_word' id='word_1_153' title='bbox 2133 2498 2311 2558; x_wconf 87' lang='lat' dir='ltr'><strong>quam</strong></span> <span class='ocrx_word' id='word_1_154' title='bbox 2339 2482 2415 2540; x_wconf 88' lang='lat' dir='ltr'><strong>ab</strong></span> <span class='ocrx_word' id='word_1_155' title='bbox 2442 2484 2794 2558; x_wconf 86' lang='lat' dir='ltr'><strong>imperatore</strong></span> <span class='ocrx_word' id='word_1_156' title='bbox 2836 2483 3127 2543; x_wconf 86' lang='lat' dir='ltr'><strong>Friderico</strong></span> <span class='ocrx_word' id='word_1_157' title='bbox 3159 2487 3549 2560; x_wconf 86' lang='lat' dir='ltr'><strong>recuperavit.</strong></span> <span class='ocrx_word' id='word_1_158' title='bbox 3718 2493 3793 2545; x_wconf 75' lang='lat'><strong>³6</strong></span> 
     </span>
     <span class='ocr_line' id='line_1_22' title="bbox 965 2576 3796 2668; baseline 0.002 -31"><span class='ocrx_word' id='word_1_159' title='bbox 965 2599 1028 2650; x_wconf 82' lang='lat'><strong>11</strong></span> <span class='ocrx_word' id='word_1_160' title='bbox 1081 2598 1210 2668; x_wconf 69' lang='lat' dir='ltr'><strong>sept</strong></span> <span class='ocrx_word' id='word_1_161' title='bbox 1215 2616 1620 2651; x_wconf 73' lang='grc'><strong>.......</strong></span> <span class='ocrx_word' id='word_1_162' title='bbox 1684 2617 1700 2634; x_wconf 91' lang='grc'><strong>.</strong></span> <span class='ocrx_word' id='word_1_163' title='bbox 1737 2577 2102 2652; x_wconf 67' lang='lat' dir='ltr'><strong>Get-naudus,</strong></span> <span class='ocrx_word' id='word_1_164' title='bbox 2135 2576 2477 2659; x_wconf 71' lang='lat' dir='ltr'><strong>burqravius</strong></span> <span class='ocrx_word' id='word_1_165' title='bbox 2513 2576 2858 2656; x_wconf 71' lang='lat' dir='ltr'><strong>werdensis,</strong></span> <span class='ocrx_word' id='word_1_166' title='bbox 2887 2580 3233 2639; x_wconf 88' lang='lat' dir='ltr'><strong>coenobium</strong></span> <span class='ocrx_word' id='word_1_167' title='bbox 3261 2583 3796 2643; x_wconf 81' lang='lat' dir='ltr'><strong>sanctimonialium</strong></span> 
     </span>
    </p>
   </div>
   <div class='ocr_carea' id='block_1_10' title="bbox 963 2676 3799 4112">
    <p class='ocr_par' dir='ltr' id='par_1_13' title="bbox 963 2676 3799 4112">
     <span class='ocr_line' id='line_1_23' title="bbox 1810 2676 3796 2757; baseline 0.003 -21"><span class='ocrx_word' id='word_1_168' title='bbox 1810 2680 1870 2736; x_wconf 90' lang='lat' dir='ltr'><strong>in</strong></span> <span class='ocrx_word' id='word_1_169' title='bbox 1909 2678 2169 2736; x_wconf 86' lang='lat' dir='ltr'><strong>Duseren</strong></span> <span class='ocrx_word' id='word_1_170' title='bbox 2218 2694 2400 2753; x_wconf 85' lang='lat' dir='ltr'><strong>prope</strong></span> <span class='ocrx_word' id='word_1_171' title='bbox 2445 2676 2720 2753; x_wconf 77' lang='lat' dir='ltr'><strong>Dusburg</strong></span> <span class='ocrx_word' id='word_1_172' title='bbox 2759 2678 3071 2736; x_wconf 80' lang='lat' dir='ltr'><strong>fundatum</strong></span> <span class='ocrx_word' id='word_1_173' title='bbox 3112 2681 3463 2739; x_wconf 86' lang='lat' dir='ltr'><strong>auctoritate</strong></span> <span class='ocrx_word' id='word_1_174' title='bbox 3506 2681 3796 2757; x_wconf 83' lang='lat' dir='ltr'><strong>imperiali</strong></span> 
     </span>
     <span class='ocr_line' id='line_1_24' title="bbox 1811 2773 3794 2854; baseline 0.002 -21"><span class='ocrx_word' id='word_1_175' title='bbox 1811 2774 1887 2833; x_wconf 80' lang='lat' dir='ltr'><strong>ad</strong></span> <span class='ocrx_word' id='word_1_176' title='bbox 1914 2775 2095 2833; x_wconf 77' lang='lat' dir='ltr'><strong>alium</strong></span> <span class='ocrx_word' id='word_1_177' title='bbox 2124 2773 2317 2833; x_wconf 89' lang='lat' dir='ltr'><strong>locum</strong></span> <span class='ocrx_word' id='word_1_178' title='bbox 2347 2774 2534 2850; x_wconf 86' lang='lat' dir='ltr'><strong>magis</strong></span> <span class='ocrx_word' id='word_1_179' title='bbox 2559 2774 2841 2833; x_wconf 89' lang='lat' dir='ltr'><strong>idoneum</strong></span> <span class='ocrx_word' id='word_1_180' title='bbox 2876 2790 3057 2850; x_wconf 87' lang='lat' dir='ltr'><strong>prope</strong></span> <span class='ocrx_word' id='word_1_181' title='bbox 3092 2775 3315 2834; x_wconf 89' lang='lat' dir='ltr'><strong>Ruram</strong></span> <span class='ocrx_word' id='word_1_182' title='bbox 3342 2777 3651 2854; x_wconf 83' lang='lat' dir='ltr'><strong>transfert,</strong></span> <span class='ocrx_word' id='word_1_183' title='bbox 3676 2782 3794 2837; x_wconf 86' lang='lat' dir='ltr'><strong>eis-</strong></span> 
     </span>
     <span class='ocr_line' id='line_1_25' title="bbox 1809 2871 3796 2946; baseline 0.001 -16"><span class='ocrx_word' id='word_1_184' title='bbox 1809 2887 1925 2946; x_wconf 79' lang='lat' dir='ltr'><strong>que</strong></span> <span class='ocrx_word' id='word_1_185' title='bbox 1977 2887 2252 2930; x_wconf 87' lang='lat' dir='ltr'><strong>mansum</strong></span> <span class='ocrx_word' id='word_1_186' title='bbox 2305 2871 2526 2931; x_wconf 88' lang='lat' dir='ltr'><strong>ibidem</strong></span> <span class='ocrx_word' id='word_1_187' title='bbox 2580 2871 2696 2930; x_wconf 85' lang='lat' dir='ltr'><strong>sub</strong></span> <span class='ocrx_word' id='word_1_188' title='bbox 2739 2887 2938 2931; x_wconf 88' lang='lat' dir='ltr'><strong>annuo</strong></span> <span class='ocrx_word' id='word_1_189' title='bbox 3003 2887 3181 2931; x_wconf 90' lang='lat' dir='ltr'><strong>censu</strong></span> <span class='ocrx_word' id='word_1_190' title='bbox 3239 2873 3626 2934; x_wconf 84' lang='lat' dir='ltr'><strong>excolendum</strong></span> <span class='ocrx_word' id='word_1_191' title='bbox 3683 2873 3796 2932; x_wconf 88' lang='lat' dir='ltr'><strong>do-</strong></span> 
     </span>
     <span class='ocr_line' id='line_1_26' title="bbox 988 2948 3792 3033; baseline 0.003 -9"><span class='ocrx_word' id='word_1_192' title='bbox 988 2948 1212 3025; x_wconf 74' lang='lat'><strong>1245</strong></span> <span class='ocrx_word' id='word_1_193' title='bbox 1810 2972 1933 3027; x_wconf 89' lang='lat' dir='ltr'><strong>nat.</strong></span> <span class='ocrx_word' id='word_1_194' title='bbox 3680 2980 3792 3033; x_wconf 83' lang='grc'><strong>122</strong></span> 
     </span>
     <span class='ocr_line' id='line_1_27' title="bbox 963 3060 3795 3156; baseline 0.004 -41"><span class='ocrx_word' id='word_1_195' title='bbox 963 3086 1021 3138; x_wconf 75' lang='lat'><strong>1⁶</strong></span> <span class='ocrx_word' id='word_1_196' title='bbox 1060 3080 1228 3156; x_wconf 57' lang='lat' dir='ltr'><strong>april,</strong></span> <span class='ocrx_word' id='word_1_197' title='bbox 1269 3102 1620 3122; x_wconf 92' lang='grc'><strong>......</strong></span> <span class='ocrx_word' id='word_1_198' title='bbox 1681 3099 1697 3116; x_wconf 89' lang='grc'><strong>.</strong></span> <span class='ocrx_word' id='word_1_199' title='bbox 1729 3063 2119 3143; x_wconf 64' lang='lat' dir='ltr'><strong>Praepositae,</strong></span> <span class='ocrx_word' id='word_1_200' title='bbox 2150 3060 2397 3122; x_wconf 73' lang='grc' dir='ltr'><em>άεεαηω</em></span> <span class='ocrx_word' id='word_1_201' title='bbox 2432 3070 2489 3122; x_wconf 78' lang='lat' dir='ltr'><strong>et</strong></span> <span class='ocrx_word' id='word_1_202' title='bbox 2529 3062 2850 3142; x_wconf 78' lang='lat' dir='ltr'><strong>capitulum</strong></span> <span class='ocrx_word' id='word_1_203' title='bbox 2886 3063 3191 3125; x_wconf 79' lang='lat' dir='ltr'><strong>Leodieme</strong></span> <span class='ocrx_word' id='word_1_204' title='bbox 3239 3067 3533 3127; x_wconf 86' lang='lat' dir='ltr'><strong>Friderieo</strong></span> <span class='ocrx_word' id='word_1_205' title='bbox 3570 3067 3795 3127; x_wconf 85' lang='lat' dir='ltr'><strong>Roma-</strong></span> 
     </span>
     <span class='ocr_line' id='line_1_28' title="bbox 1808 3161 3799 3240; baseline 0.002 -20"><span class='ocrx_word' id='word_1_206' title='bbox 1808 3177 2016 3220; x_wconf 87' lang='lat' dir='ltr'><strong>norum</strong></span> <span class='ocrx_word' id='word_1_207' title='bbox 2055 3162 2392 3237; x_wconf 81' lang='lat' dir='ltr'><strong>imperatori</strong></span> <span class='ocrx_word' id='word_1_208' title='bbox 2433 3161 2771 3237; x_wconf 82' lang='lat' dir='ltr'><strong>supplicant</strong></span> <span class='ocrx_word' id='word_1_209' title='bbox 2811 3170 2877 3221; x_wconf 87' lang='lat' dir='ltr'><strong>ut</strong></span> <span class='ocrx_word' id='word_1_210' title='bbox 2912 3178 3049 3221; x_wconf 81' lang='lat' dir='ltr'><strong>curn</strong></span> <span class='ocrx_word' id='word_1_211' title='bbox 3087 3169 3241 3222; x_wconf 88' lang='lat' dir='ltr'><strong>terra</strong></span> <span class='ocrx_word' id='word_1_212' title='bbox 3286 3163 3630 3223; x_wconf 80' lang='lat' dir='ltr'><strong>Harmoniae</strong></span> <span class='ocrx_word' id='word_1_213' title='bbox 3665 3170 3799 3240; x_wconf 86' lang='lat' dir='ltr'><strong>post</strong></span> 
     </span>
     <span class='ocr_line' id='line_1_29' title="bbox 1808 3258 3795 3337; baseline 0.001 -19"><span class='ocrx_word' id='word_1_214' title='bbox 1808 3259 2035 3319; x_wconf 88' lang='lat' dir='ltr'><strong>obitum</strong></span> <span class='ocrx_word' id='word_1_215' title='bbox 2057 3259 2092 3318; x_wconf 84' lang='lat' dir='ltr'>J</span> <span class='ocrx_word' id='word_1_216' title='bbox 2095 3258 2365 3317; x_wconf 88' lang='lat' dir='ltr'><strong>ohannae</strong></span> <span class='ocrx_word' id='word_1_217' title='bbox 2388 3261 2718 3318; x_wconf 84' lang='lat' dir='ltr'><strong>comitissae</strong></span> <span class='ocrx_word' id='word_1_218' title='bbox 2743 3258 3053 3318; x_wconf 84' lang='lat' dir='ltr'><strong>Fiandriae</strong></span> <span class='ocrx_word' id='word_1_219' title='bbox 3067 3303 3087 3337; x_wconf 89' lang='lat'><strong>,</strong></span> <span class='ocrx_word' id='word_1_220' title='bbox 3109 3258 3273 3317; x_wconf 85' lang='lat' dir='ltr'><strong>nulio</strong></span> <span class='ocrx_word' id='word_1_221' title='bbox 3294 3259 3368 3319; x_wconf 89' lang='lat' dir='ltr'><strong>de</strong></span> <span class='ocrx_word' id='word_1_222' title='bbox 3390 3276 3632 3335; x_wconf 89' lang='lat' dir='ltr'><strong>corpore</strong></span> <span class='ocrx_word' id='word_1_223' title='bbox 3653 3260 3795 3321; x_wconf 83' lang='lat' dir='ltr'><strong>bae·</strong></span> 
     </span>
     <span class='ocr_line' id='line_1_30' title="bbox 1809 3354 3798 3425; baseline 0.002 -12"><span class='ocrx_word' id='word_1_224' title='bbox 1809 3355 1945 3413; x_wconf 89' lang='lat' dir='ltr'><strong>rede</strong></span> <span class='ocrx_word' id='word_1_225' title='bbox 1986 3355 2221 3425; x_wconf 88' lang='lat' dir='ltr'><strong>relicto,</strong></span> <span class='ocrx_word' id='word_1_226' title='bbox 2267 3354 2343 3413; x_wconf 90' lang='lat' dir='ltr'><strong>ad</strong></span> <span class='ocrx_word' id='word_1_227' title='bbox 2383 3355 2683 3413; x_wconf 86' lang='lat' dir='ltr'><strong>ecclesiam</strong></span> <span class='ocrx_word' id='word_1_228' title='bbox 2726 3355 3103 3413; x_wconf 88' lang='lat' dir='ltr'><strong>Leodiensem</strong></span> <span class='ocrx_word' id='word_1_229' title='bbox 3145 3357 3223 3414; x_wconf 85' lang='lat' dir='ltr'><strong>sit</strong></span> <span class='ocrx_word' id='word_1_230' title='bbox 3265 3355 3339 3415; x_wconf 92' lang='lat' dir='ltr'><strong>de</strong></span> <span class='ocrx_word' id='word_1_231' title='bbox 3374 3357 3798 3417; x_wconf 86' lang='lat' dir='ltr'><strong>consuetudine</strong></span> 
     </span>
     <span class='ocr_line' id='line_1_31' title="bbox 1809 3450 3798 3528; baseline 0.001 -19"><span class='ocrx_word' id='word_1_232' title='bbox 1809 3450 2118 3526; x_wconf 79' lang='lat' dir='ltr'><strong>devoluta,</strong></span> <span class='ocrx_word' id='word_1_233' title='bbox 2171 3452 2297 3525; x_wconf 88' lang='lat' dir='ltr'><strong>ipse</strong></span> <span class='ocrx_word' id='word_1_234' title='bbox 2348 3450 2539 3509; x_wconf 86' lang='lat' dir='ltr'><strong>eidem</strong></span> <span class='ocrx_word' id='word_1_235' title='bbox 2585 3450 2860 3510; x_wconf 82' lang='lat' dir='ltr'><strong>ecciesiae</strong></span> <span class='ocrx_word' id='word_1_236' title='bbox 2910 3450 3221 3509; x_wconf 85' lang='lat' dir='ltr'><strong>subvenire</strong></span> <span class='ocrx_word' id='word_1_237' title='bbox 3259 3450 3543 3528; x_wconf 82' lang='lat' dir='ltr'><strong>dignetur</strong></span> <span class='ocrx_word' id='word_1_238' title='bbox 3590 3459 3798 3511; x_wconf 88' lang='lat' dir='ltr'><strong>contra</strong></span> 
     </span>
     <span class='ocr_line' id='line_1_32' title="bbox 1808 3547 3794 3624; baseline 0.002 -19"><span class='ocrx_word' id='word_1_239' title='bbox 1808 3547 2200 3622; x_wconf 79' lang='lat' dir='ltr'><strong>Margaretam</strong></span> <span class='ocrx_word' id='word_1_240' title='bbox 2248 3547 2516 3624; x_wconf 79' lang='lat' dir='ltr'><strong>ejusdem</strong></span> <span class='ocrx_word' id='word_1_241' title='bbox 2569 3548 2877 3609; x_wconf 83' lang='lat' dir='ltr'><strong>Johannae</strong></span> <span class='ocrx_word' id='word_1_242' title='bbox 2924 3564 3215 3621; x_wconf 90' lang='lat' dir='ltr'><strong>sororem,</strong></span> <span class='ocrx_word' id='word_1_243' title='bbox 3262 3548 3531 3608; x_wconf 87' lang='lat' dir='ltr'><strong>eamdem</strong></span> <span class='ocrx_word' id='word_1_244' title='bbox 3578 3556 3794 3609; x_wconf 87' lang='lat' dir='ltr'><strong>terram</strong></span> 
     </span>
     <span class='ocr_line' id='line_1_33' title="bbox 1806 3642 3794 3706; baseline 0.004 -7"><span class='ocrx_word' id='word_1_245' title='bbox 1806 3642 2093 3702; x_wconf 83' lang='lat' dir='ltr'><strong>violenter</strong></span> <span class='ocrx_word' id='word_1_246' title='bbox 2120 3646 2521 3703; x_wconf 83' lang='lat' dir='ltr'><strong>invadentem.</strong></span> <span class='ocrx_word' id='word_1_247' title='bbox 3677 3654 3794 3706; x_wconf 82' lang='grc'><strong>269</strong></span> 
     </span>
     <span class='ocr_line' id='line_1_34' title="bbox 982 3735 3796 3823; baseline 0.002 -27"><span class='ocrx_word' id='word_1_248' title='bbox 982 3753 1039 3806; x_wconf 74' lang='lat'><strong>1⁶</strong></span> <span class='ocrx_word' id='word_1_249' title='bbox 1062 3752 1210 3823; x_wconf 73' lang='lat' dir='ltr'><strong>sept.</strong></span> <span class='ocrx_word' id='word_1_250' title='bbox 1319 3735 1641 3815; x_wconf 85' lang='lat' dir='ltr'><strong>Herbipoli.</strong></span> <span class='ocrx_word' id='word_1_251' title='bbox 1726 3738 2033 3817; x_wconf 72' lang='lat' dir='ltr'><strong>Philippus</strong></span> <span class='ocrx_word' id='word_1_252' title='bbox 2077 3740 2466 3800; x_wconf 68' lang='lat' dir='ltr'><strong>Fert-ariensis</strong></span> <span class='ocrx_word' id='word_1_253' title='bbox 2512 3737 2737 3815; x_wconf 77' lang='lat' dir='ltr'><strong>electus,</strong></span> <span class='ocrx_word' id='word_1_254' title='bbox 2783 3740 3138 3820; x_wconf 77' lang='lat' dir='ltr'><strong>Apostolicae</strong></span> <span class='ocrx_word' id='word_1_255' title='bbox 3176 3740 3343 3802; x_wconf 77' lang='lat' dir='ltr'><strong>Sedis</strong></span> <span class='ocrx_word' id='word_1_256' title='bbox 3381 3743 3448 3802; x_wconf 80' lang='lat' dir='ltr'><strong>in</strong></span> <span class='ocrx_word' id='word_1_257' title='bbox 3479 3742 3796 3804; x_wconf 74' lang='lat' dir='ltr'><strong>Germania</strong></span> 
     </span>
     <span class='ocr_line' id='line_1_35' title="bbox 1805 3836 3790 3919; baseline 0.003 -22"><span class='ocrx_word' id='word_1_258' title='bbox 1805 3836 2045 3919; x_wconf 75' lang='lat' dir='ltr'><strong>leqacm,</strong></span> <span class='ocrx_word' id='word_1_259' title='bbox 2069 3836 2269 3898; x_wconf 85' lang='lat' dir='ltr'><strong>Uirico</strong></span> <span class='ocrx_word' id='word_1_260' title='bbox 2297 3839 2520 3898; x_wconf 83' lang='lat' dir='ltr'><strong>decano</strong></span> <span class='ocrx_word' id='word_1_261' title='bbox 2540 3841 2601 3897; x_wconf 93' lang='lat' dir='ltr'><strong>in</strong></span> <span class='ocrx_word' id='word_1_262' title='bbox 2632 3838 2892 3899; x_wconf 86' lang='lat' dir='ltr'><strong>Chambe</strong></span> <span class='ocrx_word' id='word_1_263' title='bbox 2919 3840 3122 3901; x_wconf 86' lang='lat' dir='ltr'><strong>scribit</strong></span> <span class='ocrx_word' id='word_1_264' title='bbox 3143 3840 3508 3901; x_wconf 87' lang='lat' dir='ltr'><strong>Fridericum</strong></span> <span class='ocrx_word' id='word_1_265' title='bbox 3536 3844 3790 3918; x_wconf 86' lang='lat' dir='ltr'><strong>impera·</strong></span> 
     </span>
     <span class='ocr_line' id='line_1_36' title="bbox 1804 3935 3790 4017; baseline 0.001 -20"><span class='ocrx_word' id='word_1_266' title='bbox 1804 3945 1989 3998; x_wconf 89' lang='lat' dir='ltr'><strong>torem</strong></span> <span class='ocrx_word' id='word_1_267' title='bbox 2018 3935 2092 3995; x_wconf 89' lang='lat' dir='ltr'><strong>ab</strong></span> <span class='ocrx_word' id='word_1_268' title='bbox 2121 3936 2466 3995; x_wconf 85' lang='lat' dir='ltr'><strong>Innocentio</strong></span> <span class='ocrx_word' id='word_1_269' title='bbox 2493 3951 2643 4013; x_wconf 84' lang='lat' dir='ltr'><strong>papa</strong></span> <span class='ocrx_word' id='word_1_270' title='bbox 2670 3939 2733 3995; x_wconf 87' lang='lat' dir='ltr'><strong>iu</strong></span> <span class='ocrx_word' id='word_1_271' title='bbox 2761 3938 3010 3997; x_wconf 80' lang='lat' dir='ltr'><strong>concilio</strong></span> <span class='ocrx_word' id='word_1_272' title='bbox 3044 3938 3222 3997; x_wconf 88' lang='lat' dir='ltr'><strong>fuisse</strong></span> <span class='ocrx_word' id='word_1_273' title='bbox 3250 3939 3585 4014; x_wconf 86' lang='lat' dir='ltr'><strong>depositum</strong></span> <span class='ocrx_word' id='word_1_274' title='bbox 3603 3982 3619 4008; x_wconf 90' lang='lat'>‚</span> <span class='ocrx_word' id='word_1_275' title='bbox 3650 3946 3790 4017; x_wconf 88' lang='lat' dir='ltr'><strong>etc.,</strong></span> 
     </span>
     <span class='ocr_line' id='line_1_37' title="bbox 1805 4033 3790 4112; baseline 0.001 -19"><span class='ocrx_word' id='word_1_276' title='bbox 1805 4036 2204 4112; x_wconf 87' lang='lat' dir='ltr'><strong>praecipitque</strong></span> <span class='ocrx_word' id='word_1_277' title='bbox 2232 4039 2300 4093; x_wconf 94' lang='lat' dir='ltr'><strong>ut</strong></span> <span class='ocrx_word' id='word_1_278' title='bbox 2327 4033 2533 4093; x_wconf 90' lang='lat' dir='ltr'><strong>ducem</strong></span> <span class='ocrx_word' id='word_1_279' title='bbox 2565 4035 2848 4093; x_wconf 86' lang='lat' dir='ltr'><strong>Bavariae</strong></span> <span class='ocrx_word' id='word_1_280' title='bbox 2873 4040 2933 4093; x_wconf 87' lang='lat' dir='ltr'><strong>et</strong></span> <span class='ocrx_word' id='word_1_281' title='bbox 2963 4039 3090 4112; x_wconf 85' lang='lat' dir='ltr'><strong>ejus</strong></span> <span class='ocrx_word' id='word_1_282' title='bbox 3119 4051 3366 4096; x_wconf 87' lang='lat' dir='ltr'><strong>uxorem</strong></span> <span class='ocrx_word' id='word_1_283' title='bbox 3393 4035 3652 4096; x_wconf 76' lang='lat' dir='ltr'><strong>fautores</strong></span> <span class='ocrx_word' id='word_1_284' title='bbox 3678 4039 3790 4095; x_wconf 89' lang='lat' dir='ltr'><strong>im-</strong></span> 
     </span>
    </p>
   </div>
   <div class='ocr_carea' id='block_1_11' title="bbox 961 3058 1225 3067">
    <p class='ocr_par' dir='ltr' id='par_1_14' title="bbox 961 3058 1225 3067">
     <span class='ocr_line' id='line_1_38' title="bbox 961 3058 1225 3067; baseline 0 2964"><span class='ocrx_word' id='word_1_285' title='bbox 961 3058 1225 3067; x_wconf 95' lang='lat' dir='ltr'><strong> </strong></span> 
     </span>
    </p>
   </div>
   <div class='ocr_carea' id='block_1_12' title="bbox 962 4214 1233 4224">
    <p class='ocr_par' dir='ltr' id='par_1_15' title="bbox 962 4214 1233 4224">
     <span class='ocr_line' id='line_1_39' title="bbox 962 4214 1233 4224; baseline 0 1807"><span class='ocrx_word' id='word_1_286' title='bbox 962 4214 1233 4224; x_wconf 95' lang='lat' dir='ltr'><strong> </strong></span> 
     </span>
    </p>
   </div>
   <div class='ocr_carea' id='block_1_13' title="bbox 982 4105 3795 4592">
    <p class='ocr_par' dir='ltr' id='par_1_16' title="bbox 982 4105 3795 4401">
     <span class='ocr_line' id='line_1_40' title="bbox 985 4105 3793 4208; baseline 0.002 -24"><span class='ocrx_word' id='word_1_287' title='bbox 985 4105 1217 4184; x_wconf 77' lang='grc'><strong>1246</strong></span> <span class='ocrx_word' id='word_1_288' title='bbox 1804 4133 2089 4208; x_wconf 88' lang='lat' dir='ltr'><strong>peratoris</strong></span> <span class='ocrx_word' id='word_1_289' title='bbox 2116 4130 2351 4207; x_wconf 86' lang='lat' dir='ltr'><strong>publice</strong></span> <span class='ocrx_word' id='word_1_290' title='bbox 2376 4132 2882 4203; x_wconf 82' lang='lat' dir='ltr'><strong>excommunicet,</strong></span> <span class='ocrx_word' id='word_1_291' title='bbox 2915 4137 3031 4192; x_wconf 87' lang='lat' dir='ltr'><strong>etc.</strong></span> <span class='ocrx_word' id='word_1_292' title='bbox 3677 4140 3793 4192; x_wconf 78' lang='lat'><strong>846</strong></span> 
     </span>
     <span class='ocr_line' id='line_1_41' title="bbox 982 4224 3793 4312; baseline 0.001 -27"><span class='ocrx_word' id='word_1_293' title='bbox 982 4245 1050 4294; x_wconf 78' lang='lat'><strong>13</strong></span> <span class='ocrx_word' id='word_1_294' title='bbox 1075 4251 1215 4312; x_wconf 75' lang='lat' dir='ltr'><strong>aug,</strong></span> <span class='ocrx_word' id='word_1_295' title='bbox 1363 4224 1604 4286; x_wconf 84' lang='lat' dir='ltr'><strong>Ander-</strong></span> <span class='ocrx_word' id='word_1_296' title='bbox 1724 4260 1804 4273; x_wconf 94' lang='lat'>—</span> <span class='ocrx_word' id='word_1_297' title='bbox 1844 4230 2065 4289; x_wconf 88' lang='lat' dir='ltr'><strong>Notum</strong></span> <span class='ocrx_word' id='word_1_298' title='bbox 2097 4229 2233 4287; x_wconf 81' lang='lat' dir='ltr'><strong>facit</strong></span> <span class='ocrx_word' id='word_1_299' title='bbox 2261 4244 2325 4286; x_wconf 91' lang='lat' dir='ltr'><strong>se</strong></span> <span class='ocrx_word' id='word_1_300' title='bbox 2356 4230 2707 4287; x_wconf 84' lang='lat' dir='ltr'><strong>sententiam</strong></span> <span class='ocrx_word' id='word_1_301' title='bbox 2734 4231 3134 4304; x_wconf 88' lang='lat' dir='ltr'><strong>suspensionis</strong></span> <span class='ocrx_word' id='word_1_302' title='bbox 3171 4230 3231 4288; x_wconf 94' lang='lat' dir='ltr'><strong>in</strong></span> <span class='ocrx_word' id='word_1_303' title='bbox 3260 4227 3551 4305; x_wconf 77' lang='lat' dir='ltr'><strong>praelatos</strong></span> <span class='ocrx_word' id='word_1_304' title='bbox 3584 4228 3793 4288; x_wconf 88' lang='lat' dir='ltr'><strong>inobe-</strong></span> 
     </span>
     <span class='ocr_line' id='line_1_42' title="bbox 1351 4323 3795 4401; baseline -0 -17"><span class='ocrx_word' id='word_1_305' title='bbox 1351 4323 1602 4397; x_wconf 77' lang='lat' dir='ltr'><strong>nachen.</strong></span> <span class='ocrx_word' id='word_1_306' title='bbox 1804 4324 2031 4383; x_wconf 87' lang='lat' dir='ltr'><strong>dientes</strong></span> <span class='ocrx_word' id='word_1_307' title='bbox 2065 4326 2167 4399; x_wconf 86' lang='lat' dir='ltr'><strong>qui</strong></span> <span class='ocrx_word' id='word_1_308' title='bbox 2200 4324 2277 4383; x_wconf 79' lang='lat' dir='ltr'><strong>ad</strong></span> <span class='ocrx_word' id='word_1_309' title='bbox 2314 4325 2538 4384; x_wconf 89' lang='lat' dir='ltr'><strong>curiam</strong></span> <span class='ocrx_word' id='word_1_310' title='bbox 2585 4323 2821 4383; x_wconf 79' lang='lat' dir='ltr'><strong>Hem-ici</strong></span> <span class='ocrx_word' id='word_1_311' title='bbox 2860 4327 3014 4401; x_wconf 84' lang='lat' dir='ltr'><strong>regis</strong></span> <span class='ocrx_word' id='word_1_312' title='bbox 3060 4327 3259 4383; x_wconf 83' lang='lat' dir='ltr'><strong>venire</strong></span> <span class='ocrx_word' id='word_1_313' title='bbox 3298 4330 3619 4384; x_wconf 87' lang='lat' dir='ltr'><strong>renuerunt</strong></span> <span class='ocrx_word' id='word_1_314' title='bbox 3656 4341 3795 4401; x_wconf 88' lang='lat' dir='ltr'><strong>pro-</strong></span> 
     </span>
    </p>

    <p class='ocr_par' dir='ltr' id='par_1_17' title="bbox 1803 4419 3795 4498">
     <span class='ocr_line' id='line_1_43' title="bbox 1803 4419 3795 4498; baseline 0.002 -19"><span class='ocrx_word' id='word_1_315' title='bbox 1803 4419 2028 4492; x_wconf 82' lang='lat' dir='ltr'><strong>tulisse,</strong></span> <span class='ocrx_word' id='word_1_316' title='bbox 2054 4422 2140 4478; x_wconf 90' lang='lat' dir='ltr'><strong>eis</strong></span> <span class='ocrx_word' id='word_1_317' title='bbox 2163 4419 2429 4497; x_wconf 85' lang='lat' dir='ltr'><strong>praefixo</strong></span> <span class='ocrx_word' id='word_1_318' title='bbox 2457 4424 2710 4480; x_wconf 85' lang='lat' dir='ltr'><strong>termino</strong></span> <span class='ocrx_word' id='word_1_319' title='bbox 2736 4437 2855 4497; x_wconf 87' lang='lat' dir='ltr'><strong>quo</strong></span> <span class='ocrx_word' id='word_1_320' title='bbox 2890 4424 2952 4481; x_wconf 93' lang='lat' dir='ltr'><strong>in</strong></span> <span class='ocrx_word' id='word_1_321' title='bbox 2982 4424 3313 4498; x_wconf 83' lang='lat' dir='ltr'><strong>praesentia</strong></span> <span class='ocrx_word' id='word_1_322' title='bbox 3345 4423 3570 4481; x_wconf 88' lang='lat' dir='ltr'><strong>domiui</strong></span> <span class='ocrx_word' id='word_1_323' title='bbox 3604 4438 3795 4498; x_wconf 86' lang='lat' dir='ltr'><strong>papae</strong></span> 
     </span>
    </p>

    <p class='ocr_par' dir='ltr' id='par_1_18' title="bbox 1804 4524 3794 4592">
     <span class='ocr_line' id='line_1_44' title="bbox 1804 4524 3794 4592; baseline 0 -16"><span class='ocrx_word' id='word_1_324' title='bbox 1804 4524 2203 4592; x_wconf 76' lang='lat' dir='ltr'><strong>compareant.</strong></span> <span class='ocrx_word' id='word_1_325' title='bbox 3675 4525 3794 4576; x_wconf 76' lang='grc'><strong>449</strong></span> 
     </span>
    </p>
   </div>
   <div class='ocr_carea' id='block_1_14' title="bbox 967 4611 3799 4795">
    <p class='ocr_par' dir='ltr' id='par_1_19' title="bbox 967 4611 3799 4795">
     <span class='ocr_line' id='line_1_45' title="bbox 1005 4611 3796 4703; baseline -0.003 -21"><span class='ocrx_word' id='word_1_326' title='bbox 1005 4619 1187 4703; x_wconf 87' lang='lat' dir='ltr'><strong>[circa</strong></span> <span class='ocrx_word' id='word_1_327' title='bbox 1267 4659 1283 4675; x_wconf 93' lang='lat'><strong>.</strong></span> <span class='ocrx_word' id='word_1_328' title='bbox 1347 4654 1692 4675; x_wconf 91' lang='lat'><strong>......</strong></span> <span class='ocrx_word' id='word_1_329' title='bbox 1725 4612 1995 4673; x_wconf 59' lang='lat' dir='ltr'><strong>Athen-cus</strong></span> <span class='ocrx_word' id='word_1_330' title='bbox 2030 4611 2098 4671; x_wconf 85' lang='lat' dir='ltr'><strong>de</strong></span> <span class='ocrx_word' id='word_1_331' title='bbox 2133 4612 2379 4688; x_wconf 76' lang='lat' dir='ltr'><strong>Beltam,</strong></span> <span class='ocrx_word' id='word_1_332' title='bbox 2420 4613 2784 4674; x_wconf 73' lang='lat' dir='ltr'><strong>Patavieneis</strong></span> <span class='ocrx_word' id='word_1_333' title='bbox 2818 4611 3099 4694; x_wconf 73' lang='lat' dir='ltr'><strong>decanus,</strong></span> <span class='ocrx_word' id='word_1_334' title='bbox 3148 4631 3180 4675; x_wconf 90' lang='lat' dir='ltr'><strong>e</strong></span> <span class='ocrx_word' id='word_1_335' title='bbox 3214 4616 3485 4675; x_wconf 82' lang='lat' dir='ltr'><strong>Romana</strong></span> <span class='ocrx_word' id='word_1_336' title='bbox 3521 4616 3687 4674; x_wconf 88' lang='lat' dir='ltr'><strong>curia</strong></span> <span class='ocrx_word' id='word_1_337' title='bbox 3717 4614 3796 4674; x_wconf 90' lang='lat' dir='ltr'><strong>ad</strong></span> 
     </span>
     <span class='ocr_line' id='line_1_46' title="bbox 967 4709 3799 4795; baseline -0.002 -19"><span class='ocrx_word' id='word_1_338' title='bbox 967 4709 1235 4795; x_wconf 67' lang='lat' dir='ltr'><strong>julium]</strong></span> <span class='ocrx_word' id='word_1_339' title='bbox 1804 4712 2016 4771; x_wconf 89' lang='lat' dir='ltr'><strong>ducem</strong></span> <span class='ocrx_word' id='word_1_340' title='bbox 2044 4711 2327 4771; x_wconf 86' lang='lat' dir='ltr'><strong>Bavariae</strong></span> <span class='ocrx_word' id='word_1_341' title='bbox 2374 4713 2657 4771; x_wconf 87' lang='lat' dir='ltr'><strong>instantia</strong></span> <span class='ocrx_word' id='word_1_342' title='bbox 2686 4713 2931 4772; x_wconf 85' lang='lat' dir='ltr'><strong>consilia</strong></span> <span class='ocrx_word' id='word_1_343' title='bbox 2968 4714 3315 4773; x_wconf 84' lang='lat' dir='ltr'><strong>transmittit</strong></span> <span class='ocrx_word' id='word_1_344' title='bbox 3354 4719 3422 4773; x_wconf 89' lang='lat' dir='ltr'><strong>ut</strong></span> <span class='ocrx_word' id='word_1_345' title='bbox 3464 4713 3659 4789; x_wconf 85' lang='lat' dir='ltr'><strong>ipsum</strong></span> <span class='ocrx_word' id='word_1_346' title='bbox 3697 4726 3799 4771; x_wconf 88' lang='lat' dir='ltr'><strong>re-</strong></span> 
     </span>
    </p>
   </div>
  </div>
 </body>
</html>
