4525 6031
626 659 827 718 Iunior.
858 654 952 733 6.]
1505 647 1903 712 HISTORIA
1953 648 2547 713 DIPLOMATch.
3316 646 3439 709 643

727 1182 1195 1289 FridericuS,
1269 1181 1786 1264 Romanorum
1863 1181 2314 1289 imperator,
2377 1179 2535 1289 regi
2604 1178 2995 1261 Sardiniae
3066 1177 3225 1261 filio
3297 1203 3439 1261 suo
3545 1185 3800 1240 “ww-1

563 1377 566 1380 ι
624 1328 884 1402 narrat
925 1316 1174 1399 felices
1213 1341 1395 1398 suos
1430 1315 1510 1396 in
1547 1315 1891 1424 partibus
1928 1313 2461 1399 Montisferrati
2500 1339 2919 1396 successus,

785 1529 971 1610 (Edit.
1006 1532 1068 1589 in
1089 1528 1256 1589 Petri
1281 1525 1352 1587 do
1387 1527 1520 1588 Vin.
1548 1527 1745 1606 epist„
1775 1525 1985 1604 man,
2007 1544 2138 1605 cap.
2167 1527 2281 1600 L13
2310 1528 2447 1589 coll.
2476 1544 2614 1589 cum
2641 1526 2774 1588 cod.
2805 1526 2958 1589 Bibl.
2988 1526 3187 1590 Cesar.
3220 1525 3438 1599 Paris„

844 1635 1033 1717 fonds
1055 1637 1464 1711 Nono-Dama,
1497 1646 1564 1695 n·
1592 1643 1734 1711 202,
1761 1641 1821 1696 et
1827 1631 2013 1714 fonde
2042 1631 2530 1696 Sciat-Germia
2553 1630 2802 1714 Har-lay,
2833 1643 2897 1693 11⁰
2921 1635 3091 1710 455.)

719 1823 863 1896 Etsi
892 1823 1449 1919 provenientium
1481 1821 1684 1895 nobis
1713 1822 1785 1893 in
1819 1823 2130 1917 partibus
2158 1822 2307 1895 istis
2340 1821 2432 1895 ad
2462 1832 2625 1895 vota
2652 1844 3094 1895 successuum
3117 1823 3267 1914 jam
3302 1823 3445 1893 fre·

626 1971 849 2043 quens
880 1950 971 2021 ad
1011 1960 1076 2021 te
1107 1947 1534 2021 celsitudinis
1571 1959 1805 2020 nostre
1838 1947 2035 2020 litera
2065 1948 2354 2021 relativa
2384 1948 2730 2044 pervenit,
2768 1957 2848 2018 ut
2884 1956 3001 2018 tue
3039 1955 3272 2018 tamen
3313 1968 3443 2019 ex-

626 2073 1034 2169 pectationis
1063 2073 1346 2145 affectus
1379 2094 1563 2144 nova
1591 2094 1922 2169 prospera
1953 2082 2173 2144 status
2205 2072 2422 2145 nostri
2453 2073 2852 2144 continuata
2890 2069 3247 2161 letificent,
3284 2093 3447 2164 pre-

624 2198 925 2270 sentium
968 2197 1091 2269 tibi
1130 2208 1370 2270 tenore
1408 2197 1864 2270 describimus
1893 2195 2084 2290 quod
2129 2195 2328 2269 terris
2358 2197 2681 2269 omnibus
2714 2194 3128 2268 marchionis
3157 2194 3446 2266 Montis·

626 2321 863 2392 ferrati
910 2322 1397 2415 urgentissima
1440 2322 1979 2418 depopulatione
2020 2322 2344 2412 vastatis,
2399 2331 2624 2393 castra
2664 2342 2803 2413 que
2853 2319 3162 2415 potentie
3210 2329 3447 2391 nostre

626 2446 1062 2541 processibus
1087 2446 1507 2519 videbantur
1533 2446 1903 2537 obsistere,
1938 2448 2120 2518 ferro
2157 2445 2571 2539 flammeque
2604 2443 3006 2536 subjicimus
3042 2466 3059 2511 τ
3097 2453 3170 2515 et
3198 2454 3449 2517 cuncta

627 2571 861 2662 nobis,
899 2582 977 2643 ut
1011 2582 1078 2643 te
1117 2571 1426 2643 breviter
1456 2572 1918 2663 alloquamur,
1956 2570 2025 2641 in
2066 2571 2379 2665 partibus
2414 2571 2561 2641 istis
2603 2569 2694 2642 ad
2731 2570 3061 2665 placitum
3094 2568 3448 2641 desidera-

625 2694 748 2765 bili
779 2706 1033 2766 eventu
1065 2694 1452 2768 successive
1483 2695 2016 2790 responderunt.
2047 2696 2189 2767 Hec
2216 2694 2500 2788 quidem
2529 2694 2703 2766 scire
2750 2704 2816 2766 te
2844 2695 3166 2767 volumus
3198 2702 3268 2765 et
3299 2716 3450 2787 pre·

628 2820 841 2890 sentis
887 2819 1201 2891 lectionis
1238 2840 1485 2915 sapore
1520 2820 1916 2916 percipere,
1955 2828 2035 2889 ut
2064 2842 2206 2891 non
2240 2821 2463 2891 solum
2498 2819 2622 2889 tibi
2653 2818 3012 2890 materiam
3052 2817 3449 2911 hujusmodi

618 2944 1068 3037 jocunditatis
1102 2943 1515 3035 exhibeant,
1549 2944 1672 3018 sed
1711 2946 1907 3017 velut
1942 2965 2109 3018 vera
2132 2941 2235 3041 (a)
2281 2943 2596 3041 presagia
2637 2944 2867 3014 future
2909 2942 3133 3014 leticie
3181 2941 3450 3014 firmam

627 3066 952 3140 fiduciam
991 3076 1471 3164 representent
1500 3068 1690 3160 quod
1735 3090 1817 3140 ea
1853 3069 1988 3139 tuis
2030 3069 2314 3140 auribus
2341 3068 2519 3140 infra
2552 3067 2702 3139 dies
2737 3067 3185 3162 paucissimos
3212 3067 3453 3141 offere·

626 3214 807 3282 mus,
842 3214 931 3263 ex
959 3193 1213 3285 quibus
1240 3193 1602 3265 manifeste
1630 3193 2062 3289 perpendere
2091 3193 2353 3289 poteris
2383 3192 2736 3266 laboribus
2759 3191 3010 3265 nostris
3033 3191 3101 3262 in
3133 3193 3452 3289 proximo

628 3315 839 3388 finem
874 3317 1292 3390 laudabilem
1319 3317 1844 3413 imponendum.

735 3861 1217 3946 Innocentius
1265 3887 1463 3969 papa
1500 3860 1912 3969 quemdam
1950 3858 2368 3969 principem
2411 3872 2667 3945 monet
2704 3888 2801 3945 ne
2847 3862 3061 3944 falsis
3106 3886 3303 3972 quae
3353 3866 3450 3948 de
3552 3879 3809 3940 tunsum-1

629 4021 814 4106 pace
883 3995 1081 4077 inter
1139 4020 1219 4076 se
1278 4004 1355 4076 et
1408 3992 1871 4075 Fridericum
1926 3994 2317 4102 quondam
2374 3995 2905 4104 imperatorem
2961 3995 3447 4079 reformanda

631 4127 894 4211 referri
935 4136 1281 4237 possent,
1321 4126 1550 4209 fidem
1589 4125 1981 4233 adhibeat,
2034 4125 2221 4207 dum
2270 4127 2526 4209 nuncii
2563 4154 2757 4238 quos
2811 4154 2943 4210 rex
2979 4128 3447 4212 Francorum

629 4287 723 4343 ex
742 4271 953 4370 parte
970 4261 1309 4371 ejusdem
1331 4260 1686 4344 Friderici
1708 4260 1949 4342 audiit
1986 4260 2082 4343 de
2109 4261 2495 4369 proposito
2532 4288 2672 4345 suo
2708 4261 3046 4346 frustrati
3080 4262 3445 4372 abierint,

629 4393 796 4502 ipso
830 4421 1009 4504 rege
1034 4394 1177 4478 iter
1214 4393 1840 4505 peregrinationis
1878 4420 2062 4477 suae
2095 4407 2621 4504 persequente.

789 4608 1041 4690 (Inedit.
1071 4627 1149 4673 ex
1175 4612 1308 4675 cod.
1335 4611 1490 4673 Bibl.
1522 4610 1722 4676 Cesar.
1751 4610 2087 4676 vindobon.
2121 4611 2283 4674 dicto
2308 4561 2622 4695 Pkildloq„
2653 4604 2720 4674 11⁶
2744 4621 2885 4693 305,
2913 4613 3019 4677 fol.
3048 4621 3124 4676 52
3156 4615 3372 4694 recto.)

717 4767 798 4848 (a)
846 4770 920 4831 In
946 4771 1147 4832 codice
1168 4787 1333 4832 arra.
