4525 6031
746 618 946 681 Inter.
985 616 1111 700 15.]
1646 608 2044 680 HISTORIA
2092 614 2688 678 nlpnousslca,
3440 609 3555 673 821

1167 897 1668 907 -——-—-——-—

858 1162 1284 1270 Conradus‚
1333 1162 1852 1246 Romanorum
1906 1164 1987 1245 in
2037 1189 2296 1274 regem
2360 1163 2668 1270 electuS,
2738 1162 3101 1245 advocato
3139 1164 3213 1243 et
3268 1160 3556 1244 civibus

752 1294 1287 1379 Turicensibus
1321 1297 1639 1379 mandat
1670 1297 1878 1406 quod
1932 1296 2188 1380 nullos
2241 1295 2594 1380 denarios
2643 1296 2722 1375 in
2779 1293 3324 1403 praejudicium
3376 1319 3561 1377 mo-

753 1405 970 1511 netae
1006 1427 1431 1511 abbatissae
1460 1428 1944 1512 Thurieensis
1978 1428 2147 1510 dari
2188 1429 2660 1538 permittant,
2700 1429 3201 1537 eamdemque
3235 1426 3311 1508 in
3359 1425 3565 1534 juri-

753 1556 897 1640 bus
935 1558 1093 1641 suis
1131 1569 1699 1643 manuteneant.

914 1771 1215 1852 (Edltmp.
1237 1776 1555 1852 Nauem-r,
1590 1772 1726 1838 Cod.
1753 1773 2092 1855 Alcmana„
2115 1781 2163 1838 t.
2197 1773 2280 1851 ΙΙ,
2310 1792 2371 1852 p.
2409 1782 2545 1849 174,
2573 1791 2647 1835 ex
2673 1774 2763 1836 Cl.
2793 1773 3116 1836 Dursteleri
3145 1774 3292 1835 Mss.
3325 1774 3387 1834 ln
3406 1771 3561 1835 Blbl.

991 1879 1221 1959 Turlc.)

850 2066 1255 2139 Cuonradus
1292 2068 1435 2139 divi
1476 2067 1752 2161 augusti
1795 2068 2231 2162 imperatoris
2266 2067 2593 2141 Friderici
2628 2064 2849 2157 filius,
2885 2067 3010 2137 Dei
3049 2067 3273 2159 gratia
3315 2069 3568 2140 Roma-

755 2209 1004 2261 norum
1049 2191 1122 2262 in
1168 2213 1403 2284 regem
1445 2193 1709 2263 electus
1748 2213 2024 2285 semper
2063 2200 2398 2284 augustus
2441 2199 2513 2261 et
2551 2189 2753 2261 heres
2795 2191 2991 2283 regni
3030 2191 3409 2262 Jerusalem
3442 2189 3567 2286 (a),

754 2312 1095 2386 advocato
1147 2326 1217 2386 et
1261 2315 1602 2387 universis
1641 2315 1909 2386 civibus
1947 2314 2480 2386 Thuricensibus
2516 2313 2838 2385 fidelibus
2879 2315 3018 2385 suis
3049 2304 3339 2406 gratiam
3375 2335 3573 2385 suam

757 2447 826 2507 et
873 2459 1079 2510 omne
1121 2440 1410 2511 bonum.
1452 2439 1882 2535 Supplicavit
1912 2439 2304 2510 celsitudini
2332 2447 2567 2509 nostre
2608 2437 2861 2509 dilecta
2897 2438 3217 2532 princeps
3248 2446 3319 2508 et
3350 2437 3574 2510 fidelis

753 2571 991 2634 nostra
1029 2563 1442 2634 venerabilis
1474 2563 1824 2635 abbatissa
1854 2563 2318 2652 Thuricensi3‚
2353 2562 2517 2655 quia
2550 2562 2623 2631 in
2658 2570 2938 2632 moneta
2980 2581 3106 2631 sua
3141 2582 3350 2653 quam
3385 2570 3575 2633 tenet

756 2707 798 2756 a
823 2687 1024 2758 nobis
1053 2698 1124 2758 et
1154 2709 1196 2758 a
1228 2688 1530 2758 culmine
1560 2687 1899 2782 imperiali
1932 2686 2197 2758 ratione
2225 2685 2417 2757 feudi
2449 2694 2521 2756 et
2558 2685 2629 2755 in
2669 2684 2918 2756 ceteris
2941 2685 3218 2776 juribus
3249 2684 3417 2774 suis,
3445 2686 3576 2757 sibi

756 2808 1133 2901 derogetur
1189 2812 1261 2882 in
1314 2820 1586 2883 tantum
1637 2811 1828 2903 quod
1887 2811 1957 2881 in
2009 2810 2262 2881 debitis
2318 2808 2765 2903 pensionibus
2818 2819 2888 2879 et
2933 2809 3280 2880 consuetis
3325 2809 3457 2880 sibi
3507 2819 3580 2882 et

759 2935 1048 3005 ecclesie
1108 2957 1231 3006 sue
1287 2936 1766 3031 persolvendis
1824 2936 2174 3007 defectum
2234 2934 2741 3005 intolerabilem
2798 2932 3122 3028 patiatur.
3189 2933 3358 3004 Cum
3413 2954 3579 3027 ergo

758 3055 1157 3150 hujusmodi
1190 3060 1458 3152 injuriis
1505 3068 1575 3131 et
1619 3060 2138 3153 gravaminibus
2175 3059 2462 3131 obviare
2510 3060 2887 3148 debemm,
2926 3057 3338 3130 mandamus
3380 3058 3580 3130 vobis

763 3204 890 3276 per
914 3184 1277 3254 obtentum
1315 3185 1534 3276 gratie
1564 3184 1828 3256 domini
1865 3194 1935 3255 et
1967 3185 2182 3279 patris
2213 3185 2432 3255 nostri
2464 3205 2548 3256 ac
2579 3193 2812 3255 nostre
2845 3182 3133 3255 firmiter
3164 3194 3235 3255 et
3274 3183 3582 3256 districte

760 3308 1222 3403 precipientes
1258 3318 1602 3401 quatenus
1646 3310 1715 3378 in
1749 3318 1982 3380 vestro
2023 3308 2338 3380 districtu
2377 3310 2606 3380 nullos
2636 3308 3048 3403 permittatis
3079 3307 3402 3380 denarios
3433 3308 3583 3380 dari

759 3433 831 3502 in
876 3432 1336 3526 prejudicium
1387 3441 1458 3502 et
1487 3452 1862 3523 gravamen
1904 3432 2085 3504 dicte
2130 3431 2354 3504 fidelis
2384 3442 2620 3503 nostre
2650 3453 2734 3503 ac
2768 3444 3044 3504 monete
3079 3454 3237 3521 sue,
3275 3432 3407 3503 nisi
3453 3434 3584 3504 sub

759 3557 1030 3627 cambio
1066 3556 1513 3653 competenti.
1552 3557 1627 3627 In
1657 3557 1905 3627 ceteris
1931 3578 2209 3650 quoque
2239 3557 2515 3648 juribus
2547 3555 2767 3650 ipsam
2800 3556 3222 3628 abbatissam
3256 3565 3326 3627 et
3360 3558 3582 3627 eccle·

761 3680 934 3751 siam
962 3699 1158 3751 suam
1193 3679 1482 3750 teneatis
1516 3680 1586 3749 in
1624 3680 1876 3751 debitis
1908 3680 2149 3750 usibus
2182 3689 2252 3750 et
2276 3678 2817 3751 honorificentiis
2838 3734 2856 3767 ,
2894 3690 2974 3751 ut
3001 3680 3327 3776 deinceps
3356 3681 3426 3751 in
3453 3680 3583 3754 hac

761 3815 957 3899 parte
986 3804 1076 3876 de
1105 3804 1301 3875 vobis
1328 3825 1468 3874 non
1502 3803 1720 3898 possit
1757 3803 2014 3875 habere
2043 3802 2402 3874 materiam
2432 3804 2930 3896 conquerendi.

857 3928 1112 4000 Datum
1148 3927 1335 4022 apud
1363 3923 1854 4024 Scaph[usen]‚
1892 3929 1986 4001 XI
2016 3927 2356 4015 octobriS,
2391 3928 2514 3998 XV
2541 3927 2941 3998 indictione.

3729 1169 3859 1224 Apud

3656 1223 3934 1323 m:

878 4512 1302 4616 ConraduS,
1345 4512 1862 4595 Romanorum
1915 4513 1996 4595 in
2048 4539 2309 4624 regem
2348 4512 2664 4614 electuS‚
2706 4512 3093 4596 libertates
3128 4515 3584 4602 monasterio
3640 4540 3766 4596 Apud
3796 4539 3999 4594 munao.

851 4713 937 4793 (a)
982 4713 1052 4773 In
1077 4716 1364 4801 impresso
1395 4711 1628 4788 Tulin,
1659 4717 1834 4777 male.
2063 4761 2072 4766 -

926 4819 1028 4881 VI·
1074 4839 1185 4884 Pan
1206 4841 1249 4883 2.
3162 4831 3275 4883 104

3728 4594 3912 4637 octobri.
