4525 6031
815 1739 951 1781 onae,

657 1784 690 1825 ⁸
714 1783 826 1826 maii
844 1783 968 1827 124⁷.

1043 657 1169 721 920
2146 651 2773 716 AnmmussN‘rA.

1046 795 1240 867 dium
1267 792 1356 865 de
1384 801 1575 863 tanta
1602 812 1927 864 concessa
1964 791 2397 863 exultatione
2432 790 2679 862 festiva
2711 787 3072 883 suscipite;
3101 786 3409 860 arrideat
3432 787 3877 862 Urbeveteris

1045 919 1289 990 civitas
1318 914 1454 1012 (i),
1487 917 1743 989 dentur
1766 937 2012 987 manus
2033 916 2126 987 ad
2144 917 2399 1005 celum,
2443 903 2722 988 laudem
2771 912 2986 985 corda
3036 912 3465 1008 concipiant,
3521 934 3645 986 ora
3686 935 3875 987 reso-

1046 1050 1255 1128 nent,
1308 1050 1379 1111 et
1417 1040 1678 1132 gratias
1735 1041 1983 1131 dignas
2029 1040 2244 1131 digno
2292 1039 2515 1113 ludici
2564 1039 2985 1126 referamus,
3021 1036 3143 1130 qui
3168 1037 3439 1130 justitie
3471 1037 3874 1112 defensores

1049 1166 1357 1236 munitos
1376 1164 1644 1255 justitia
1676 1175 1746 1236 et
1776 1186 1904 1259 pro
1928 1164 2194 1255 justitia
2226 1185 2356 1236 nos
2372 1164 2539 1235 iecit
2565 1184 2717 1236 esse
2752 1163 3077 1235 victores.

1156 1704 1618 1810 FridericuS,
1659 1702 2180 1785 Romanorum
2231 1700 2674 1810 imperator,
2721 1699 2812 1782 B.
2855 1701 2950 1783 de
2985 1698 3270 1783 Palude
3324 1697 3519 1782 sacri
3573 1696 3870 1808 imperii

1049 1864 1096 1920 a
1158 1837 1390 1947 Papia
1448 1834 1795 1945 superius
1861 1833 2141 1918 vicario
2202 1834 2521 1919 mandat
2578 1845 2665 1916 ut
2720 1833 2918 1918 cives
2976 1832 3413 1942 Papienses,
3454 1832 3519 1914 si
3564 1827 3872 1915 necesse

1048 1970 1317 2075 fuerit,
1366 1970 1837 2078 constringat
1890 1967 1988 2049 ad
2034 1994 2350 2051 censum
2387 1993 2524 2076 per
2565 1993 2696 2051 eos
2747 1993 2889 2077 pro
2924 1967 3094 2050 loco
3120 1965 3370 2050 Besati
3405 1960 3872 2049 monasterio

1050 2103 1304 2187 Sancti
1344 2103 1754 2187 Salvatoris
1789 2101 1885 2183 de
1920 2101 2155 2210 Papia
2189 2099 2532 2183 debitum
2568 2099 3140 2183 exsolvendum.

1211 2318 1457 2396 (Inedit.
1487 2334 1563 2377 ex
1595 2321 1761 2395 copia
1792 2317 2131 2378 authentica
2161 2317 2236 2377 de
2271 2333 2430 2377 anno
2463 2325 2640 2389 1247,
2676 2325 2738 2377 ιι
2776 2317 2916 2376 maii
2952 2316 3110 2394 apud
3141 2315 3415 2393 Papiam,
3445 2330 3630 2394 quam
3661 2312 3868 2377 nobis·

1284 2442 1421 2484 cum
1448 2426 1909 2484 communicavit
1933 2423 2010 2482 cl.
2043 2422 2543 2483 vir-Boehmerus.
2575 2422 2671 2482 Cf.
2700 2429 3120 2500 argumentum
3155 2420 3318 2499 quod
3353 2437 3536 2499 supra
3560 2420 3866 2493 dedimus,

1285 2549 1345 2609 p.
1380 2531 1540 2607 532.)

1067 2685 1074 2696 ’
1140 2714 1708 2808 FridericuS‚Dei
1740 2716 1973 2809 gracia
2008 2718 2475 2788 Romanorum
2508 2713 2915 2810 imperator,
2947 2736 3223 2810 semper
3251 2723 3631 2808 augustus,
3663 2714 3865 2790 Ieru-

1043 2842 1262 2914 salem
1312 2851 1384 2913 et
1426 2840 1654 2912 Sicilie
1699 2861 1867 2931 rex,
1920 2841 1999 2911 B.
2041 2837 2147 2936 (2)
2180 2838 2271 2911 de
2317 2838 2618 2927 Palude,
2666 2839 2843 2910 sacri
2886 2838 3153 2933 imperii
3184 2837 3275 2911 de
3302 2838 3512 2934 Papia
3543 2840 3865 2936 superius

1040 2965 1304 3057 vicario
1328 3019 1348 3057 ,
1396 2962 1587 3038 fideli
1617 2986 1745 3036 suo
1767 3015 1787 3054 ,
1830 2963 2126 3057 gratiam
2154 2984 2352 3035 suam
2381 2972 2452 3035 et
2481 2962 2738 3034 bonam
2771 2962 3229 3035 voluntatem.
3262 2961 3633 3049 Querelam
3654 2984 3867 3039 vene·

1031 3090 1279 3162 ,rabilis
1321 3088 1594 3161 abbatis
1639 3097 1711 3159 et
1753 3097 2140 3160 conventus
2178 3086 2577 3160 monasterii
2622 3086 2856 3157 Sancti
2888 3086 3265 3158 Salvatoris
3291 3085 3382 3159 de
3413 3086 3666 3183 Papia,
3696 3107 3867 3167 nos.-

1047 3223 1308 3284 trorum
1355 3211 1704 3302 fidelium,
1759 3211 2147 3306 recepimus
2189 3211 2661 3283 continentem
2710 3210 2901 3304 quod
2935 3232 3096 3282 cum
3141 3232 3513 3284 commune
3562 3212 3866 3305 civitatis

1043 3336 1252 3430 Papie
1313 3334 1675 3407 occasione
1726 3333 1866 3404 ficti
1913 3354 2041 3429 pro
2086 3335 2240 3405 loco
2295 3333 2550 3422 Besati,
2603 3333 2946 3405 territorio
2987 3343 3060 3405 et
3113 3332 3267 3407 aliis
3300 3334 3514 3407 rebus
3544 3335 3862 3427 ejusdem

1045 3469 1366 3530 teneatur
1407 3458 1508 3528 eis
1548 3456 1830 3528 nomine
1882 3456 2047 3528 dicti
2104 3457 2501 3528 monasterii
2553 3458 2624 3527 in
2668 3468 2858 3530 certa
2890 3457 3182 3551 pecunie
3212 3457 3637 3551 quant-itate,
3664 3480 3861 3533 com·

1040 3603 1254 3654 mune
1300 3581 1527 3675 ipsum
1572 3578 1831 3650 nedum
1887 3579 1986 3650 eis
2038 3564 2406 3674 pecuniam
2458 3580 2681 3675 ipsam
2734 3591 3063 3675 procurat
3119 3583 3487 3674 exolvere,
3530 3582 3660 3656 sed
3688 3583 3863 3658 alias
3916 3568 3923 3579 ’

1040 3726 1254 3801 super
1284 3724 1551 3775 summa
1586 3702 1882 3797 pecunie
1910 3723 2121 3795 quam
2157 3704 2347 3775 omni
2382 3725 2569 3775 anno
2600 3725 2730 3799 pro
2765 3726 2889 3776 sue
2922 3705 3300 3778 voluntatis
3323 3704 3610 3789 arbitrio
3636 3706 3732 3780 ab
3757 3706 3863 3801 eis

1040 3827 1429 3901 exactionis
1453 3827 1815 3900 occasione
1844 3826 2163 3920 requirit,
2185 3826 2372 3921 ipsos
2404 3828 2779 3923 plurimum
2809 3839 3143 3921 aggravat
3166 3838 3238 3901 et
3268 3820 3618 3923 molestat,
3636 3852 3857 3925 recu-

1036 3974 1203 4026 sans
1232 3974 1388 4025 eam
1414 3971 1869 4047 compensare
1897 3950 1969 4022 in
2002 3951 2391 4044 quantitate
2415 3951 2631 4024 debiti
2663 3951 3066 4047 supradicti.
3086 3954 3375 4049 Propter
3388 3951 3584 4047 quod
3608 3952 3860 4053 damus

1039 4075 1403 4172 potestati,
1440 4075 1769 4148 conscilio
1796 4084 1868 4147 et
1890 4074 2119 4146 eidem
2138 4070 2490 4146 communi
2508 4075 2823 4170 Papiensi
2847 4076 3102 4148 nostris
3122 4076 3366 4149 litteris
3387 4076 3855 4175 inmandatis,

1036 4208 1145 4292 ut,
1178 4199 1239 4273 si
1271 4209 1378 4272 est
1406 4200 1541 4290 ita,
1584 4200 1700 4271 vel
1742 4198 2053 4272 debitum
2081 4198 2471 4293 predictum
2500 4198 2572 4268 in
2601 4220 2742 4293 quo
2766 4198 3092 4294 predictis
3118 4199 3354 4273 abbati
3381 4211 3454 4274 et
3480 4202 3857 4295 conventui

1107 4478 1127 4543 (
1138 4476 1185 4549 Ι)
1225 4474 1468 4533 Forsitan
1488 4473 1659 4546 agitur
1675 4472 1746 4529 de
1767 4472 2003 4545 quadam
2030 4472 2254 4529 victoria
2276 4472 2347 4530 ab
2366 4472 2690 4546 imperatore
2720 4473 2790 4531 de
2809 4474 3083 4531 Perusinis
3100 4474 3187 4532 vel
3203 4474 3320 4533 aliis
3341 4475 3635 4533 rebellibus
3658 4492 3853 4550 repor-

1034 4579 1167 4640 tata,
1206 4580 1449 4646 tempore
1476 4584 1584 4643 quo
1617 4584 1650 4627 a
1677 4585 1842 4640 regno
1867 4567 2074 4625 Siciliae
2100 4569 2169 4626 ad
2195 4576 2379 4643 partes
2405 4569 2628 4626 Tusciae
2651 4576 2707 4626 et
2727 4569 3078 4629 Lombardiae
3118 4571 3221 4628 iter
3247 4570 3462 4629 iaceret.
3506 4572 3696 4630 Annus
3720 4588 3852 4631 vero

1035 4672 1177 4726 ⁴247
1204 4669 1271 4725 ad
1298 4668 1351 4724 id
1379 4666 1579 4740 optime
1609 4665 1877 4722 convenit.

1104 4767 1176 4840 (2)
1212 4764 1426 4822 Scilicet
1452 4763 1831 4828 Bonaoursus;
1850 4761 2034 4821 littera
2059 4762 2278 4821 initialis
2304 4778 2444 4837 quae
2470 4777 2633 4836 supra
2658 4770 2914 4821 exaratur
2933 4765 2993 4823 P.
3027 4764 3339 4840 corrigenda
3360 4772 3472 4824 est.
