4525 6031
1035 673 1165 736 994
1962 677 2216 737 mni-:x
2267 675 2976 737 DOCUMENTORUM.

1065 873 1291 949 1248

1047 980 1317 994 ἡ

1896 1006 2054 1067 cedit
2077 1010 2147 1065 ut
2173 1004 2409 1065 cuidam
2437 1004 2736 1065 Parmensi
2763 1004 3002 1064 nomine
3029 1002 3217 1065 Cervo
3256 995 3333 1064 de
3370 1003 3697 1067 redditibus
3736 1022 3879 1069 suae

1892 1105 2172 1164 ecclesiae
2196 1102 2511 1163 subvenire
2536 1117 2655 1161 non
2688 1103 2957 1179 cogatur.
3758 1113 3875 1166 608

1065 1191 1102 1256 '6
1126 1198 1288 1256 maii.
1397 1191 1741 1257 Cremonae.
1812 1201 2003 1262 —-B.
2054 1201 2129 1261 de
2170 1193 2394 1260 Paluda
2424 1212 2461 1258 a
2507 1200 2688 1275 Papia
2728 1199 3000 1276 superius
3032 1195 3256 1258 vicano
3302 1189 3533 1275 imperii
3576 1199 3875 1279 querelam

1892 1298 2231 1358 monasterii
2265 1296 2465 1356 Sancti
2501 1289 2821 1357 Salvatorls
2852 1294 2927 1355 de
2970 1289 3154 1372 Papia
3190 1298 3571 1372 transmittit,
3610 1314 3730 1375 qna
3776 1298 3875 1360 hic

1893 1399 2222 1453 conventus
2250 1392 2326 1451 ab
2354 1390 2694 1451 hominibus
2720 1391 2794 1451 de
2816 1390 3236 1469 Basereguccio
3260 1396 3321 1452 et
3347 1391 3691 1453 Frivonaria
3719 1411 3871 1471 quo-

1065 1460 1295 1536 124ss
1891 1489 2161 1549 rumdam
2190 1490 2486 1549 detiorum
2514 1488 2862 1546 solutionem
2890 1490 3165 1563 requirit,
3195 1494 3311 1547 ete.
3755 1498 3871 1550 985

1040 1595 1074 1646 3
1115 1588 1312 1647 octob.
1415 1589 1724 1651 Cortonae.
1811 1583 2142 1645 Pudor-icus
2169 1583 2238 1643 de
2259 1582 2588 1658 Antiochia,
2612 1581 3173 1663 imperatorisfilius,
3197 1585 3354 1644 sacri
3375 1583 3609 1663 imperti
3629 1585 3698 1644 in
3725 1586 3871 1646 Tus·

1892 1684 2011 1754 cia,
2053 1689 2188 1755 cuz,
2221 1681 2473 1741 vicarius
2515 1678 2819 1762 qeneralis,
2859 1683 3061 1758 vigore
3091 1683 3483 1742 concessionis
3514 1687 3575 1743 et
3608 1683 3871 1744 mandati

1890 1781 2259 1854 imperatoris
2278 1778 2560 1838 Frideriei
2585 1779 2767 1854 patris
2795 1779 2909 1848 sui,
2932 1777 3249 1853 quemdam
3282 1779 3471 1838 civem
3492 1779 3742 1839 Tusciae
3759 1797 3870 1855 pa·

1887 1876 2109 1935 blicum
2136 1875 2511 1935 tabellionem
2539 1877 2600 1934 in
2630 1877 2875 1951 imperlo
2902 1876 3230 1935 constituit.
3752 1885 3869 1936 594

1035 1970 1072 2029 «i
1123 1961 1308 2032 octob.
1401 1966 1710 2041 Cortonae.
1810 2006 1889 2018 —
1929 1971 2313 2033 Constantino
2353 1974 2428 2033 de
2472 1971 2669 2033 Sicilia
2707 1973 2928 2032 vicario
2962 1975 3026 2031 in
3068 1973 3354 2032 comitatu
3394 1969 3679 2033 Senarum
3712 1976 3874 2035 vices

1887 2086 2025 2129 suas
2053 2071 2372 2129 committit
2396 2085 2502 2145 pro
2530 2065 2873 2128 executione
2904 2068 3165 2129 mandati
3187 2070 3507 2146 imperialis
3528 2086 3646 2146 quo
3673 2070 3864 2130 abba-

1886 2169 1973 2226 tia
1995 2167 2195 2227 Sancti
2225 2166 2549 2226 salvatoris
2580 2165 2655 2224 de
2691 2163 2895 2225 Monte
2927 2165 3164 2226 Amiato
3203 2167 3266 2225 in
3302 2168 3666 2242 possessione
3696 2168 3867 2227 deci-—

1884 2276 2118 2319 marum
2146 2260 2322 2318 castri
2352 2258 2572 2318 Montis
2598 2257 2763 2335 Nigri
2786 2261 3063 2318 mittitur.
3750 2267 3865 2321 ⁴58

1066 2364 1125 2416 1⁶
1151 2357 1281 2419 dec.
1423 2359 1713 2424 Malliani.
1815 2389 1888 2401 —
1926 2357 2245 2417 Thomasio
2299 2356 2373 2415 de
2424 2355 2636 2433 Ophen
2691 2357 2996 2431 capitaneo
3044 2357 3204 2415 vices
3251 2368 3392 2415 suas
3437 2357 3753 2416 committit
3794 2358 3869 2418 ad

1883 2454 2290 2513 executionem
2320 2451 2624 2527 cuiusdam
2653 2450 2973 2525 imperialis
3001 2452 3261 2510 mandati
3289 2466 3397 2526 pro
3426 2451 3641 2512 abbate
3665 2452 3871 2513 Sancti

1066 2514 1286 2590 1247
1884 2550 2207 2611 Salvatoris
2237 2549 2312 2608 de
2343 2550 2546 2608 Monte
2574 2547 2812 2607 Amiato
2841 2547 2955 2608 sibi
2983 2548 3334 2607 transmissi.
3749 2553 3868 2609 419

1055 2647 1087 2704 8
1112 2646 1289 2722 junii.
1404 2647 1474 2709 In
1506 2651 1714 2711 castris
1807 2679 1885 2691 —
1924 2647 2137 2708 Comiti
2181 2646 2438 2707 Gnidoni
2488 2647 2760 2721 potestati
2798 2644 2984 2705 Aretii
3033 2642 3280 2704 mandat
3323 2648 3394 2703 ut
3444 2643 3747 2720 prohibeat
3791 2661 3867 2706 ne

1341 2749 1399 2806 in
1457 2747 1777 2822 depopula-
1884 2744 2125 2820 quidam
2156 2744 2411 2820 judices,
2436 2756 2473 2802 a
2500 2739 2836 2802 Marcellino
2864 2743 3137 2818 episcopo
3173 2741 3416 2800 Aretino
3450 2742 3679 2817 imperii
3717 2759 3866 2819 pro-

1340 2845 1500 2904 tione
1526 2841 1772 2907 Perusii.
1882 2839 2071 2900 ditore
2099 2841 2381 2916 delegati,
2412 2839 2682 2899 abbatem
2713 2845 2772 2898 et
2799 2844 3160 2898 conventum
3196 2836 3448 2897 Sanctae
3477 2837 3685 2898 Florae
3720 2841 3866 2901 Are·

1884 2939 2042 2997 tinae
2070 2954 2244 3013 super
2271 2938 2620 2996 alienatione
2644 2935 2936 2996 bonorum
2966 2931 3235 2996 abbatiae
3260 2933 3524 3011 ejusdem
3556 2936 3868 2997 molestare

1884 3041 2284 3111 praesumant.
3746 3036 3862 3094 ⁵88

1061 3126 1284 3207 [julia]
1346 3176 1362 3192 .
1430 3178 1445 3194 .
1493 3177 1512 3195 .
1561 3178 1576 3192 .
1627 3180 1644 3197 .
1692 3178 1710 3196 .
1755 3180 1771 3197 .
1805 3163 1884 3177 —
1922 3128 2195 3206 Receptis
2220 3131 2432 3190 litteris
2458 3128 2656 3189 fratris
2684 3129 2777 3188 sui
2811 3129 2969 3204 regis
2996 3128 3233 3187 Henrici
3257 3122 3577 3204 imperialis
3605 3131 3668 3188 in
3695 3128 3869 3189 Italia

1885 3228 2091 3304 legati,
2122 3226 2476 3303 quibusdam
2503 3225 2777 3284 fidelibus
2803 3223 3048 3283 mandat
3072 3228 3142 3283 ut
3167 3240 3365 3283 secum
3393 3224 3470 3284 ad
3495 3223 3864 3286 obsidionem

1058 3294 1281 3370 1248
1883 3322 2130 3383 Parmae
2155 3323 2419 3382 celeriter
2444 3324 2710 3383 veniant.
3745 3332 3862 3384 558

1035 3424 1103 3480 21
1161 3421 1306 3484 febr.
1381 3420 1733 3486 morentiae.
1806 3453 1883 3465 —
1923 3419 2142 3497 vigore
2167 3423 2556 3480 concessionis
2583 3426 2643 3479 et
2667 3417 2932 3479 mandati
2958 3420 3324 3495 imperatoris
3348 3420 3531 3494 patris
3554 3421 3670 3496 sui,
3696 3419 3861 3481 Gon-

1885 3516 2069 3575 latum
2110 3514 2303 3575 iillum
2349 3516 2560 3592 Acapti
2605 3516 2979 3576 deCortona
3018 3514 3322 3592 publicum
3366 3514 3740 3575 tabellionem
3798 3518 3863 3577 in

1881 3613 2124 3688 imperio
2153 3615 2377 3673 statuit.
3745 3620 3858 3673 598

1060 3713 1096 3770 9
1120 3708 1276 3786 julii.
1459 3708 1650 3777 Senis.
1801 3742 1881 3753 -
1922 3708 2246 3770 Confitetur
2287 3726 2350 3770 se
2391 3709 2813 3770 mercatoribus
2848 3704 3203 3769 Senensibus
3246 3709 3363 3768 tria
3414 3708 3600 3769 millia
3633 3724 3860 3770 marca-

1880 3820 2014 3866 rum
2041 3808 2266 3883 argenti
2300 3806 2537 3877 debere,
2568 3806 2645 3866 ad
2675 3823 2926 3883 quarum
2961 3806 3313 3865 solutionem
3342 3822 3443 3883 per
3468 3806 3731 3883 amplum
3753 3824 3862 3868 se-

1879 3905 2146 3963 curitatis
2174 3905 2632 3962 instrumentum
2662 3918 2725 3962 se
2751 3902 2995 3979 obligat.
3742 3912 3859 3965 936

1053 4004 1122 4056 13
1152 4010 1290 4075 aug.
1377 4002 1725 4065 FlorentIae.
1801 4032 1879 4044 —
1922 3998 2139 4076 vigore
2176 4000 2571 4058 concessionis
2608 3998 2684 4057 ab
2732 3999 3080 4073 imperatore
3119 4004 3285 4074 patre
3325 4014 3433 4058 suo
3477 3998 3591 4058 sibi
3633 3999 3855 4077 factae,

1879 4092 2198 4173 quemdam
2240 4096 2486 4157 Tusciae
2524 4096 2710 4154 civem
2753 4093 3055 4170 publicum
3092 4094 3464 4156 tabellionem
3500 4098 3564 4155 in
3609 4098 3859 4172 imperio

1879 4189 2201 4253 constituit.
3741 4200 3857 4253 59⁴

1029 4290 1105 4346 29
1159 4303 1300 4346 nov.
1361 4292 1750 4355 Podiibonizi.
1797 4322 1879 4335 —
1918 4291 2182 4351 Mattheo
2221 4291 2451 4351 notario
2486 4288 2560 4349 de
2597 4288 2809 4350 Sancto
2847 4288 3084 4362 Quirico
3121 4289 3367 4348 mandat
3404 4287 3564 4365 qnod
3602 4290 3857 4364 inquisi-

1875 4389 2098 4448 tionem
2125 4387 2426 4465 quondam
2456 4386 2674 4446 factam
2704 4386 2779 4446 ad
2806 4387 3248 4463 requisitionem
3284 4384 3516 4445 abbatis
3550 4387 3625 4445 de
3655 4385 3858 4446 Monte

1875 4484 2109 4543 Amiato
2139 4499 2315 4559 snper
2350 4486 2585 4560 negotio
2622 4487 2865 4544 mercati
2902 4483 3087 4560 plebis
3113 4483 3188 4542 de
3222 4481 3464 4558 Amole‚
3498 4482 3759 4558 publicet
3796 4489 3858 4543 et

1054 4544 1279 4624 1249
1878 4578 2142 4653 partibus
2168 4581 2447 4656 assignet.
3736 4587 3852 4639 667

1028 4655 1240 4664 --————
1251 4658 1290 4664 .—

1033 4684 1088 4735 ι’
1116 4680 1297 4754 junii.
1372 4676 1724 4738 Florentiae.
1797 4704 1879 4717 —
1915 4672 2135 4733 Jacobo
2160 4676 2390 4734 notario
2429 4668 2500 4734 de
2529 4673 2785 4735 Abbatia
2818 4674 3061 4734 mandat
3099 4680 3167 4733 ut
3183 4676 3361 4750 Juxta
3387 4679 3651 4735 tenorem
3678 4690 3853 4734 man-

1875 4772 2000 4833 dati
2027 4775 2344 4851 imperialis
2367 4776 2809 4836 universitatem
2827 4775 2902 4836 de
2929 4774 3245 4835 Arcidosso
3269 4781 3330 4835 et
3350 4775 3625 4835 abbatem
3651 4776 3856 4836 Sancti
