4525 6031
1775 658 2402 721 ADDITAMENTA.
3385 662 3508 724 935

678 785 897 902 phum
939 801 1038 873 sic
1074 807 1396 897 potenter
1431 796 1809 893 procedere
1842 796 2132 870 valeatis
2176 796 2370 891 quod
2407 796 2501 870 ad
2538 796 3063 869 retributionem
3109 797 3507 871 munificam

684 949 897 1021 quam
928 934 1216 1021 propter
1248 923 1382 995 hec
1418 932 1490 994 et
1519 923 1655 995 alia
1700 930 1930 994 vestre
1970 921 2359 993 devotionis
2399 921 2733 1015 obsequia
2779 921 3008 992 stabili
3053 933 3286 993 mente
3335 944 3506 995 con-

686 1050 1026 1145 cepimuS,
1061 1070 1188 1144 per
1224 1045 1602 1118 efficaciam
1634 1053 2026 1117 vestrorum
2058 1065 2350 1138 operum
2381 1044 2709 1115 libentius
2740 1043 3176 1115 inducamur.
3211 1045 3508 1117 Securos

688 1175 875 1246 enim
918 1192 1048 1246 vos
1087 1191 1240 1243 esse
1276 1171 1600 1243 volumus
1645 1168 1870 1262 quod,
1911 1169 2089 1238 sicut
2127 1177 2517 1239 vestrorum
2554 1167 2935 1260 quemlibet
2962 1167 3033 1237 in
3064 1168 3318 1239 nostris
3353 1191 3513 1240 ser-

685 1297 873 1370 vitiis
912 1296 1098 1368 vires
1138 1304 1210 1366 et
1247 1294 1519 1367 animos
1562 1292 1879 1389 proprios
1924 1313 2253 1363 exercere
2297 1291 2722 1380 videbimuS,
2764 1290 2861 1363 sic
2899 1300 2968 1363 et
3013 1291 3084 1361 in
3127 1293 3512 1385 quemlibet

686 1419 1120 1494 liberalitatis
1148 1428 1384 1490 nostre
1422 1417 1786 1490 dexteram
1821 1415 2429 1511 proportionaliter
2459 1413 2947 1487 extendemus.

800 1950 1282 2035 Innocentius
1329 1977 1531 2060 papa
1584 1950 1957 2060 episcopis
2009 1951 2539 2060 Ratisponensi
2593 1963 2668 2034 et
2719 1952 3150 2036 Missinensi
3201 1955 3519 2036 mandat
3600 1964 3912 2064 ιὲζξξῃῑῶ,

695 2086 905 2194 quod
940 2085 1019 2165 in
1056 2095 1454 2192 magnates
1495 2084 1712 2193 regni
1749 2084 2157 2166 Bohemiae
2185 2110 2410 2193 agere
2445 2085 2771 2168 debeant
2796 2086 2962 2194 qui,
2997 2112 3220 2168 cruce
3253 2096 3521 2169 contra

695 2216 1163 2300 Fridericum
1199 2218 1592 2326 quondam
1630 2217 2163 2325 imperatorem
2202 2229 2625 2325 assumpta,
2659 2219 2757 2300 ad
2794 2230 3046 2327 partes
3083 2218 3248 2327 ejus
3276 2219 3523 2301 redie-

694 2361 876 2433 runt
936 2351 1492 2458 consiliumque
1546 2360 1622 2432 et
1675 2349 2048 2432 auxilium
2104 2349 2351 2432 eidem
2402 2350 2832 2433 conferunt.
2898 2352 2973 2433 Si
3031 2351 3515 2459 resipiscant,

697 2483 1025 2592 gratiam
1061 2493 1137 2564 et
1170 2483 1507 2566 favorem
1545 2508 1639 2565 ex
1687 2493 1901 2591 parte
1945 2483 2147 2592 regis
2201 2484 2608 2566 Bohemiae
2659 2484 2769 2566 eis
2823 2483 3261 2592 pollicetur,
3307 2484 3517 2567 alio-

677 2616 884 2724 ·quin
923 2615 1701 2698 excommunicatione
1738 2613 2278 2723 percellantur.

867 2831 1066 2910 (mid.
1100 2832 1306 2905 Mona,
1338 2830 1647 2913 anzeiger,
1685 2840 1862 2905 1838,
1892 2849 1953 2909 p.
1990 2841 2127 2906 348,
2162 2849 2236 2891 ex
2266 2832 2395 2892 cod.
2427 2832 2580 2892 Bibl.
2612 2831 2911 2904 Vatican„
2942 2842 3008 2892 n⁰
3037 2832 3245 2910 7188.)

801 3019 1056 3089 Datum
1088 3017 1435 3110 Lugduni,
1475 3017 1792 3109 kalendis
1830 3018 2022 3109 maii,
2057 3040 2244 3092 anno
2276 3015 2719 3115 pontificatus
2745 3020 2805 3092 V
2841 3015 2981 3115 (4).

2035 3306 3101 3317 ——--—-—————--—-————-—-———-——-

809 3550 1219 3661 HenricUS,
1259 3580 1393 3635 rex
1449 3552 1881 3660 Sardiniae,
1933 3557 2128 3637 sacri
2178 3556 2477 3665 imperii
2528 3557 2609 3637 in
2658 3557 2874 3640 Italia
2917 3558 3253 3667 legatuS,
3293 3557 3384 3638 B.
3432 3558 3528 3639 de
3605 3567 3911 3664 ,033⁰ffl,

703 3682 1034 3790 Palude,
1087 3711 1133 3766 a
1195 3685 1427 3793 Papia
1489 3686 1835 3794 superius
1897 3686 2178 3771 vicario
2244 3689 2586 3798 imperii,
2640 3691 3031 3799 querelam
3085 3689 3526 3772 monasterii

712 3816 965 3899 Sancti
1025 3817 1432 3902 Salvatoris
1483 3820 1579 3901 de
1633 3818 1864 3928 Papia
1919 3822 2392 3926 transmittit,
2447 3847 2604 3931 qua
2661 3833 3079 3924 conventus
3117 3822 3216 3904 ab
3252 3822 3527 3903 homi-

710 3949 938 4032 nihus
975 3951 1072 4032 de
1110 3950 1651 4060 Basereguccio
1703 3962 1779 4033 et
1820 3952 2258 4035 Frivonaria
2301 3954 2816 4062 quorumdam
2860 3954 3242 4037 datiorum
3298 3954 3528 4036 solu-

709 4079 995 4162 tionem
1050 4082 1406 4193 requirit,
1457 4108 1778 4166 monens
1832 4085 2041 4192 quod
2097 4110 2325 4193 super
2381 4084 2527 4166 ista
2580 4084 2891 4193 querela
2955 4085 3530 4195 inquisitionem

708 4210 873 4293 fieri
910 4213 1162 4297 faciat.

783 4488 858 4562 (l)
895 4489 1062 4547 Adest
1090 4491 1264 4548 altera
1297 4492 1592 4549 Innocentii
1626 4509 1800 4566 papae
1825 4492 2075 4567 epistola,
2108 4492 2234 4550 data
2262 4493 2505 4566 Lugduni
2544 4497 2613 4551 22
2643 4494 2822 4566 aprilis
2851 4498 3011 4566 ⁴2⁴9,
3043 4512 3111 4552 ex
3139 4512 3245 4569 qua
3272 4495 3531 4553 discimus

608 4626 613 4634 .
707 4586 1061 4643 Premislaum
1093 4586 1441 4659 otmarum,
1479 4589 1789 4648 wenceslai
1826 4590 1969 4663 regis
2005 4590 2291 4647 Bohemiae
2323 4589 2517 4660 filium,
2562 4591 2618 4647 in
2664 4599 2876 4664 patrem
2917 4592 3272 4650 insurrexisse
3310 4600 3368 4650 et
3406 4608 3532 4650 cum

710 4681 957 4739 Conrado
992 4683 1049 4740 in
1080 4699 1264 4758 regem
1299 4686 1661 4757 Romanorum
1699 4686 1873 4745 electo
1889 4730 1904 4759 ,
1935 4688 2074 4745 duce
2109 4688 2366 4746 Bavariae
2401 4689 2737 4763 caeterisque
2772 4690 3039 4748 Ecclesiae
3079 4690 3306 4749 inimicis
3345 4690 3534 4749 foedus

710 4792 919 4836 iniisse.
