4525 6031
1117 677 1245 741 914
2219 666 2843 731 ADmTAMENTA.

1124 824 1488 908 protegere
1536 819 1609 881 et
1648 809 1719 880 in
1758 808 1901 878 suis
1938 805 2323 879 rationibus
2363 803 2754 900 specialiter
2781 823 3227 895 conservare,
3261 815 3526 900 quanto
3551 828 3682 879 nos
3712 808 3948 883 divina

1125 935 1494 1008 clementia
1526 954 1650 1027 pre
1678 932 1832 1003 aliis
1858 931 2181 1002 omnibus
2217 928 2647 1024 principibus
2680 926 3041 999 exaltavit.

1220 1060 1474 1130 Datum
1501 1055 1691 1153 apud
1716 1055 2200 1144 Ferentinum,
2237 1053 2320 1125 VI
2360 1050 2618 1123 mensis
2646 1050 2987 1141 octobris,
3020 1050 3399 1123 indictione
3428 1054 3495 1125 X
3524 1047 3661 1149 (4).

829 1636 956 1689 [12⁴⁴
1233 1612 1639 1719 HenricuS‚
1681 1639 1815 1695 rex
1863 1612 2125 1723 Cypri,
2169 1611 2571 1718 [Friderico
2617 1611 3138 1694 Romanorum
3183 1611 3646 1721 imperatori]
3686 1612 3947 1695 scribit

708 1701 827 1733 anuo
849 1687 1075 1740 saeuum]

1124 1746 1220 1828 de
1256 1744 1879 1855 lacrymabilibus
1917 1747 2191 1828 Terrae
2230 1747 2548 1828 Sanctae
2583 1743 3016 1850 eventibuS,
3057 1745 3451 1854 requirens
3493 1756 3581 1828 ut
3614 1746 3712 1828 de
3745 1771 3945 1855 pro-

1125 1879 1366 1987 speris
1406 1879 1564 1962 suis
1600 1879 2011 1962 rescribere
2046 1878 2250 1961 velit.

1284 2091 1534 2170 (Inedit.
1565 2109 1640 2153 ex
1670 2091 1804 2152 cod.
1837 2091 1991 2152 Bibl.
2023 2092 2219 2153 Cesar.
2251 2091 2590 2151 vindobon.
2623 2087 2959 2172 Philoloqus
2984 2092 3175 2164 dicto,
3205 2102 3271 2152 n⁰
3301 2100 3449 2165 383,
3480 2091 3584 2154 fol.
3618 2101 3692 2154 22
3724 2093 3940 2170 verso.)

1216 2277 1814 2352 Excellentissimo
1835 2330 1855 2366 ,
1911 2289 2081 2368 etc.,
2142 2278 2349 2374 Cypri
2402 2300 2567 2370 rex,
2625 2289 2763 2351 etc.
2812 2278 3155 2363 Quoniam
3203 2279 3551 2352 continuis
3586 2280 3946 2353 desideriis

1120 2405 1522 2476 affectamus
1575 2401 1817 2472 audire
1867 2401 2141 2474 votivos
2191 2423 2553 2473 successus
2595 2399 2945 2492 magnifici
2985 2411 3205 2473 status
3234 2403 3490 2494 vestri,
3544 2404 3742 2494 cujus
3783 2426 3943 2498 pro·

1121 2529 1417 2624 speritas
1460 2526 1554 2598 ad
1595 2546 1919 2616 magnam
1969 2525 2446 2596 indubitanter
2487 2525 3035 2596 consolationem
3074 2525 3358 2597 cederet
3397 2527 3945 2621 lacrymabilium

1122 2663 1503 2724 eventuum
1534 2650 1741 2721 Terre
1769 2651 2018 2720 Sancte
2051 2645 2182 2743 (2),
2213 2648 2639 2741 imperialem
2672 2648 3157 2719 excellentiam
3187 2658 3493 2720 vestram
3528 2650 3780 2721 affectu
3806 2672 3947 2742 quo

1124 2795 1493 2868 possumus
1522 2772 1973 2867 imploramus
2023 2781 2371 2864 quatenus
2415 2791 2787 2865 prosperos
2831 2792 3064 2842 rerum
3101 2793 3239 2865 que
3271 2772 3452 2843 circa
3483 2793 3610 2844 vos
3645 2784 3949 2866 aguntur

1124 2908 1455 2989 eventuS,
1510 2918 1689 2991 quos
1743 2894 2295 2966 indesinentibus
2356 2903 2677 2988 optamus
2738 2895 3135 2989 prospicere
3199 2896 3680 2987 incrementis,
3747 2898 3949 2970 nobis

1124 3024 1359 3117 sepius
1389 3042 1517 3117 per
1550 3018 2048 3092 desiderabiles
2097 3028 2365 3090 vestras
2409 3018 2674 3090 litteras
2719 3017 3106 3112 significare
3151 3020 3418 3111 velitis,
3462 3031 3696 3093 vestra
3729 3022 3947 3095 bene·

1126 3146 1379 3241 placita
1418 3154 1489 3216 et
1519 3144 1847 3216 mandata
1898 3141 2313 3214 fiducialiter
2354 3142 2832 3234 injungentes3
2867 3143 3161 3214 scientes
3193 3143 3385 3237 quod
3415 3145 3486 3214 in
3513 3147 3948 3219 confectione

1126 3267 1555 3361 presentium
1619 3267 1824 3361 plena
1875 3265 2282 3356 vigebamus
2341 3285 2464 3359 per
2520 3264 2645 3335 Dei
2692 3265 2984 3357 gratiam
3035 3267 3345 3362 corporis
3390 3268 3752 3364 sospitate3
3813 3268 3947 3342 boc

1130 3387 1317 3458 idem
1353 3387 1725 3458 affectuose
1770 3387 1858 3458 de
1899 3397 2133 3458 vestra
2185 3385 2695 3480 magnificentia
2732 3387 3207 3460 desiderantes
3237 3388 3480 3462 audire
3517 3400 3590 3462 et
3612 3391 3946 3465 affectuo-

1125 3511 1305 3600 sius,
1359 3510 1416 3581 si
1459 3509 1785 3605 possibile
1840 3511 2058 3600 foret,
2106 3511 2584 3605 corporalibus
2632 3512 2853 3583 oculis
2896 3512 3178 3584 intueri.
3230 3514 3499 3586 Statum
3537 3536 3708 3587 vero
3734 3517 3946 3589 Terre

1197 3818 1271 3892 (4)
1307 3817 1531 3874 Indictio
1554 3815 1625 3872 111
1648 3829 1769 3873 esse
1790 3814 2013 3873 deberet
2038 3830 2181 3889 quae
2203 3830 2347 3874 anno
2373 3817 2512 3873 4244
2535 3816 2837 3875 conveniat.
2866 3816 3047 3886 Quum
3083 3834 3211 3875 vero
3245 3825 3370 3877 uota
3401 3818 3779 3892 chronologica
3807 3835 3947 3895 quae

1126 3916 1196 3974 ad
1222 3932 1422 3973 annum
1450 3915 1580 3970 4224
1617 3912 1701 3969 vel
1721 3915 1861 3969 4236
1884 3927 1945 3969 se
1969 3913 2134 3970 refert
2151 3912 2356 3973 admitti
2380 3928 2487 3969 non
2514 3912 2705 3986 possit,
2729 3929 2930 3969 annum
2954 3915 3093 3972 4244
3121 3930 3228 3972 non
3250 3915 3369 3973 siue
3395 3915 3728 3974 dubitatione
3750 3932 3947 3992 propo—

1125 4013 1334 4084 nimus,
1376 4027 1485 4085 quo
1523 4018 1762 4083 tempore
1795 4025 1982 4067 mense
2015 4008 2220 4067 octobri
2255 4008 2562 4067 Fridericus
2596 4009 2883 4083 imperator
2927 4010 2985 4066 in
3021 4010 3332 4084 capitanata
3370 4012 3701 4070 morabatur.
3738 4013 3948 4072 Feren-

1125 4112 1299 4169 tinum
1326 4108 1473 4167 enim
1497 4107 1769 4165 credimus
1811 4121 1933 4164 esse
1964 4105 2141 4163 locum
2176 4106 2271 4180 qui
2313 4105 2511 4163 dicitur
2548 4121 2763 4179 quoque
2803 4106 3168 4165 Florentinum
3196 4107 3352 4181 juxta
3383 4109 3683 4166 Luceriam.
3726 4109 3949 4168 Referre

1126 4214 1308 4266 tamen
1337 4205 1462 4263 licet
1483 4205 1554 4262 ad
1580 4220 1706 4261 ann.
1732 4204 1894 4275 4244,
1923 4219 2031 4277 quo
2058 4203 2220 4260 etiam
2246 4218 2434 4260 mense
2459 4202 2664 4260 octobri
2687 4202 2988 4261 Fridericus
3011 4203 3067 4260 in
3091 4204 3343 4279 Apuliam
3367 4204 3543 4289 rediit.

1198 4305 1273 4378 (2)
1311 4304 1391 4360 De
1412 4302 1619 4360 excidio
1637 4301 1960 4372 Jerusalem,
1986 4299 2411 4357 Kharismiorum
2436 4300 2714 4357 invasione
2737 4306 2793 4356 et
2814 4299 2968 4358 clade
2993 4300 3406 4358 christianorum
3424 4301 3565 4376 apud
3579 4302 3783 4360 Gazam
3806 4318 3950 4361 nuuc

1125 4402 1214 4475 agi
1241 4399 1585 4467 arbitramur,
1612 4397 1903 4471 praecipue
1933 4411 2058 4452 cum
2087 4396 2308 4453 nuntius
2335 4396 2401 4452 Δ.
2429 4394 2573 4452 bunc
2601 4410 2722 4453 esse
2754 4395 2997 4452 videatur
3027 4396 3367 4469 Amulphum
3392 4398 3547 4471 cujus
3576 4399 3779 4456 mentio
3805 4397 3865 4455 fit
3891 4397 3950 4455 in

1128 4497 1356 4573 epistole
1378 4495 1736 4571 praelatorum
1762 4494 1962 4550 Terrae
1990 4492 2254 4564 Sanctae,
2282 4508 2372 4565 ep.
2398 4493 2553 4549 Matt.
2588 4492 2769 4563 Paris,
2796 4509 2854 4566 p.
2877 4493 3002 4550 428.
3027 4493 3111 4549 Ad
3140 4508 3343 4550 annum
3369 4495 3510 4552 4247
3534 4497 3623 4553 vel
3650 4498 3821 4567 4248,
3850 4495 3951 4553 has

1126 4593 1334 4652 litteras
1360 4592 1700 4667 reponendas
1725 4589 1938 4647 censuit
1964 4589 2043 4646 De
2059 4591 2174 4646 Mas
2196 4590 2402 4660 Latrie,
2429 4590 2574 4648 Hm.
2595 4588 2658 4646 de
2685 4588 2917 4663 Ghypre,
2936 4591 3187 4662 bocum„
3213 4596 3255 4647 t.
3281 4592 3326 4660 1,
3352 4608 3410 4665 p.
3440 4594 3531 4664 37,
3559 4592 3664 4651 hoc
3689 4600 3951 4651 causatus

1126 4691 1271 4765 quod
1293 4697 1416 4764 post
1435 4704 1639 4747 annum
1663 4689 1802 4744 4233
1827 4702 1924 4743 rex
1944 4686 2103 4761 Cypri
2125 4686 2331 4745 nullum
2353 4701 2479 4744 cum
2497 4686 2820 4760 imperatore
2833 4687 3102 4746 Friderico
3115 4688 3501 4747 commercium
3521 4687 3791 4747 habuerit.
3812 4690 3950 4747 Rem

1127 4793 1310 4847 tamen
1334 4786 1510 4844 adhuc
1535 4787 1591 4843 in
1616 4784 1869 4859 ambiguo
1895 4782 2178 4843 habemus.
