<?xml version="1.0" encoding="UTF-8"?>
<!DOCTYPE html PUBLIC "-//W3C//DTD XHTML 1.0 Transitional//EN"
    "http://www.w3.org/TR/xhtml1/DTD/xhtml1-transitional.dtd">
<html xmlns="http://www.w3.org/1999/xhtml" xml:lang="en" lang="en">
 <head>
  <title>
</title>
<meta http-equiv="Content-Type" content="text/html;charset=utf-8" />
  <meta name='ocr-system' content='tesseract 3.04.00' />
  <meta name='ocr-capabilities' content='ocr_page ocr_carea ocr_par ocr_line ocrx_word'/>
</head>
<body>
  <div class='ocr_page' id='page_1' title='image "./historiadiploma01empegoog_0294.png"; bbox 0 0 4525 6031; ppageno 0'>
   <div class='ocr_carea' id='block_1_1' title="bbox 787 1734 1026 1822">
    <p class='ocr_par' dir='ltr' id='par_1_1' title="bbox 787 1734 1026 1822">
     <span class='ocr_line' id='line_1_1' title="bbox 894 1734 1026 1776; baseline 0 -10"><span class='ocrx_word' id='word_1_1' title='bbox 894 1734 1026 1776; x_wconf 69' lang='lat' dir='ltr'><strong>man,</strong></span> 
     </span>
     <span class='ocr_line' id='line_1_2' title="bbox 787 1778 983 1822; baseline 0.005 -2"><span class='ocrx_word' id='word_1_2' title='bbox 787 1779 841 1822; x_wconf 77' lang='lat'><strong>³1</strong></span> <span class='ocrx_word' id='word_1_3' title='bbox 856 1778 983 1821; x_wconf 67' lang='lat' dir='ltr'><strong>maii.</strong></span> 
     </span>
    </p>
   </div>
   <div class='ocr_carea' id='block_1_2' title="bbox 1111 641 3928 726">
    <p class='ocr_par' dir='ltr' id='par_1_2' title="bbox 1111 641 3928 726">
     <span class='ocr_line' id='line_1_3' title="bbox 1111 641 3928 726; baseline -0.002 -15"><span class='ocrx_word' id='word_1_4' title='bbox 1111 648 1235 711; x_wconf 75' lang='lat' dir='ltr'><strong>sse</strong></span> <span class='ocrx_word' id='word_1_5' title='bbox 2163 644 2533 709; x_wconf 68' lang='lat' dir='ltr'><strong>comam</strong></span> <span class='ocrx_word' id='word_1_6' title='bbox 2582 645 2887 721; x_wconf 69' lang='lat' dir='ltr'><strong>onam-1</strong></span> <span class='ocrx_word' id='word_1_7' title='bbox 3553 641 3717 726; x_wconf 65' lang='lat' dir='ltr'><strong>[An.</strong></span> <span class='ocrx_word' id='word_1_8' title='bbox 3754 642 3928 706; x_wconf 77' lang='lat'><strong>1242.</strong></span> 
     </span>
    </p>
   </div>
   <div class='ocr_carea' id='block_1_3' title="bbox 1112 777 3939 1243">
    <p class='ocr_par' dir='ltr' id='par_1_3' title="bbox 1112 777 3937 978">
     <span class='ocr_line' id='line_1_4' title="bbox 1112 777 3937 877; baseline -0.002 -21"><span class='ocrx_word' id='word_1_9' title='bbox 1112 781 1362 856; x_wconf 89' lang='lat' dir='ltr'><strong>ceteris</strong></span> <span class='ocrx_word' id='word_1_10' title='bbox 1387 781 1704 855; x_wconf 86' lang='lat' dir='ltr'><strong>officiatis</strong></span> <span class='ocrx_word' id='word_1_11' title='bbox 1731 782 1986 855; x_wconf 88' lang='lat' dir='ltr'><strong>nostris</strong></span> <span class='ocrx_word' id='word_1_12' title='bbox 2009 781 2453 877; x_wconf 90' lang='lat' dir='ltr'><strong>postmodum</strong></span> <span class='ocrx_word' id='word_1_13' title='bbox 2479 781 2573 854; x_wconf 90' lang='lat' dir='ltr'><strong>ibi</strong></span> <span class='ocrx_word' id='word_1_14' title='bbox 2598 780 3060 854; x_wconf 76' lang='lat' dir='ltr'><strong>existentibus</strong></span> <span class='ocrx_word' id='word_1_15' title='bbox 3088 788 3170 852; x_wconf 91' lang='lat' dir='ltr'><strong>ut</strong></span> <span class='ocrx_word' id='word_1_16' title='bbox 3200 777 3484 852; x_wconf 88' lang='lat' dir='ltr'><strong>eosdem</strong></span> <span class='ocrx_word' id='word_1_17' title='bbox 3512 779 3585 850; x_wconf 93' lang='lat' dir='ltr'><strong>in</strong></span> <span class='ocrx_word' id='word_1_18' title='bbox 3611 777 3937 874; x_wconf 81' lang='lat' dir='ltr'><strong>predictis</strong></span> 
     </span>
     <span class='ocr_line' id='line_1_5' title="bbox 1112 902 3901 978; baseline 0 -2"><span class='ocrx_word' id='word_1_19' title='bbox 1112 905 1525 978; x_wconf 85' lang='lat' dir='ltr'><strong>auctoritate</strong></span> <span class='ocrx_word' id='word_1_20' title='bbox 1557 915 1794 978; x_wconf 89' lang='lat' dir='ltr'><strong>nostra</strong></span> <span class='ocrx_word' id='word_1_21' title='bbox 1823 914 2280 976; x_wconf 78' lang='lat' dir='ltr'><strong>manuteneas</strong></span> <span class='ocrx_word' id='word_1_22' title='bbox 2310 915 2381 976; x_wconf 91' lang='lat' dir='ltr'><strong>et</strong></span> <span class='ocrx_word' id='word_1_23' title='bbox 2411 902 2774 975; x_wconf 87' lang='lat' dir='ltr'><strong>defendas.</strong></span> <span class='ocrx_word' id='word_1_24' title='bbox 3888 964 3901 977; x_wconf 94' lang='lat'>.</span> 
     </span>
    </p>

    <p class='ocr_par' dir='ltr' id='par_1_4' title="bbox 1115 1024 3939 1243">
     <span class='ocr_line' id='line_1_6' title="bbox 1211 1024 3939 1124; baseline -0.001 -23"><span class='ocrx_word' id='word_1_25' title='bbox 1211 1028 1466 1101; x_wconf 84' lang='lat' dir='ltr'><strong>Actum</strong></span> <span class='ocrx_word' id='word_1_26' title='bbox 1511 1038 1583 1100; x_wconf 87' lang='lat' dir='ltr'><strong>et</strong></span> <span class='ocrx_word' id='word_1_27' title='bbox 1623 1027 1865 1101; x_wconf 88' lang='lat' dir='ltr'><strong>datum</strong></span> <span class='ocrx_word' id='word_1_28' title='bbox 1905 1028 2097 1124; x_wconf 91' lang='lat' dir='ltr'><strong>apud</strong></span> <span class='ocrx_word' id='word_1_29' title='bbox 2139 1027 2575 1116; x_wconf 88' lang='lat' dir='ltr'><strong>Rodinburc,</strong></span> <span class='ocrx_word' id='word_1_30' title='bbox 2627 1047 2815 1099; x_wconf 89' lang='lat' dir='ltr'><strong>anno</strong></span> <span class='ocrx_word' id='word_1_31' title='bbox 2861 1025 3136 1099; x_wconf 87' lang='lat' dir='ltr'><strong>Domini</strong></span> <span class='ocrx_word' id='word_1_32' title='bbox 3180 1026 3275 1098; x_wconf 88' lang='grc' dir='ltr'><strong>Μ.</strong></span> <span class='ocrx_word' id='word_1_33' title='bbox 3301 1024 3662 1115; x_wconf 86' lang='lat' dir='ltr'><strong>CC.XL11,</strong></span> <span class='ocrx_word' id='word_1_34' title='bbox 3703 1044 3939 1098; x_wconf 85' lang='lat' dir='ltr'><strong>mense</strong></span> 
     </span>
     <span class='ocr_line' id='line_1_7' title="bbox 1115 1151 1934 1243; baseline 0 -18"><span class='ocrx_word' id='word_1_35' title='bbox 1115 1151 1336 1243; x_wconf 85' lang='lat' dir='ltr'><strong>maie,</strong></span> <span class='ocrx_word' id='word_1_36' title='bbox 1371 1152 1497 1225; x_wconf 88' lang='lat' dir='ltr'><strong>XV</strong></span> <span class='ocrx_word' id='word_1_37' title='bbox 1529 1151 1934 1225; x_wconf 83' lang='lat' dir='ltr'><strong>indictione.</strong></span> 
     </span>
    </p>
   </div>
   <div class='ocr_carea' id='block_1_4' title="bbox 1122 1712 3941 2222">
    <p class='ocr_par' dir='ltr' id='par_1_5' title="bbox 1122 1712 3941 2222">
     <span class='ocr_line' id='line_1_8' title="bbox 1229 1712 3935 1824; baseline -0.002 -25"><span class='ocrx_word' id='word_1_38' title='bbox 1229 1714 1659 1819; x_wconf 88' lang='lat' dir='ltr'><strong>Conradus,</strong></span> <span class='ocrx_word' id='word_1_39' title='bbox 1688 1714 1767 1795; x_wconf 90' lang='lat' dir='ltr'><strong>in</strong></span> <span class='ocrx_word' id='word_1_40' title='bbox 1804 1715 2323 1798; x_wconf 80' lang='lat' dir='ltr'><strong>Romanorum</strong></span> <span class='ocrx_word' id='word_1_41' title='bbox 2358 1740 2618 1824; x_wconf 86' lang='lat' dir='ltr'><strong>regem</strong></span> <span class='ocrx_word' id='word_1_42' title='bbox 2640 1713 2953 1820; x_wconf 78' lang='lat' dir='ltr'><strong>electuS,</strong></span> <span class='ocrx_word' id='word_1_43' title='bbox 2985 1739 3301 1796; x_wconf 89' lang='lat' dir='ltr'><strong>suarum</strong></span> <span class='ocrx_word' id='word_1_44' title='bbox 3337 1712 3712 1823; x_wconf 88' lang='lat' dir='ltr'><strong>primitias</strong></span> <span class='ocrx_word' id='word_1_45' title='bbox 3747 1737 3935 1821; x_wconf 89' lang='lat' dir='ltr'><strong>pre-</strong></span> 
     </span>
     <span class='ocr_line' id='line_1_9' title="bbox 1122 1841 3939 1956; baseline -0.002 -26"><span class='ocrx_word' id='word_1_46' title='bbox 1122 1872 1300 1930; x_wconf 92' lang='lat' dir='ltr'><strong>cum</strong></span> <span class='ocrx_word' id='word_1_47' title='bbox 1375 1847 1706 1955; x_wconf 87' lang='lat' dir='ltr'><strong>capitulo</strong></span> <span class='ocrx_word' id='word_1_48' title='bbox 1778 1846 2424 1929; x_wconf 89' lang='lat' dir='ltr'><strong>Hildelseimensis</strong></span> <span class='ocrx_word' id='word_1_49' title='bbox 2491 1846 2848 1929; x_wconf 90' lang='lat' dir='ltr'><strong>ecclesiae</strong></span> <span class='ocrx_word' id='word_1_50' title='bbox 2924 1844 3143 1930; x_wconf 86' lang='lat' dir='ltr'><strong>offert</strong></span> <span class='ocrx_word' id='word_1_51' title='bbox 3206 1871 3348 1956; x_wconf 86' lang='lat' dir='ltr'><strong>pro</strong></span> <span class='ocrx_word' id='word_1_52' title='bbox 3418 1844 3578 1928; x_wconf 91' lang='lat' dir='ltr'><strong>filio</strong></span> <span class='ocrx_word' id='word_1_53' title='bbox 3646 1841 3939 1927; x_wconf 86' lang='lat' dir='ltr'><strong>comitis</strong></span> 
     </span>
     <span class='ocr_line' id='line_1_10' title="bbox 1123 1975 3941 2089; baseline -0.003 -26"><span class='ocrx_word' id='word_1_54' title='bbox 1123 1980 1508 2064; x_wconf 86' lang='lat' dir='ltr'><strong>Ludowici</strong></span> <span class='ocrx_word' id='word_1_55' title='bbox 1545 1981 1640 2063; x_wconf 92' lang='lat' dir='ltr'><strong>de</strong></span> <span class='ocrx_word' id='word_1_56' title='bbox 1682 1979 2079 2065; x_wconf 90' lang='lat' dir='ltr'><strong>Eberstein</strong></span> <span class='ocrx_word' id='word_1_57' title='bbox 2130 1979 2210 2060; x_wconf 91' lang='lat' dir='ltr'><strong>in</strong></span> <span class='ocrx_word' id='word_1_58' title='bbox 2261 1981 2719 2062; x_wconf 90' lang='lat' dir='ltr'><strong>canonicum</strong></span> <span class='ocrx_word' id='word_1_59' title='bbox 2773 1977 3205 2089; x_wconf 88' lang='lat' dir='ltr'><strong>recipiendo</strong></span> <span class='ocrx_word' id='word_1_60' title='bbox 3250 1988 3326 2062; x_wconf 92' lang='lat' dir='ltr'><strong>et</strong></span> <span class='ocrx_word' id='word_1_61' title='bbox 3378 1980 3472 2061; x_wconf 93' lang='lat' dir='ltr'><strong>de</strong></span> <span class='ocrx_word' id='word_1_62' title='bbox 3515 1975 3941 2088; x_wconf 87' lang='lat' dir='ltr'><strong>praebenda</strong></span> 
     </span>
     <span class='ocr_line' id='line_1_11' title="bbox 1122 2114 1614 2222; baseline 0 -27"><span class='ocrx_word' id='word_1_63' title='bbox 1122 2114 1614 2222; x_wconf 77' lang='lat' dir='ltr'><strong>providendo·</strong></span> 
     </span>
    </p>
   </div>
   <div class='ocr_carea' id='block_1_5' title="bbox 1287 2323 3943 2725">
    <p class='ocr_par' dir='ltr' id='par_1_6' title="bbox 1287 2323 3943 2725">
     <span class='ocr_line' id='line_1_12' title="bbox 1287 2323 3938 2408; baseline -0.002 -21"><span class='ocrx_word' id='word_1_64' title='bbox 1287 2328 1488 2401; x_wconf 82' lang='lat' dir='ltr'><strong>(Edid.</strong></span> <span class='ocrx_word' id='word_1_65' title='bbox 1514 2327 1939 2399; x_wconf 69' lang='lat' dir='ltr'><strong>Smunnnne,</strong></span> <span class='ocrx_word' id='word_1_66' title='bbox 1969 2326 2210 2408; x_wconf 73' lang='lat' dir='ltr'><strong>Dejure</strong></span> <span class='ocrx_word' id='word_1_67' title='bbox 2224 2326 2559 2406; x_wconf 74' lang='lat' dir='ltr'><strong>primarum</strong></span> <span class='ocrx_word' id='word_1_68' title='bbox 2576 2343 2841 2406; x_wconf 76' lang='lat' dir='ltr'><strong>precum,</strong></span> <span class='ocrx_word' id='word_1_69' title='bbox 2865 2344 2928 2404; x_wconf 90' lang='lat' dir='ltr'><strong>p.</strong></span> <span class='ocrx_word' id='word_1_70' title='bbox 2954 2336 3057 2399; x_wconf 81' lang='lat'><strong>25,</strong></span> <span class='ocrx_word' id='word_1_71' title='bbox 3087 2332 3228 2387; x_wconf 84' lang='lat' dir='ltr'><strong>note</strong></span> <span class='ocrx_word' id='word_1_72' title='bbox 3253 2344 3314 2387; x_wconf 83' lang='lat' dir='ltr'><strong>a.</strong></span> <span class='ocrx_word' id='word_1_73' title='bbox 3346 2325 3702 2405; x_wconf 72' lang='lat' dir='ltr'><strong>(Francfort,</strong></span> <span class='ocrx_word' id='word_1_74' title='bbox 3739 2323 3938 2402; x_wconf 80' lang='grc'><strong>1784),</strong></span> 
     </span>
     <span class='ocr_line' id='line_1_13' title="bbox 1364 2433 3942 2512; baseline -0.001 -18"><span class='ocrx_word' id='word_1_75' title='bbox 1364 2434 1510 2494; x_wconf 88' lang='lat' dir='ltr'><strong>Cod.</strong></span> <span class='ocrx_word' id='word_1_76' title='bbox 1541 2434 1800 2511; x_wconf 89' lang='lat' dir='ltr'><strong>probat.,</strong></span> <span class='ocrx_word' id='word_1_77' title='bbox 1823 2451 1886 2510; x_wconf 91' lang='lat' dir='ltr'><strong>p.</strong></span> <span class='ocrx_word' id='word_1_78' title='bbox 1918 2442 1978 2506; x_wconf 84' lang='lat'><strong>9,</strong></span> <span class='ocrx_word' id='word_1_79' title='bbox 2005 2451 2140 2493; x_wconf 91' lang='lat' dir='ltr'><strong>cum</strong></span> <span class='ocrx_word' id='word_1_80' title='bbox 2170 2434 2265 2493; x_wconf 76' lang='lat' dir='ltr'><strong>fac</strong></span> <span class='ocrx_word' id='word_1_81' title='bbox 2293 2437 2503 2493; x_wconf 86' lang='lat' dir='ltr'><strong>simile.</strong></span> <span class='ocrx_word' id='word_1_82' title='bbox 2535 2433 2808 2511; x_wconf 87' lang='lat' dir='ltr'><strong>Sigillum</strong></span> <span class='ocrx_word' id='word_1_83' title='bbox 2835 2441 3005 2512; x_wconf 83' lang='lat' dir='ltr'><strong>tergo</strong></span> <span class='ocrx_word' id='word_1_84' title='bbox 3030 2449 3420 2512; x_wconf 79' lang='lat' dir='ltr'><strong>pergamenae</strong></span> <span class='ocrx_word' id='word_1_85' title='bbox 3446 2435 3798 2511; x_wconf 85' lang='lat' dir='ltr'><strong>impressum</strong></span> <span class='ocrx_word' id='word_1_86' title='bbox 3821 2447 3942 2491; x_wconf 86' lang='lat' dir='ltr'><strong>me·</strong></span> 
     </span>
     <span class='ocr_line' id='line_1_14' title="bbox 1364 2538 3943 2617; baseline -0.001 -17"><span class='ocrx_word' id='word_1_87' title='bbox 1364 2548 1588 2612; x_wconf 88' lang='lat' dir='ltr'><strong>morat,</strong></span> <span class='ocrx_word' id='word_1_88' title='bbox 1619 2557 1753 2599; x_wconf 90' lang='lat' dir='ltr'><strong>cum</strong></span> <span class='ocrx_word' id='word_1_89' title='bbox 1783 2543 1896 2600; x_wconf 83' lang='lat' dir='ltr'><strong>ista</strong></span> <span class='ocrx_word' id='word_1_90' title='bbox 1921 2542 2303 2617; x_wconf 82' lang='lat' dir='ltr'><strong>inscriptione</strong></span> <span class='ocrx_word' id='word_1_91' title='bbox 2334 2559 2349 2600; x_wconf 71' lang='grc' dir='ltr'><em>ε</em></span> <span class='ocrx_word' id='word_1_92' title='bbox 2389 2561 2420 2598; x_wconf 75' lang='grc' dir='ltr'><em>α</em></span> <span class='ocrx_word' id='word_1_93' title='bbox 2451 2539 2785 2600; x_wconf 85' lang='lat' dir='ltr'><strong>Venerabili</strong></span> <span class='ocrx_word' id='word_1_94' title='bbox 2823 2543 3149 2617; x_wconf 83' lang='lat' dir='ltr'><strong>preposito,</strong></span> <span class='ocrx_word' id='word_1_95' title='bbox 3181 2541 3404 2601; x_wconf 83' lang='lat' dir='ltr'><strong>decano</strong></span> <span class='ocrx_word' id='word_1_96' title='bbox 3432 2542 3659 2617; x_wconf 86' lang='lat' dir='ltr'><strong>totique</strong></span> <span class='ocrx_word' id='word_1_97' title='bbox 3693 2538 3943 2616; x_wconf 83' lang='lat' dir='ltr'><strong>capitulo</strong></span> 
     </span>
     <span class='ocr_line' id='line_1_15' title="bbox 1365 2631 3022 2725; baseline 0 -20"><span class='ocrx_word' id='word_1_98' title='bbox 1365 2631 1928 2706; x_wconf 86' lang='lat' dir='ltr'><strong>Hildensbeimensis</strong></span> <span class='ocrx_word' id='word_1_99' title='bbox 1953 2646 2195 2707; x_wconf 87' lang='lat' dir='ltr'><strong>ecclesie</strong></span> <span class='ocrx_word' id='word_1_100' title='bbox 2216 2646 2445 2706; x_wconf 86' lang='lat' dir='ltr'><strong>dilectis</strong></span> <span class='ocrx_word' id='word_1_101' title='bbox 2476 2645 2751 2707; x_wconf 84' lang='lat' dir='ltr'><strong>fidelibus</strong></span> <span class='ocrx_word' id='word_1_102' title='bbox 2778 2648 2921 2706; x_wconf 87' lang='lat' dir='ltr'><strong>suls.</strong></span> <span class='ocrx_word' id='word_1_103' title='bbox 2951 2644 3022 2725; x_wconf 77' lang='lat' dir='ltr'><strong>n)</strong></span> 
     </span>
    </p>
   </div>
   <div class='ocr_carea' id='block_1_6' title="bbox 1124 2829 3953 4169">
    <p class='ocr_par' dir='ltr' id='par_1_7' title="bbox 1124 2829 3953 4169">
     <span class='ocr_line' id='line_1_16' title="bbox 1221 2829 3944 2930; baseline -0.002 -22"><span class='ocrx_word' id='word_1_104' title='bbox 1221 2836 1614 2927; x_wconf 80' lang='lat' dir='ltr'><strong>ConraduS,</strong></span> <span class='ocrx_word' id='word_1_105' title='bbox 1655 2829 1798 2909; x_wconf 87' lang='lat' dir='ltr'><strong>divi</strong></span> <span class='ocrx_word' id='word_1_106' title='bbox 1844 2835 2281 2930; x_wconf 89' lang='lat' dir='ltr'><strong>imperatoris</strong></span> <span class='ocrx_word' id='word_1_107' title='bbox 2315 2833 2640 2908; x_wconf 87' lang='lat' dir='ltr'><strong>Friderici</strong></span> <span class='ocrx_word' id='word_1_108' title='bbox 2673 2833 2894 2925; x_wconf 64' lang='lat' dir='ltr'><strong>filius»,</strong></span> <span class='ocrx_word' id='word_1_109' title='bbox 2936 2834 3063 2907; x_wconf 91' lang='lat' dir='ltr'><strong>Dei</strong></span> <span class='ocrx_word' id='word_1_110' title='bbox 3095 2834 3318 2926; x_wconf 82' lang='lat' dir='ltr'><strong>gratia</strong></span> <span class='ocrx_word' id='word_1_111' title='bbox 3360 2834 3826 2906; x_wconf 89' lang='lat' dir='ltr'><strong>Romanorum</strong></span> <span class='ocrx_word' id='word_1_112' title='bbox 3877 2832 3944 2902; x_wconf 91' lang='lat' dir='ltr'><strong>in</strong></span> 
     </span>
     <span class='ocr_line' id='line_1_17' title="bbox 1126 2957 3943 3054; baseline -0.001 -22"><span class='ocrx_word' id='word_1_113' title='bbox 1126 2980 1363 3053; x_wconf 82' lang='lat' dir='ltr'><strong>regem</strong></span> <span class='ocrx_word' id='word_1_114' title='bbox 1398 2959 1660 3032; x_wconf 89' lang='lat' dir='ltr'><strong>electus</strong></span> <span class='ocrx_word' id='word_1_115' title='bbox 1693 2980 1970 3054; x_wconf 85' lang='lat' dir='ltr'><strong>semper</strong></span> <span class='ocrx_word' id='word_1_116' title='bbox 1996 2969 2331 3051; x_wconf 81' lang='lat' dir='ltr'><strong>augustus</strong></span> <span class='ocrx_word' id='word_1_117' title='bbox 2371 2969 2442 3031; x_wconf 90' lang='lat' dir='ltr'><strong>et</strong></span> <span class='ocrx_word' id='word_1_118' title='bbox 2471 2959 2676 3032; x_wconf 91' lang='lat' dir='ltr'><strong>heres</strong></span> <span class='ocrx_word' id='word_1_119' title='bbox 2706 2959 2900 3052; x_wconf 82' lang='lat' dir='ltr'><strong>regni</strong></span> <span class='ocrx_word' id='word_1_120' title='bbox 2927 2959 3339 3050; x_wconf 79' lang='lat' dir='ltr'><strong>Jerusalem,</strong></span> <span class='ocrx_word' id='word_1_121' title='bbox 3371 2957 3756 3031; x_wconf 86' lang='lat' dir='ltr'><strong>venerabili</strong></span> <span class='ocrx_word' id='word_1_122' title='bbox 3787 2978 3943 3053; x_wconf 91' lang='lat' dir='ltr'><strong>pre-</strong></span> 
     </span>
     <span class='ocr_line' id='line_1_18' title="bbox 1124 3081 3947 3180; baseline -0.001 -24"><span class='ocrx_word' id='word_1_123' title='bbox 1124 3085 1379 3180; x_wconf 90' lang='lat' dir='ltr'><strong>posito,</strong></span> <span class='ocrx_word' id='word_1_124' title='bbox 1404 3085 1672 3156; x_wconf 89' lang='lat' dir='ltr'><strong>decano</strong></span> <span class='ocrx_word' id='word_1_125' title='bbox 1702 3086 1967 3177; x_wconf 84' lang='lat' dir='ltr'><strong>totique</strong></span> <span class='ocrx_word' id='word_1_126' title='bbox 1997 3085 2303 3180; x_wconf 89' lang='lat' dir='ltr'><strong>capitulo</strong></span> <span class='ocrx_word' id='word_1_127' title='bbox 2326 3084 2987 3156; x_wconf 85' lang='lat' dir='ltr'><strong>Hildensheimensis</strong></span> <span class='ocrx_word' id='word_1_128' title='bbox 3019 3083 3310 3155; x_wconf 83' lang='lat' dir='ltr'><strong>ecclesie</strong></span> <span class='ocrx_word' id='word_1_129' title='bbox 3342 3083 3612 3155; x_wconf 84' lang='lat' dir='ltr'><strong>dilectis</strong></span> <span class='ocrx_word' id='word_1_130' title='bbox 3631 3081 3947 3155; x_wconf 87' lang='lat' dir='ltr'><strong>fidelibus</strong></span> 
     </span>
     <span class='ocr_line' id='line_1_19' title="bbox 1127 3205 3948 3303; baseline 0 -24"><span class='ocrx_word' id='word_1_131' title='bbox 1127 3209 1270 3279; x_wconf 90' lang='lat' dir='ltr'><strong>suis</strong></span> <span class='ocrx_word' id='word_1_132' title='bbox 1296 3210 1589 3299; x_wconf 78' lang='lat' dir='ltr'><strong>gratiam</strong></span> <span class='ocrx_word' id='word_1_133' title='bbox 1623 3230 1818 3281; x_wconf 89' lang='lat' dir='ltr'><strong>suam</strong></span> <span class='ocrx_word' id='word_1_134' title='bbox 1853 3219 1924 3280; x_wconf 92' lang='lat' dir='ltr'><strong>et</strong></span> <span class='ocrx_word' id='word_1_135' title='bbox 1955 3230 2161 3281; x_wconf 94' lang='lat' dir='ltr'><strong>omne</strong></span> <span class='ocrx_word' id='word_1_136' title='bbox 2192 3209 2485 3280; x_wconf 90' lang='lat' dir='ltr'><strong>bonum.</strong></span> <span class='ocrx_word' id='word_1_137' title='bbox 2520 3208 2592 3280; x_wconf 91' lang='lat' dir='ltr'><strong>Si</strong></span> <span class='ocrx_word' id='word_1_138' title='bbox 2629 3208 2967 3303; x_wconf 86' lang='lat' dir='ltr'><strong>primitias</strong></span> <span class='ocrx_word' id='word_1_139' title='bbox 2995 3230 3283 3302; x_wconf 89' lang='lat' dir='ltr'><strong>precum</strong></span> <span class='ocrx_word' id='word_1_140' title='bbox 3311 3218 3703 3280; x_wconf 89' lang='lat' dir='ltr'><strong>nostrarum</strong></span> <span class='ocrx_word' id='word_1_141' title='bbox 3734 3205 3948 3279; x_wconf 88' lang='lat' dir='ltr'><strong>devo-</strong></span> 
     </span>
     <span class='ocr_line' id='line_1_20' title="bbox 1130 3330 3943 3427; baseline -0 -25"><span class='ocrx_word' id='word_1_142' title='bbox 1130 3332 1567 3405; x_wconf 85' lang='lat' dir='ltr'><strong>tioni-vestre</strong></span> <span class='ocrx_word' id='word_1_143' title='bbox 1600 3333 1950 3404; x_wconf 81' lang='lat' dir='ltr'><strong>offerimus</strong></span> <span class='ocrx_word' id='word_1_144' title='bbox 1991 3353 2118 3427; x_wconf 91' lang='lat' dir='ltr'><strong>pro</strong></span> <span class='ocrx_word' id='word_1_145' title='bbox 2161 3331 2295 3402; x_wconf 92' lang='lat' dir='ltr'><strong>hiis</strong></span> <span class='ocrx_word' id='word_1_146' title='bbox 2340 3333 2458 3425; x_wconf 90' lang='lat' dir='ltr'><strong>qui</strong></span> <span class='ocrx_word' id='word_1_147' title='bbox 2500 3333 2678 3425; x_wconf 79' lang='lat' dir='ltr'><strong>grati</strong></span> <span class='ocrx_word' id='word_1_148' title='bbox 2721 3342 2884 3403; x_wconf 89' lang='lat' dir='ltr'><strong>sunt</strong></span> <span class='ocrx_word' id='word_1_149' title='bbox 2924 3342 3163 3404; x_wconf 88' lang='lat' dir='ltr'><strong>nostro</strong></span> <span class='ocrx_word' id='word_1_150' title='bbox 3204 3332 3487 3403; x_wconf 89' lang='lat' dir='ltr'><strong>culmini</strong></span> <span class='ocrx_word' id='word_1_151' title='bbox 3526 3341 3598 3402; x_wconf 91' lang='lat' dir='ltr'><strong>et</strong></span> <span class='ocrx_word' id='word_1_152' title='bbox 3647 3330 3943 3426; x_wconf 90' lang='lat' dir='ltr'><strong>accepti,</strong></span> 
     </span>
     <span class='ocr_line' id='line_1_21' title="bbox 1129 3455 3949 3549; baseline -0 -23"><span class='ocrx_word' id='word_1_153' title='bbox 1129 3465 1324 3526; x_wconf 89' lang='lat' dir='ltr'><strong>tanto</strong></span> <span class='ocrx_word' id='word_1_154' title='bbox 1359 3457 1789 3527; x_wconf 89' lang='lat' dir='ltr'><strong>reverentius</strong></span> <span class='ocrx_word' id='word_1_155' title='bbox 1818 3456 1974 3527; x_wconf 91' lang='lat' dir='ltr'><strong>illas</strong></span> <span class='ocrx_word' id='word_1_156' title='bbox 2004 3477 2047 3527; x_wconf 94' lang='lat' dir='ltr'><strong>a</strong></span> <span class='ocrx_word' id='word_1_157' title='bbox 2079 3456 2280 3527; x_wconf 91' lang='lat' dir='ltr'><strong>vobis</strong></span> <span class='ocrx_word' id='word_1_158' title='bbox 2324 3456 2673 3528; x_wconf 89' lang='lat' dir='ltr'><strong>credimus</strong></span> <span class='ocrx_word' id='word_1_159' title='bbox 2708 3455 3204 3544; x_wconf 77' lang='lat' dir='ltr'><strong>admittendaS,</strong></span> <span class='ocrx_word' id='word_1_160' title='bbox 3252 3465 3513 3549; x_wconf 90' lang='lat' dir='ltr'><strong>quanto</strong></span> <span class='ocrx_word' id='word_1_161' title='bbox 3546 3456 3617 3526; x_wconf 89' lang='lat' dir='ltr'><strong>in</strong></span> <span class='ocrx_word' id='word_1_162' title='bbox 3658 3456 3758 3527; x_wconf 90' lang='lat' dir='ltr'><strong>eis</strong></span> <span class='ocrx_word' id='word_1_163' title='bbox 3795 3476 3949 3527; x_wconf 91' lang='lat' dir='ltr'><strong>cum</strong></span> 
     </span>
     <span class='ocr_line' id='line_1_22' title="bbox 1128 3578 3950 3674; baseline 0 -26"><span class='ocrx_word' id='word_1_164' title='bbox 1128 3578 1267 3649; x_wconf 90' lang='lat' dir='ltr'><strong>sint</strong></span> <span class='ocrx_word' id='word_1_165' title='bbox 1315 3579 1584 3650; x_wconf 91' lang='lat' dir='ltr'><strong>nobiles</strong></span> <span class='ocrx_word' id='word_1_166' title='bbox 1628 3590 1701 3650; x_wconf 89' lang='lat' dir='ltr'><strong>et</strong></span> <span class='ocrx_word' id='word_1_167' title='bbox 1740 3578 2043 3670; x_wconf 86' lang='lat' dir='ltr'><strong>honesti,</strong></span> <span class='ocrx_word' id='word_1_168' title='bbox 2086 3580 2365 3651; x_wconf 88' lang='lat' dir='ltr'><strong>videtur</strong></span> <span class='ocrx_word' id='word_1_169' title='bbox 2415 3591 2486 3651; x_wconf 91' lang='lat' dir='ltr'><strong>et</strong></span> <span class='ocrx_word' id='word_1_170' title='bbox 2525 3579 2724 3652; x_wconf 89' lang='lat' dir='ltr'><strong>vobis</strong></span> <span class='ocrx_word' id='word_1_171' title='bbox 2761 3591 2833 3652; x_wconf 91' lang='lat' dir='ltr'><strong>et</strong></span> <span class='ocrx_word' id='word_1_172' title='bbox 2874 3579 3163 3652; x_wconf 88' lang='lat' dir='ltr'><strong>ecclesie</strong></span> <span class='ocrx_word' id='word_1_173' title='bbox 3213 3580 3557 3651; x_wconf 85' lang='lat' dir='ltr'><strong>salubrius</strong></span> <span class='ocrx_word' id='word_1_174' title='bbox 3599 3580 3950 3674; x_wconf 84' lang='lat' dir='ltr'><strong>provisum</strong></span> 
     </span>
     <span class='ocr_line' id='line_1_23' title="bbox 1127 3700 3951 3798; baseline 0 -26"><span class='ocrx_word' id='word_1_175' title='bbox 1127 3703 1302 3774; x_wconf 82' lang='lat' dir='ltr'><strong>fore.</strong></span> <span class='ocrx_word' id='word_1_176' title='bbox 1349 3701 1525 3773; x_wconf 89' lang='lat' dir='ltr'><strong>Hinc</strong></span> <span class='ocrx_word' id='word_1_177' title='bbox 1573 3712 1680 3774; x_wconf 90' lang='lat' dir='ltr'><strong>est</strong></span> <span class='ocrx_word' id='word_1_178' title='bbox 1715 3703 1906 3795; x_wconf 89' lang='lat' dir='ltr'><strong>quod</strong></span> <span class='ocrx_word' id='word_1_179' title='bbox 1950 3724 2075 3798; x_wconf 91' lang='lat' dir='ltr'><strong>pro</strong></span> <span class='ocrx_word' id='word_1_180' title='bbox 2116 3700 2260 3775; x_wconf 88' lang='lat' dir='ltr'><strong>filio</strong></span> <span class='ocrx_word' id='word_1_181' title='bbox 2293 3702 2561 3774; x_wconf 88' lang='lat' dir='ltr'><strong>comitis</strong></span> <span class='ocrx_word' id='word_1_182' title='bbox 2607 3703 2964 3775; x_wconf 85' lang='lat' dir='ltr'><strong>Ludewici</strong></span> <span class='ocrx_word' id='word_1_183' title='bbox 3015 3703 3104 3775; x_wconf 93' lang='lat' dir='ltr'><strong>de</strong></span> <span class='ocrx_word' id='word_1_184' title='bbox 3143 3702 3546 3792; x_wconf 89' lang='lat' dir='ltr'><strong>Eberstein,</strong></span> <span class='ocrx_word' id='word_1_185' title='bbox 3584 3703 3838 3776; x_wconf 89' lang='lat' dir='ltr'><strong>clerico</strong></span> <span class='ocrx_word' id='word_1_186' title='bbox 3888 3712 3951 3775; x_wconf 86' lang='lat' dir='ltr'><strong>et</strong></span> 
     </span>
     <span class='ocr_line' id='line_1_24' title="bbox 1126 3823 3953 3923; baseline 0.001 -28"><span class='ocrx_word' id='word_1_187' title='bbox 1126 3823 1317 3897; x_wconf 85' lang='lat' dir='ltr'><strong>fideli</strong></span> <span class='ocrx_word' id='word_1_188' title='bbox 1351 3833 1618 3916; x_wconf 85' lang='lat' dir='ltr'><strong>nostro,</strong></span> <span class='ocrx_word' id='word_1_189' title='bbox 1642 3847 1853 3920; x_wconf 88' lang='lat' dir='ltr'><strong>quem</strong></span> <span class='ocrx_word' id='word_1_190' title='bbox 1886 3827 1957 3896; x_wconf 91' lang='lat' dir='ltr'><strong>in</strong></span> <span class='ocrx_word' id='word_1_191' title='bbox 1987 3829 2296 3899; x_wconf 87' lang='lat' dir='ltr'><strong>favorem</strong></span> <span class='ocrx_word' id='word_1_192' title='bbox 2320 3848 2445 3898; x_wconf 91' lang='lat' dir='ltr'><strong>sue</strong></span> <span class='ocrx_word' id='word_1_193' title='bbox 2474 3827 2831 3922; x_wconf 79' lang='lat' dir='ltr'><strong>progeniei</strong></span> <span class='ocrx_word' id='word_1_194' title='bbox 2857 3849 2996 3920; x_wconf 88' lang='lat' dir='ltr'><strong>que</strong></span> <span class='ocrx_word' id='word_1_195' title='bbox 3034 3849 3309 3923; x_wconf 88' lang='lat' dir='ltr'><strong>semper</strong></span> <span class='ocrx_word' id='word_1_196' title='bbox 3330 3829 3531 3900; x_wconf 90' lang='lat' dir='ltr'><strong>nobis</strong></span> <span class='ocrx_word' id='word_1_197' title='bbox 3558 3837 3630 3899; x_wconf 88' lang='lat' dir='ltr'><strong>et</strong></span> <span class='ocrx_word' id='word_1_198' title='bbox 3666 3827 3953 3923; x_wconf 89' lang='lat' dir='ltr'><strong>imperio</strong></span> 
     </span>
     <span class='ocr_line' id='line_1_25' title="bbox 1125 3948 3952 4047; baseline 0 -26"><span class='ocrx_word' id='word_1_199' title='bbox 1125 3949 1400 4021; x_wconf 83' lang='lat' dir='ltr'><strong>adhesit</strong></span> <span class='ocrx_word' id='word_1_200' title='bbox 1421 3948 1746 4041; x_wconf 85' lang='lat' dir='ltr'><strong>fideliter,</strong></span> <span class='ocrx_word' id='word_1_201' title='bbox 1777 3949 2127 4044; x_wconf 81' lang='lat' dir='ltr'><strong>diligimus</strong></span> <span class='ocrx_word' id='word_1_202' title='bbox 2149 3961 2229 4022; x_wconf 90' lang='lat' dir='ltr'><strong>ut</strong></span> <span class='ocrx_word' id='word_1_203' title='bbox 2258 3950 2617 4041; x_wconf 88' lang='lat' dir='ltr'><strong>devotum,</strong></span> <span class='ocrx_word' id='word_1_204' title='bbox 2652 3950 2990 4045; x_wconf 86' lang='lat' dir='ltr'><strong>primitias</strong></span> <span class='ocrx_word' id='word_1_205' title='bbox 3022 3972 3307 4047; x_wconf 91' lang='lat' dir='ltr'><strong>precum</strong></span> <span class='ocrx_word' id='word_1_206' title='bbox 3341 3963 3735 4024; x_wconf 85' lang='lat' dir='ltr'><strong>nostrarum</strong></span> <span class='ocrx_word' id='word_1_207' title='bbox 3756 3948 3952 4023; x_wconf 81' lang='lat' dir='ltr'><strong>vobis</strong></span> 
     </span>
     <span class='ocr_line' id='line_1_26' title="bbox 1128 4069 3952 4169; baseline 0 -26"><span class='ocrx_word' id='word_1_208' title='bbox 1128 4069 1461 4143; x_wconf 83' lang='lat' dir='ltr'><strong>duximus</strong></span> <span class='ocrx_word' id='word_1_209' title='bbox 1496 4072 1888 4144; x_wconf 87' lang='lat' dir='ltr'><strong>offerendas</strong></span> <span class='ocrx_word' id='word_1_210' title='bbox 1919 4070 1979 4169; x_wconf 73' lang='lat' dir='ltr'><strong>(l</strong></span> <span class='ocrx_word' id='word_1_211' title='bbox 1999 4075 2054 4168; x_wconf 89' lang='lat'><strong>),</strong></span> <span class='ocrx_word' id='word_1_212' title='bbox 2097 4084 2423 4167; x_wconf 80' lang='lat' dir='ltr'><strong>rogantes</strong></span> <span class='ocrx_word' id='word_1_213' title='bbox 2455 4086 2528 4144; x_wconf 89' lang='lat' dir='ltr'><strong>et</strong></span> <span class='ocrx_word' id='word_1_214' title='bbox 2566 4084 2933 4145; x_wconf 90' lang='lat' dir='ltr'><strong>monentes</strong></span> <span class='ocrx_word' id='word_1_215' title='bbox 2970 4083 3234 4146; x_wconf 88' lang='lat' dir='ltr'><strong>attente</strong></span> <span class='ocrx_word' id='word_1_216' title='bbox 3271 4085 3627 4168; x_wconf 84' lang='lat' dir='ltr'><strong>quatenus</strong></span> <span class='ocrx_word' id='word_1_217' title='bbox 3657 4073 3952 4146; x_wconf 88' lang='lat' dir='ltr'><strong>eundem</strong></span> 
     </span>
    </p>
   </div>
   <div class='ocr_carea' id='block_1_7' title="bbox 1126 4372 3953 4840">
    <p class='ocr_par' dir='ltr' id='par_1_8' title="bbox 1126 4372 3953 4624">
     <span class='ocr_line' id='line_1_27' title="bbox 1126 4372 3953 4449; baseline 0.002 -21"><span class='ocrx_word' id='word_1_218' title='bbox 1126 4388 1294 4428; x_wconf 89' lang='lat' dir='ltr'><strong>unum</strong></span> <span class='ocrx_word' id='word_1_219' title='bbox 1317 4372 1472 4446; x_wconf 88' lang='lat' dir='ltr'><strong>quasi</strong></span> <span class='ocrx_word' id='word_1_220' title='bbox 1499 4372 1750 4447; x_wconf 88' lang='lat' dir='ltr'><strong>idemque</strong></span> <span class='ocrx_word' id='word_1_221' title='bbox 1763 4374 2101 4447; x_wconf 82' lang='lat' dir='ltr'><strong>privilegium</strong></span> <span class='ocrx_word' id='word_1_222' title='bbox 2125 4381 2353 4448; x_wconf 89' lang='lat' dir='ltr'><strong>quatuor</strong></span> <span class='ocrx_word' id='word_1_223' title='bbox 2378 4375 2741 4449; x_wconf 80' lang='lat' dir='ltr'><strong>imperialibus</strong></span> <span class='ocrx_word' id='word_1_224' title='bbox 2755 4377 2823 4434; x_wconf 91' lang='lat' dir='ltr'><strong>de</strong></span> <span class='ocrx_word' id='word_1_225' title='bbox 2843 4377 3179 4435; x_wconf 80' lang='lat' dir='ltr'><strong>Wetteravia</strong></span> <span class='ocrx_word' id='word_1_226' title='bbox 3202 4377 3520 4435; x_wconf 82' lang='lat' dir='ltr'><strong>civitatibus</strong></span> <span class='ocrx_word' id='word_1_227' title='bbox 3545 4377 3711 4434; x_wconf 76' lang='lat' dir='ltr'><strong>fuisse</strong></span> <span class='ocrx_word' id='word_1_228' title='bbox 3730 4391 3953 4434; x_wconf 81' lang='lat' dir='ltr'><strong>conces·</strong></span> 
     </span>
     <span class='ocr_line' id='line_1_28' title="bbox 1127 4470 3952 4548; baseline 0.001 -22"><span class='ocrx_word' id='word_1_229' title='bbox 1127 4485 1270 4540; x_wconf 86' lang='lat' dir='ltr'><strong>sum,</strong></span> <span class='ocrx_word' id='word_1_230' title='bbox 1287 4470 1442 4543; x_wconf 88' lang='lat' dir='ltr'><strong>cujus</strong></span> <span class='ocrx_word' id='word_1_231' title='bbox 1459 4476 1649 4545; x_wconf 71' lang='lat' dir='ltr'><strong>typum</strong></span> <span class='ocrx_word' id='word_1_232' title='bbox 1671 4471 1933 4529; x_wconf 75' lang='lat' dir='ltr'><strong>habemus</strong></span> <span class='ocrx_word' id='word_1_233' title='bbox 1952 4473 2006 4528; x_wconf 87' lang='lat' dir='ltr'><strong>in</strong></span> <span class='ocrx_word' id='word_1_234' title='bbox 2025 4472 2429 4531; x_wconf 81' lang='lat' dir='ltr'><strong>confirmatione</strong></span> <span class='ocrx_word' id='word_1_235' title='bbox 2448 4474 2981 4548; x_wconf 81' lang='lat' dir='ltr'><strong>Friedbergensibus,</strong></span> <span class='ocrx_word' id='word_1_236' title='bbox 3000 4490 3137 4547; x_wconf 90' lang='lat' dir='ltr'><strong>quos</strong></span> <span class='ocrx_word' id='word_1_237' title='bbox 3159 4490 3348 4533; x_wconf 83' lang='lat' dir='ltr'><strong>revera</strong></span> <span class='ocrx_word' id='word_1_238' title='bbox 3366 4474 3695 4548; x_wconf 80' lang='lat' dir='ltr'><strong>burgravius</strong></span> <span class='ocrx_word' id='word_1_239' title='bbox 3714 4472 3952 4547; x_wconf 84' lang='lat' dir='ltr'><strong>regebat,</strong></span> 
     </span>
     <span class='ocr_line' id='line_1_29' title="bbox 1131 4565 1353 4624; baseline 0.014 -3"><span class='ocrx_word' id='word_1_240' title='bbox 1131 4565 1353 4624; x_wconf 87' lang='lat' dir='ltr'><strong>indulta.</strong></span> 
     </span>
    </p>

    <p class='ocr_par' dir='ltr' id='par_1_9' title="bbox 1126 4662 3953 4840">
     <span class='ocr_line' id='line_1_30' title="bbox 1198 4662 3953 4744; baseline 0.001 -26"><span class='ocrx_word' id='word_1_241' title='bbox 1198 4664 1271 4737; x_wconf 82' lang='lat' dir='ltr'><strong>(t)</strong></span> <span class='ocrx_word' id='word_1_242' title='bbox 1307 4662 1744 4735; x_wconf 80' lang='lat' dir='ltr'><strong>Senkenbergius</strong></span> <span class='ocrx_word' id='word_1_243' title='bbox 1766 4670 1825 4722; x_wconf 88' lang='lat' dir='ltr'><strong>et</strong></span> <span class='ocrx_word' id='word_1_244' title='bbox 1851 4664 2178 4722; x_wconf 85' lang='lat' dir='ltr'><strong>Boehmerus</strong></span> <span class='ocrx_word' id='word_1_245' title='bbox 2199 4673 2419 4725; x_wconf 90' lang='lat' dir='ltr'><strong>monent</strong></span> <span class='ocrx_word' id='word_1_246' title='bbox 2444 4667 2547 4725; x_wconf 88' lang='lat' dir='ltr'><strong>hoc</strong></span> <span class='ocrx_word' id='word_1_247' title='bbox 2572 4683 2694 4726; x_wconf 84' lang='lat' dir='ltr'><strong>esse</strong></span> <span class='ocrx_word' id='word_1_248' title='bbox 2722 4668 3155 4742; x_wconf 84' lang='lat' dir='ltr'><strong>antiquissimum</strong></span> <span class='ocrx_word' id='word_1_249' title='bbox 3173 4670 3316 4742; x_wconf 88' lang='lat' dir='ltr'><strong>quod</strong></span> <span class='ocrx_word' id='word_1_250' title='bbox 3337 4685 3371 4727; x_wconf 89' lang='lat' dir='ltr'><strong>a</strong></span> <span class='ocrx_word' id='word_1_251' title='bbox 3393 4669 3612 4744; x_wconf 81' lang='lat' dir='ltr'><strong>regibus</strong></span> <span class='ocrx_word' id='word_1_252' title='bbox 3632 4667 3953 4726; x_wconf 79' lang='lat' dir='ltr'><strong>Germaniae</strong></span> 
     </span>
     <span class='ocr_line' id='line_1_31' title="bbox 1126 4761 3233 4840; baseline 0.003 -22"><span class='ocrx_word' id='word_1_253' title='bbox 1126 4761 1476 4836; x_wconf 85' lang='lat' dir='ltr'><strong>processerit,</strong></span> <span class='ocrx_word' id='word_1_254' title='bbox 1507 4761 1952 4834; x_wconf 83' lang='lat' dir='ltr'><strong>instrumentum,</strong></span> <span class='ocrx_word' id='word_1_255' title='bbox 1979 4762 2046 4820; x_wconf 92' lang='lat' dir='ltr'><strong>de</strong></span> <span class='ocrx_word' id='word_1_256' title='bbox 2071 4762 2322 4837; x_wconf 87' lang='lat' dir='ltr'><strong>primitiis</strong></span> <span class='ocrx_word' id='word_1_257' title='bbox 2343 4781 2563 4839; x_wconf 88' lang='lat' dir='ltr'><strong>precum</strong></span> <span class='ocrx_word' id='word_1_258' title='bbox 2594 4781 2693 4839; x_wconf 89' lang='lat' dir='ltr'><strong>pro</strong></span> <span class='ocrx_word' id='word_1_259' title='bbox 2724 4765 2935 4825; x_wconf 89' lang='lat' dir='ltr'><strong>clericis</strong></span> <span class='ocrx_word' id='word_1_260' title='bbox 2957 4765 3233 4840; x_wconf 81' lang='lat' dir='ltr'><strong>eligendis.</strong></span> 
     </span>
    </p>
   </div>
  </div>
 </body>
</html>
