4525 6031
1072 632 1195 693 752
2017 618 2020 621 ’
2073 632 2498 694 amm-:met
2548 630 2896 692 saeuum
3513 630 3679 710 [An.
3717 631 3893 695 1949.

1070 767 1341 860 imperii
1370 765 1693 840 fidelibus
1720 777 1860 838 tam
1892 766 2331 862 presentibus
2357 787 2567 860 quam
2602 765 2852 836 futuris
2879 763 3072 857 quod
3103 785 3263 835 cum
3291 786 3421 837 nos
3443 765 3539 837 Μ.
3577 765 3899 837 comitem

1069 890 1338 964 Goricie
1371 891 1702 962 dilectum
1725 888 2003 962 fidelem
2026 900 2341 963 nostrum
2370 889 2806 983 capitaneum
2836 887 3039 958 Stirie
3064 886 3396 960 duximus
3421 887 3896 978 statuendum,

1069 1035 1315 1087 omnes
1356 1014 1821 1108 possessiones
1854 1024 1925 1086 et
1966 1015 2200 1087 omnia
2235 1015 2421 1087 bona
2467 1035 2605 1106 que
2642 1009 3033 1107 patriarcba
3080 1010 3585 1104 Aquileiensis,
3636 1012 3900 1084 electus

1071 1137 1591 1228 Salzburgensis
1658 1157 1742 1208 ac
1800 1137 1919 1208 alii
1982 1138 2232 1234 prelati
2305 1135 2426 1229 qui
2490 1134 2703 1207 fidem
2764 1144 2836 1206 et
2896 1134 3341 1207 devotionem
3405 1134 3620 1207 nostri
3684 1135 3901 1208 nomi·

1070 1260 1182 1332 nis
1212 1260 1662 1352 abjurarunt,
1698 1260 1770 1331 in
1806 1260 2010 1332 Stiria
2054 1271 2126 1332 et
2156 1259 2473 1332 Carniola
2507 1267 2747 1351 tenent
2785 1268 2855 1330 et
2885 1258 3282 1352 possident,
3319 1259 3412 1330 ad
3445 1279 3693 1330 manus
3735 1278 3897 1329 nos-

1074 1393 1216 1455 tras
1265 1382 1646 1477 recipiendi
1693 1392 1766 1454 et
1810 1404 1894 1456 ea
1943 1384 2270 1456 omnibus
2316 1383 2454 1454 illis
2498 1383 2620 1475 qui
2669 1379 2763 1454 ad
2803 1402 2926 1454 cor
2960 1382 3221 1455 reversi
3257 1381 3348 1454 ad
3380 1379 3785 1453 fidelitatem
3830 1390 3901 1453 et

1072 1507 1351 1579 servitia
1370 1516 1606 1578 nostra
1636 1506 1865 1597 redire
1894 1528 2072 1601 puro
2095 1508 2306 1579 corde
2328 1506 2702 1595 voluerint,
2724 1504 3106 1598 obligandi,
3128 1505 3356 1576 eidem
3371 1505 3605 1576 comiti
3623 1506 3898 1599 plenam

1071 1632 1491 1704 contulimus
1524 1638 1983 1724 potestatem3
2020 1628 2356 1723 quicquid
2387 1629 2574 1701 idem
2606 1649 2841 1700 comes
2876 1629 2966 1701 de
2994 1628 3324 1724 predictis
3354 1629 3901 1724 possessionibus

1073 1754 1378 1826 ethonis
1407 1754 1766 1848 capiendis
1802 1764 1875 1826 et
1906 1753 2307 1849 supradicto
2342 1753 2553 1824 modo
2594 1752 2988 1844 obligandis
3018 1752 3184 1824 fecit
3216 1754 3331 1825 vel
3363 1754 3436 1823 in
3477 1763 3682 1825 antea
3715 1754 3898 1826 fece-

1074 1878 1191 1967 rit,
1211 1887 1438 1949 ratum
1467 1887 1540 1949 et
1565 1876 1844 1948 firmum
1866 1877 2357 1949 inviolabiliter
2381 1874 2751 1947 habebitur
2785 1872 2966 1971 (sic).
2999 1874 3112 1947 Ad
3138 1878 3337 1967 cujus
3368 1876 3468 1948 rei
3497 1876 3896 1948 memoriam

1075 2010 1148 2074 et
1182 2001 1496 2073 stabilem
1548 1998 1943 2072 firmitatem
1986 2022 2272 2097 presens
2303 2001 2636 2095 scriptum
2678 1998 2828 2072 fieri
2868 2010 2941 2072 et
2972 2000 3355 2093 majestatis
3397 2010 3632 2073 nostre
3672 2000 3898 2093 sigillo

1069 2141 1399 2213 jussimus
1432 2140 1870 2191 communiri.

1170 2242 1425 2314 Actum
1476 2242 1683 2336 Fogie
1702 2295 1721 2331 ‚
1787 2262 1974 2315 anno
2028 2241 2389 2315 Dominice
2444 2241 2938 2315 incarnationis
3004 2242 3371 2316 millesimo
3425 2242 3900 2347 ducentesimo

1076 2364 1606 2461 quadragesimo
1628 2386 1815 2437 nono
1840 2418 1862 2456 ,
1892 2385 2134 2436 mense
2166 2364 2473 2437 octobris
2494 2418 2515 2456 ‚
2547 2373 2795 2438 octava
2828 2364 3236 2438 indictione.

1483 2654 2212 2665 ww.q——-
2229 2655 3443 2668 --0.-·——.—-——--——-—-—————-

1185 2917 1648 3024 Fridericus,
1693 2915 2218 2998 Romanorum
2262 2914 2702 3025 imperator,
2745 2924 3047 3027 gratam
3080 2916 3313 3001 habet
3355 2917 3899 3027 obligationem

1076 3076 1211 3160 per
1263 3051 1617 3136 comitem
1685 3048 2011 3134 Goritiae
2072 3049 2552 3156 capitaneum
2617 3074 2844 3132 suum
2897 3049 2978 3131 in
3033 3049 3280 3161 Styria
3334 3051 3428 3134 Η.
3491 3052 3748 3135 comiti
3800 3054 3900 3136 de

1079 3184 1545 3293 Ortemburg
1580 3183 1786 3290 apud
1821 3182 2149 3290 Grazlup
2194 3207 2335 3290 pro
2371 3181 2741 3265 sexcentis
2777 3181 3055 3264 marcis
3091 3184 3386 3293 argenti
3422 3183 3730 3267 factam.

1242 3381 1430 3461 (Edit.
1468 3399 1568 3459 ap.
1599 3381 1848 3453 Cannu,
1882 3381 2093 3442 Fontes
2126 3398 2245 3444 rer.
2290 3380 2615 3455 Ameriae„
2662 3382 3096 3458 diplomatarta,
3120 3400 3258 3461 pars
3284 3385 3345 3457 Ι,
3381 3402 3441 3462 p.
3477 3394 3573 3452 20,
3610 3402 3688 3446 ex
3712 3388 3897 3466 ortgl-

1311 3487 1436 3547 nalt
1482 3488 1546 3546 in
1594 3486 1759 3547 arch.
1797 3486 2175 3563 Vindobon.;
2223 3494 2531 3548 memorat.
2572 3503 2672 3565 ap.
2716 3487 3046 3564 Bosana,
3089 3488 3315 3571 Reqest.
3360 3490 3595 3570 imper..
3640 3509 3699 3569 p.
3750 3501 3894 3575 ²09,

1317 3601 1386 3652 η’
1414 3591 1614 3671 1169.)

1173 3761 1560 3836 Fridericus
1589 3763 1713 3834 Dei
1740 3763 1962 3856 gratia
1996 3763 2468 3836 Romanorum
2504 3765 2880 3861 imperator
2909 3787 3186 3862 semper
3216 3778 3551 3859 augustus
3572 3821 3592 3859 ,
3620 3770 3896 3843 Jerusa-

1078 3890 1218 3960 lem
1256 3896 1326 3959 et
1356 3887 1584 3958 Sicilie
1638 3908 1794 3958 rex.
1845 3887 1978 3958 Per
2016 3907 2302 3982 presens
2347 3886 2680 3983 scriptum
2713 3898 2955 3960 notum
2999 3887 3150 3960 fieri
3199 3892 3521 3963 volumus
3556 3893 3899 3967 universis

1077 4010 1348 4109 imperii
1380 4008 1700 4082 fidelibus
1739 4020 1878 4081 tam
1923 4009 2363 4107 presentibus
2392 4030 2603 4102 quam
2652 4011 2901 4082 futuris
2940 4010 3132 4105 quod
3176 4034 3335 4084 cum
3368 4036 3496 4086 nos
3530 4017 3624 4087 M.
3662 4018 3899 4090 comiti

1077 4135 1335 4210 Goritie
1375 4134 1742 4229 capitaneo
1778 4133 2009 4224 Stirie,
2041 4133 2298 4205 dilecto
2321 4130 2510 4205 fideli
2545 4144 2810 4225 nostro,
2843 4134 3198 4227 obligandi
3230 4137 3320 4207 de
3348 4139 3900 4230 possessionibus

1078 4260 1332 4333 nostris
1389 4259 1462 4329 in
1506 4258 1710 4329 Stiria
1764 4267 1836 4329 et
1878 4257 2193 4329 Carniola
2246 4278 2376 4351 pro
2427 4256 2722 4330 servitiis
2778 4258 3032 4330 nostris
3084 4260 3359 4352 plenam
3402 4264 3897 4336 contulerimus

1080 4390 1530 4480 potestatem,
1582 4379 2075 4472 obligationem
2135 4380 2388 4451 factam
2446 4401 2572 4476 per
2621 4379 2943 4452 eumdem
3000 4383 3325 4454 comitem
3369 4385 3455 4454 Η.
3512 4386 3746 4458 comiti
3804 4388 3895 4461 de

1079 4503 1537 4578 Ortemburch
1583 4503 1838 4576 dilecto
1868 4500 2057 4574 fideli
2090 4512 2328 4575 nostro
2370 4501 2561 4597 apud
2591 4503 2888 4599 Grazlup
2928 4499 3035 4600 (⁴)
3084 4525 3210 4600 pro
3261 4507 3609 4580 sexcentis
3644 4509 3897 4581 marcis

1153 4727 1224 4802 (4)
1261 4724 1518 4800 Οτοεεῑαρ
1545 4724 1600 4782 in
1624 4724 1983 4783 Naustadensi
2010 4723 2255 4797 regione,
2286 4724 2338 4780 in
2367 4723 2668 4782 Kar-inthia.
