4525 6031
727 2533 951 2630 chiffl„

721 2643 775 2685 τι
790 2616 990 2694 jannuii

1076 654 1202 717 916
2186 654 2812 718 ADDHAMENTA.

1080 793 1291 864 etiam
1343 802 1414 863 et
1464 790 1801 887 imperiali
1847 791 2265 864 sanc-tientes
2304 791 2571 885 edicte,
2629 792 2958 886 quatinus
2999 791 3234 863 nuilus
3271 789 3361 862 sit
3384 789 3911 886 quipredictam

1081 915 1604 987 universitatem
1651 925 1722 987 et
1779 914 2128 1005 homines,
2184 915 2429 989 fideles
2454 926 2766 1007 nostros,
2798 917 2869 988 in
2898 914 3038 990 fide
3072 924 3144 987 et
3173 913 3547 988 devotione
3575 924 3813 986 nostra
3840 923 3913 986 et

1083 1040 1354 1134 imperii
1426 1039 1910 1134 persistentes,
1997 1050 2237 1112 contra
2308 1042 2652 1136 presentis
2718 1038 3169 1136 protectionis
3237 1047 3309 1110 et
3369 1037 3913 1111 confirmationis

1084 1172 1320 1235 nostre
1354 1173 1666 1233 tenorem
1706 1164 2072 1234 molestare
2113 1185 2234 1235 seu
2289 1166 2696 1259 perturbare
2732 1173 3113 1260 presumat.
3152 1162 3356 1247 Quod
3390 1163 3513 1262 qui
3543 1183 3911 1257 presump-

1086 1285 1286 1376 serit,
1337 1286 1886 1378 indignationem
1937 1286 2156 1359 nostri
2210 1288 2531 1358 culminis
2580 1309 2654 1358 se
2700 1288 2975 1359 noverit
3020 1287 3488 1357 incursurum.
3543 1284 3655 1356 Ad
3703 1283 3911 1375 hujus

1086 1411 1323 1502 itaque
1376 1410 1825 1504 protectionis
1865 1421 1938 1482 et
1975 1409 2521 1482 confirmationis
2563 1421 2799 1482 nostre
2844 1409 3250 1481 memoriam
3301 1419 3373 1480 et
3413 1408 3628 1481 robur
3652 1408 3909 1479 valitu-

1085 1554 1284 1620 rum,
1322 1554 1614 1627 presens
1658 1533 1991 1628 scriptum
2038 1532 2187 1606 fleri
2238 1544 2309 1606 et
2353 1534 2579 1627 sigillo
2629 1534 3010 1627 majestatis
3061 1543 3295 1605 nostre
3334 1531 3668 1624 jussimus
3715 1552 3908 1604 com·

1088 1655 1370 1729 muniri.

1185 1779 1436 1851 Datum
1485 1781 1827 1869 Grosseti,
1874 1802 2062 1852 anno
2114 1781 2459 1854 dominice
2515 1781 3009 1853 incarnationis
3036 1780 3402 1852 millesimo
3434 1777 3910 1852 ducentesimo

1087 1904 1619 1998 quadragesimo
1642 1905 1886 1998 quinto
1904 1957 1924 1995 ,
1954 1927 2192 1976 mense
2216 1906 2545 1997 januarii,
2579 1915 2825 2000 quarte
2852 1891 3243 1977 indictionis
3269 1901 3400 2000 (⁴).

1197 2530 1577 2613 Amedeus
1600 2590 1624 2636 ‚
1683 2555 1938 2612 comes
1993 2527 2462 2637 Sabaudiae,
2522 2527 2622 2610 ab
2679 2528 3131 2637 imperatore
3183 2526 3561 2611 Friderico
3633 2526 3915 2611 arbiter

1092 2662 1585 2771 constitutus·‚
1648 2663 1781 2745 dat
1835 2661 2285 2744 sententiam
2352 2674 2436 2744 ut
2492 2661 2927 2744 Bonifacius
2982 2658 3323 2743 marchio
3371 2659 3913 2745 Montisferrati

1091 2796 1486 2906 promittat
1541 2794 1825 2877 Henzio
1885 2796 2044 2904 regi
2105 2793 2501 2876 Sardiniae
2563 2794 2817 2903 legato
2876 2793 3354 2903 imperatoris
3415 2819 3496 2875 se
3548 2793 3914 2876 daturum

1095 2929 1374 3011 milites
1428 2939 1502 3011 et
1547 2927 1696 3009 alia
1751 2926 2133 3037 adjutoria
2196 2926 2636 3036 imperatori
2690 2935 2955 3009 contra
3017 2924 3336 3010 rebelles
3393 2923 3909 3034 LombardOS‚

1094 3064 1338 3147 donec
1382 3063 1651 3145 arserit
1712 3060 2001 3144 bellum
2055 3072 2131 3143 et
2190 3059 2533 3144 rebellio.
2594 3061 2803 3144 Idem
2852 3060 3225 3170 promittit
3280 3059 3621 3143 marchio
3667 3058 3911 3142 Salu-

1096 3194 1342 3277 censis
1387 3205 1464 3277 et
1512 3196 1834 3304 spondet
1886 3195 2268 3276 Amedeus
2318 3220 2458 3302 pro
2512 3193 2951 3277 marchione
3002 3192 3542 3277 Montisferrati
3570 3254 3595 3296 ‚
3672 3193 3916 3276 donec

1094 3325 1196 3408 sit
1241 3328 1324 3407 in
1380 3327 1785 3409 concordia
1821 3351 2003 3408 cum
2039 3325 2528 3427 Astensibus3
2568 3325 3095 3435 praesentibus
3132 3325 3427 3409 Thoma
3470 3326 3566 3408 de
3610 3324 3918 3408 Saban-

1095 3459 1224 3540 dia
1259 3458 1574 3564 comite,
1622 3458 1708 3541 P.
1750 3459 1847 3540 de
1881 3457 2292 3542 Plosascho
2327 3469 2403 3541 et
2436 3458 2633 3540 aliis.

1261 3672 1604 3753 (Memorat.
1634 3680 1693 3733 et
1719 3679 1874 3734 extr.
1905 3689 2004 3751 ap.
2035 3674 2628 3746 Wnnsrmnaenn,
2667 3669 2865 3736 δοιώ.
2894 3669 3000 3733 der
3036 3669 3239 3733 Thous.
3266 3686 3379 3733 υοπ
3407 3667 3698 3745 Sabata..
3724 3677 3773 3732 t.
3803 3671 3914 3748 IV,

1338 3797 1398 3858 p.
1437 3787 1572 3852 106,
1603 3789 1670 3839 ιι·
1703 3786 1840 3856 192,
1870 3794 1946 3838 ex
1974 3777 2301 3838 Zlbaldone
2326 3776 2743 3857 Pingoniano.)

1197 3961 1476 4061 [Actum
1507 3961 1721 4062 anno]
1752 3965 1847 4036 M.
1867 3963 2209 4035 CC.XLV1
2228 4015 2249 4054 ,
2275 3962 2579 4056 januarii
2612 3963 2726 4037 die
2753 3963 3000 4036 XXVII
3020 4014 3042 4053 ,
3072 3962 3262 4058 apud
3294 3962 3634 4035 ciriacum
3664 3959 3806 4059 (2),
3844 3962 3918 4034 in

1096 4088 1307 4160 domo
1342 4087 1786 4160 marchionis.

1170 4387 1246 4457 (⁴)
1281 4386 1343 4443 ln
1365 4401 1461 4443 ora
1486 4384 1719 4444 inferiori
1747 4399 2101 4460 pergamenae
2118 4382 2314 4457 iegitur
2336 4397 2532 4440 nomen
2550 4381 2862 4457 Philippus,
2889 4381 3036 4455 quod
3055 4381 3267 4455 signum
3291 4382 3491 4439 notarii
3514 4388 3926 4457 repraesentare

1093 4480 1388 4540 ‹zi-edimus.
1417 4481 1500 4540 Cf.
1530 4482 1677 4556 quod
1701 4496 1867 4554 supra
1892 4480 2216 4552 monuimus,
2246 4496 2307 4554 p.
2333 4483 2459 4549 3⁴3,
2488 4483 2621 4549 329.
2651 4487 2709 4539 et
2730 4478 3133 4548 Introduction.
3158 4495 3215 4554 p.
3242 4479 3520 4538 CXXXV.

1170 4579 1245 4654 (2)
1282 4578 1653 4637 verisimiliter
1673 4577 1956 4650 Chamon,
1978 4578 2036 4635 in
2058 4578 2308 4652 partibus
2328 4576 2682 4636 Pedemontis.
