4525 6031
982 531 1106 594 590
1981 526 2415 591 mmmmm
2463 524 2818 590 ssscumm
3419 526 3588 605 [An.
3623 526 3810 591 1248.

1080 662 1522 763 [Fridericus,
1545 659 1718 761 etc.]
1741 664 2033 736 Litteras
2052 672 2324 734 vestras
2348 662 2553 736 solita
2577 659 3007 753 benignitate
3037 660 3427 755 recepimus
3457 662 3550 733 ab
3579 663 3813 735 excel-

981 789 1198 861 lentia
1227 798 1465 861 nostra
1497 787 1899 882 suppliciter
1929 786 2291 879 exigentes
2331 787 2660 880 quatinus
2694 805 2821 879 pro
2855 783 3232 856 liberandis
3262 783 3684 876 quibusdam
3713 806 3812 860 ex

984 912 1389 988 concivibus
1431 911 1683 982 vestris
1726 909 2048 984 fidelibus
2090 910 2380 1001 nostris,
2428 910 2551 1003 qui
2598 919 2910 1004 tempore
2945 907 3174 979 subite
3209 907 3609 980 rebellionis
3638 910 3806 982 Par·

984 1034 1327 1107 mensium
1367 1034 1610 1104 Parme
1649 1033 1834 1128 capti
1863 1042 2028 1104 suut
2063 1042 2135 1104 et
2165 1031 2428 1104 carceri
2468 1031 2898 1120 detinentur,
2940 1039 3355 1101 excontrum
3401 1039 3812 1126 competens

985 1156 1075 1229 de
1109 1156 1403 1251 captivis
1429 1177 1671 1228 eorum
1701 1177 1878 1250 quos
1907 1164 2148 1228 noster
2171 1175 2410 1227 carcer
2432 1153 2750 1243 includit,
2764 1152 3152 1225 concedere
3169 1152 3541 1245 benignius
3567 1152 3813 1246 digna-

984 1304 1246 1353 remur.
1285 1283 1428 1353 Nos
1473 1291 1706 1352 autem
1748 1281 1868 1373 qui
1917 1278 2127 1353 fidem
2173 1289 2482 1352 vestram
2527 1278 2949 1351 continuatis
2998 1277 3404 1373 experimur
3454 1277 3811 1371 obsequiis

984 1406 1433 1497 fructuosam,
1472 1405 2009 1500 supplicationes
2036 1414 2305 1475 vestras
2335 1403 2853 1477 admisissemus
2879 1411 2950 1472 et
2981 1402 3259 1490 merito,
3283 1402 3478 1472 velut
3507 1402 3628 1495 qui
3658 1421 3808 1473 ma·

982 1529 1190 1600 nibus
1222 1527 1499 1599 tractari
1530 1528 1930 1599 nocentium
1961 1528 2104 1621 pati
2140 1548 2284 1599 non
2311 1547 2681 1621 possumus
2707 1526 3115 1597 innocentes
3145 1533 3219 1596 et
3247 1524 3545 1596 carceris
3575 1524 3810 1595 subire

984 1651 1392 1746 martyrium
1422 1650 1677 1744 quibus
1708 1650 2179 1722 retributionis
2209 1651 2450 1743 augeri
2484 1649 2752 1745 premia
2785 1657 3215 1721 meruerunt.
3263 1648 3540 1719 Restitit
3575 1659 3808 1721 tamen

985 1774 1327 1848 voluntati
1358 1784 1593 1845 nostre
1625 1774 2029 1864 necessitas,
2066 1795 2204 1866 que
2245 1774 2689 1845 manifestum
2734 1785 2807 1844 et
2849 1792 3148 1844 comune
3189 1771 3637 1844 commodum
3675 1771 3809 1843 dir·

984 1902 1166 1971 ferre
1210 1921 1333 1970 seu
1379 1898 1717 1991 impedire
1759 1896 2282 1990 quodammodo
2320 1918 2414 1968 ex
2450 1894 2846 1988 huJusmodi
2881 1904 3122 1967 mutue
3154 1895 3582 1967 liberationis
3613 1893 3810 1966 initio

980 2022 1379 2094 videbatur.
1422 2022 1594 2093 Cum
1639 2020 1826 2092 euim
1871 2042 1968 2092 ex
2011 2020 2305 2115 captivis
2346 2019 2819 2093 Parmensium
2867 2039 3046 2112 quos
3082 2019 3174 2091 ad
3215 2018 3549 2091 indicium
3583 2016 3811 2090 finalis

980 2145 1270 2217 victorie
1309 2144 1477 2216 belli
1521 2143 1723 2214 uobis
1762 2143 2062 2238 primitie
2103 2145 2564 2237 pretulerunt‚
2603 2143 2955 2215 civitatem
2992 2140 3312 2215 eamdem
3349 2141 3531 2214 sicut
3558 2139 3810 2234 aliqui-

981 2270 1114 2341 bus
1157 2268 1528 2363 opinamur
1565 2267 1861 2358 indiciis,
1902 2268 1995 2341 ad
2023 2278 2343 2340 nostrum
2374 2268 2743 2341 credamus
2775 2267 3161 2340 dominium
3193 2287 3552 2356 revocare,
3591 2266 3651 2337 si
3683 2286 3810 2337 ex-

982 2402 1225 2465 contra
1263 2390 1660 2483 hujusmodi
1691 2413 1819 2485 pro
1845 2401 2011 2463 voto
2044 2391 2583 2487 supplicantium
2615 2389 2890 2481 fierent,
2917 2411 3046 2485 per
3060 2388 3410 2462 commodi
3433 2389 3809 2485 particula-

982 2517 1078 2588 ris
1105 2516 1378 2589 initium
1404 2516 1571 2587 boni
1598 2516 1942 2608 generalis
1973 2516 2261 2607 utilitas,
2285 2516 2476 2609 quod
2498 2537 2626 2587 vos
2641 2516 2825 2587 velle
2850 2536 2994 2586 non
3022 2514 3400 2603 credimuS,
3422 2514 3802 2586 tolleretur.

981 2639 1126 2711 Hiis
1171 2638 1409 2731 itaque
1463 2638 1746 2710 attentis
1772 2690 1791 2728 ,
1844 2660 2006 2731 egre
2063 2639 2245 2710 ferre
2296 2660 2440 2710 non
2484 2638 2689 2710 decet
2736 2647 2969 2710 vestra
3017 2635 3316 2710 fidelitas
3359 2636 3417 2707 si
3463 2635 3813 2731 supplica-

985 2761 1210 2835 tiones
1238 2771 1509 2835 vestras
1535 2761 1627 2832 ad
1655 2783 1946 2855 presens
1969 2762 2043 2832 in
2069 2761 2426 2857 premissis
2452 2782 2595 2832 non
2624 2760 2955 2833 duximus
2981 2760 3472 2833 admittendas.
3493 2760 3813 2832 Ceterum

988 2885 1047 2956 si
1097 2906 1191 2956 ex
1240 2884 1533 2979 captivis
1586 2884 1739 2955 aliis
1786 2906 1914 2979 per
1966 2893 2383 2958 excontrum
2431 2883 2833 2976 hujusmodi
2882 2884 3164 2958 devotio
3214 2893 3446 2957 vestra
3490 2881 3806 2978 petierit,

989 3018 1252 3103 quanto
1288 3008 1438 3079 sine
1478 3007 1927 3100 negociorum
1971 3008 2443 3081 communium
2482 3007 2791 3081 evidenti
2837 3006 3148 3104 periculo
3177 3007 3520 3082 sustinere
3550 3003 3815 3102 poteri-

990 3153 1175 3222 muS‚
1215 3130 1528 3225 petitioni
1562 3141 1795 3203 vestre
1824 3141 2063 3205 nostra
2094 3132 2430 3204 serenitas
2458 3132 2999 3205 condescendet.

2385 3390 2488 3460 111

1158 3562 1349 3640 (Edit.
1378 3578 1477 3639 ap.
1507 3562 1676 3623 Petra·
1700 3561 1771 3623 aa
1806 3563 1935 3624 ven.
1970 3563 2165 3644 epm„
2196 3563 2303 3624 llb-
2325 3565 2449 3638 m,
2480 3581 2612 3643 cap.
2644 3563 2838 3646 Lm.)

1095 3743 1543 3844 [FridericuS‚
1582 3744 1753 3844 etc.]
1788 3748 2025 3820 Fidem
2065 3748 2337 3821 solitam
2382 3758 2454 3820 et
2500 3748 2945 3822 devotionem
2993 3747 3429 3840 evidentem,
3473 3768 3688 3841 quam
3725 3747 3819 3821 ab

995 3879 1291 3966 experto
1321 3870 1393 3940 in
1424 3870 1681 3942 nostris
1707 3870 2006 3943 servitiis
2038 3880 2105 3942 te
2133 3871 2460 3943 habuisse
2493 3871 2919 3944 incessanter
2949 3881 3022 3943 et
3045 3870 3306 3944 habere
3333 3871 3814 3965 cognovimus,

991 3994 1239 4066 merito
1272 3994 1866 4086 commendanteS,
1904 3994 1998 4066 ad
2033 3994 2268 4065 futura
2303 3994 2589 4066 culmini
2626 4004 2864 4067 nostro
2898 3993 3455 4067 commendanda
3484 3995 3819 4088 obsequia

994 4118 1302 4189 animare
1343 4117 1443 4189 sic
1480 4128 1548 4189 te
1588 4119 1913 4190 volumus
1951 4139 2112 4189 cum
2149 4116 2438 4208 affectu,
2475 4127 2557 4189 ut
2599 4127 2741 4189 tam
2773 4117 2865 4190 de
2895 4118 3242 4213 preteritis
3270 4118 3488 4210 gratis
3523 4116 3821 4190 servitiis

996 4261 1207 4335 quam
1249 4240 1339 4313 de
1379 4241 1628 4312 futuris
1681 4251 1797 4312 tue
1845 4240 2236 4313 devotionis
2283 4240 2593 4313 studium
2632 4239 2942 4312 hilariter
2983 4242 3212 4334 dignis
3251 4241 3823 4314 retributionibus

995 4385 1551 4458 compensemus·
1605 4366 1830 4458 Super
1878 4365 2286 4436 liberatione
2330 4385 2500 4437 vero
2541 4363 2664 4436 filii
2712 4364 2852 4457 tui,
2895 4365 3017 4460 qui
3065 4387 3194 4461 pro
3248 4364 3387 4437 fide
3441 4365 3824 4458 majestatis

996 4496 1231 4558 nostre
1262 4487 1605 4560 servanda
1624 4540 1644 4576 ,
1687 4508 1848 4558 cum
1879 4487 2297 4581 quibusdam
2335 4487 2489 4559 aliis
2531 4488 2784 4561 nostris
2822 4487 3146 4562 fidelibus
3185 4498 3431 4583 captus
3473 4488 3825 4560 detinetur

997 4608 1070 4678 in
1100 4607 1380 4698 Parma,
1417 4630 1547 4704 pro
1578 4629 1721 4703 quo
1762 4608 2123 4681 liberando
2164 4608 2451 4680 culmini
2490 4618 2731 4683 nostro
2767 4609 3125 4683 humiliter
3163 4609 3603 4705 supplicasti,
3648 4608 3826 4683 seire
