<?xml version="1.0" encoding="UTF-8"?>
<!DOCTYPE html PUBLIC "-//W3C//DTD XHTML 1.0 Transitional//EN"
    "http://www.w3.org/TR/xhtml1/DTD/xhtml1-transitional.dtd">
<html xmlns="http://www.w3.org/1999/xhtml" xml:lang="en" lang="en">
 <head>
  <title>
</title>
<meta http-equiv="Content-Type" content="text/html;charset=utf-8" />
  <meta name='ocr-system' content='tesseract 3.04.00' />
  <meta name='ocr-capabilities' content='ocr_page ocr_carea ocr_par ocr_line ocrx_word'/>
</head>
<body>
  <div class='ocr_page' id='page_1' title='image "./historiadiploma01empegoog_0449.png"; bbox 0 0 4525 6031; ppageno 0'>
   <div class='ocr_carea' id='block_1_1' title="bbox 1620 641 3535 723">
    <p class='ocr_par' dir='ltr' id='par_1_1' title="bbox 1620 641 3535 723">
     <span class='ocr_line' id='line_1_1' title="bbox 1620 641 3535 723; baseline 0.008 -15"><span class='ocrx_word' id='word_1_1' title='bbox 1620 641 1876 708; x_wconf 77' lang='lat' dir='ltr'><strong>INDEX</strong></span> <span class='ocrx_word' id='word_1_2' title='bbox 1922 643 2618 711; x_wconf 71' lang='lat' dir='ltr'><strong>nocnmsswronum,</strong></span> <span class='ocrx_word' id='word_1_3' title='bbox 3282 656 3291 665; x_wconf 83' lang='grc'><em>’</em></span> <span class='ocrx_word' id='word_1_4' title='bbox 3417 650 3535 723; x_wconf 78' lang='lat'><strong>991</strong></span> 
     </span>
    </p>
   </div>
   <div class='ocr_carea' id='block_1_2' title="bbox 1451 835 1570 4813">
    <p class='ocr_par' dir='ltr' id='par_1_2' title="bbox 1451 835 1570 4813">
     <span class='ocr_line' id='line_1_2' title="bbox 1451 835 1477 1200; baseline 0 -94"><span class='ocrx_word' id='word_1_5' title='bbox 1451 835 1477 1200; x_wconf 95' lang='lat' dir='ltr'><strong>   </strong></span> 
     </span>
     <span class='ocr_line' id='line_1_3' title="bbox 1451 1200 1562 1413; baseline 0 0"><span class='ocrx_word' id='word_1_6' title='bbox 1451 1200 1562 1413; x_wconf 95' lang='lat' dir='ltr'><strong>   </strong></span> 
     </span>
     <span class='ocr_line' id='line_1_4' title="bbox 1453 1413 1555 1740; baseline 0 0"><span class='ocrx_word' id='word_1_7' title='bbox 1453 1413 1555 1740; x_wconf 95' lang='lat' dir='ltr'><strong>  </strong></span> 
     </span>
     <span class='ocr_line' id='line_1_5' title="bbox 1454 1740 1480 2058; baseline 0 -190"><span class='ocrx_word' id='word_1_8' title='bbox 1454 1740 1480 2058; x_wconf 95' lang='lat' dir='ltr'><strong>   </strong></span> 
     </span>
     <span class='ocr_line' id='line_1_6' title="bbox 1454 2058 1480 2443; baseline 0 -348"><span class='ocrx_word' id='word_1_9' title='bbox 1454 2058 1480 2443; x_wconf 95' lang='lat' dir='ltr'><strong>    </strong></span> 
     </span>
     <span class='ocr_line' id='line_1_7' title="bbox 1456 2443 1481 2770; baseline 0 -291"><span class='ocrx_word' id='word_1_10' title='bbox 1456 2443 1481 2770; x_wconf 95' lang='lat' dir='ltr'><strong>    </strong></span> 
     </span>
     <span class='ocr_line' id='line_1_8' title="bbox 1457 2770 1481 3222; baseline 0 -97"><span class='ocrx_word' id='word_1_11' title='bbox 1457 2770 1481 3222; x_wconf 95' lang='lat' dir='ltr'><strong>    </strong></span> 
     </span>
     <span class='ocr_line' id='line_1_9' title="bbox 1457 3222 1481 3508; baseline 0 -193"><span class='ocrx_word' id='word_1_12' title='bbox 1457 3222 1481 3508; x_wconf 95' lang='lat' dir='ltr'><strong>   </strong></span> 
     </span>
     <span class='ocr_line' id='line_1_10' title="bbox 1461 3508 1570 3838; baseline 0 -131"><span class='ocrx_word' id='word_1_13' title='bbox 1461 3508 1570 3838; x_wconf 95' lang='lat' dir='ltr'><strong>    </strong></span> 
     </span>
     <span class='ocr_line' id='line_1_11' title="bbox 1464 3838 1564 4813; baseline 0 0"><span class='ocrx_word' id='word_1_14' title='bbox 1464 3838 1564 4813; x_wconf 95' lang='lat' dir='ltr'><strong>  </strong></span> 
     </span>
    </p>
   </div>
   <div class='ocr_carea' id='block_1_3' title="bbox 723 853 1377 1060">
    <p class='ocr_par' dir='ltr' id='par_1_3' title="bbox 723 853 1377 1060">
     <span class='ocr_line' id='line_1_12' title="bbox 726 853 952 930; baseline -0.004 0"><span class='ocrx_word' id='word_1_15' title='bbox 726 853 952 930; x_wconf 74' lang='lat'><strong>1245</strong></span> 
     </span>
     <span class='ocr_line' id='line_1_13' title="bbox 723 980 1377 1060; baseline -0.005 -18"><span class='ocrx_word' id='word_1_16' title='bbox 723 984 919 1060; x_wconf 63' lang='lat' dir='ltr'><strong>juiio.</strong></span> <span class='ocrx_word' id='word_1_17' title='bbox 1087 980 1377 1043; x_wconf 81' lang='lat' dir='ltr'><strong>Veronae.</strong></span> 
     </span>
    </p>
   </div>
   <div class='ocr_carea' id='block_1_4' title="bbox 701 961 975 973">
    <p class='ocr_par' dir='ltr' id='par_1_4' title="bbox 701 961 975 973">
     <span class='ocr_line' id='line_1_14' title="bbox 701 961 975 973; baseline 0 5058"><span class='ocrx_word' id='word_1_18' title='bbox 701 961 975 973; x_wconf 95' lang='lat' dir='ltr'><strong> </strong></span> 
     </span>
    </p>
   </div>
   <div class='ocr_carea' id='block_1_5' title="bbox 1477 968 3538 1060">
    <p class='ocr_par' dir='ltr' id='par_1_5' title="bbox 1477 968 3538 1060">
     <span class='ocr_line' id='line_1_15' title="bbox 1477 968 3538 1060; baseline 0.004 -25"><span class='ocrx_word' id='word_1_19' title='bbox 1477 1003 1555 1022; x_wconf 89' lang='lat'><strong>-·-</strong></span> <span class='ocrx_word' id='word_1_20' title='bbox 1594 968 2005 1036; x_wconf 78' lang='lat' dir='ltr'><strong>Gottofredum</strong></span> <span class='ocrx_word' id='word_1_21' title='bbox 2033 978 2095 1034; x_wconf 77' lang='lat' dir='ltr'><strong>et</strong></span> <span class='ocrx_word' id='word_1_22' title='bbox 2133 972 2472 1035; x_wconf 78' lang='lat' dir='ltr'><strong>conradum</strong></span> <span class='ocrx_word' id='word_1_23' title='bbox 2508 973 2582 1036; x_wconf 84' lang='lat' dir='ltr'><strong>de</strong></span> <span class='ocrx_word' id='word_1_24' title='bbox 2606 973 2955 1041; x_wconf 76' lang='lat' dir='ltr'><strong>Bobeniobe</strong></span> <span class='ocrx_word' id='word_1_25' title='bbox 2990 987 3180 1043; x_wconf 87' lang='lat' dir='ltr'><strong>certos</strong></span> <span class='ocrx_word' id='word_1_26' title='bbox 3207 981 3348 1043; x_wconf 80' lang='lat' dir='ltr'><strong>facit</strong></span> <span class='ocrx_word' id='word_1_27' title='bbox 3374 984 3538 1060; x_wconf 85' lang='lat' dir='ltr'><strong>quod</strong></span> 
     </span>
    </p>
   </div>
   <div class='ocr_carea' id='block_1_6' title="bbox 1553 1068 3538 1252">
    <p class='ocr_par' dir='ltr' id='par_1_6' title="bbox 1553 1068 3538 1252">
     <span class='ocr_line' id='line_1_16' title="bbox 1553 1068 3538 1156; baseline 0.005 -25"><span class='ocrx_word' id='word_1_28' title='bbox 1553 1083 1655 1131; x_wconf 84' lang='lat' dir='ltr'><strong>eos</strong></span> <span class='ocrx_word' id='word_1_29' title='bbox 1680 1068 1842 1130; x_wconf 87' lang='lat' dir='ltr'><strong>nulio</strong></span> <span class='ocrx_word' id='word_1_30' title='bbox 1867 1084 2134 1147; x_wconf 72' lang='lat' dir='ltr'><strong>uuquam</strong></span> <span class='ocrx_word' id='word_1_31' title='bbox 2165 1076 2429 1146; x_wconf 80' lang='lat' dir='ltr'><strong>tempore</strong></span> <span class='ocrx_word' id='word_1_32' title='bbox 2461 1072 2736 1150; x_wconf 75' lang='lat' dir='ltr'><strong>gravabit</strong></span> <span class='ocrx_word' id='word_1_33' title='bbox 2761 1091 2937 1152; x_wconf 86' lang='lat' dir='ltr'><strong>super</strong></span> <span class='ocrx_word' id='word_1_34' title='bbox 2967 1081 3335 1156; x_wconf 71' lang='lat' dir='ltr'><strong>possessione</strong></span> <span class='ocrx_word' id='word_1_35' title='bbox 3359 1083 3538 1140; x_wconf 87' lang='lat' dir='ltr'><strong>castri</strong></span> 
     </span>
     <span class='ocr_line' id='line_1_17' title="bbox 1553 1162 3532 1252; baseline 0.004 -24"><span class='ocrx_word' id='word_1_36' title='bbox 1553 1162 1769 1243; x_wconf 75' lang='lat' dir='ltr'><strong>Sciphe</strong></span> <span class='ocrx_word' id='word_1_37' title='bbox 1792 1166 1954 1242; x_wconf 86' lang='lat' dir='ltr'><strong>quod</strong></span> <span class='ocrx_word' id='word_1_38' title='bbox 1983 1166 2319 1227; x_wconf 77' lang='lat' dir='ltr'><strong>Ludo&#39;vicus</strong></span> <span class='ocrx_word' id='word_1_39' title='bbox 2344 1167 2420 1227; x_wconf 88' lang='lat' dir='ltr'><strong>de</strong></span> <span class='ocrx_word' id='word_1_40' title='bbox 2444 1167 2659 1245; x_wconf 85' lang='lat' dir='ltr'><strong>Scipbe</strong></span> <span class='ocrx_word' id='word_1_41' title='bbox 2684 1171 2904 1232; x_wconf 86' lang='lat' dir='ltr'><strong>eisdem</strong></span> <span class='ocrx_word' id='word_1_42' title='bbox 2930 1192 3040 1252; x_wconf 88' lang='lat' dir='ltr'><strong>pro</strong></span> <span class='ocrx_word' id='word_1_43' title='bbox 3066 1175 3313 1235; x_wconf 88' lang='lat' dir='ltr'><strong>emenda</strong></span> <span class='ocrx_word' id='word_1_44' title='bbox 3341 1181 3403 1235; x_wconf 91' lang='lat' dir='ltr'><strong>et</strong></span> <span class='ocrx_word' id='word_1_45' title='bbox 3429 1192 3532 1235; x_wconf 91' lang='lat' dir='ltr'><strong>sa-</strong></span> 
     </span>
    </p>
   </div>
   <div class='ocr_carea' id='block_1_7' title="bbox 1555 1262 3541 1537">
    <p class='ocr_par' dir='ltr' id='par_1_7' title="bbox 1555 1262 3541 1537">
     <span class='ocr_line' id='line_1_18' title="bbox 1555 1262 3529 1330; baseline 0.004 -7"><span class='ocrx_word' id='word_1_46' title='bbox 1555 1262 1885 1323; x_wconf 79' lang='lat' dir='ltr'><strong>tisfactione</strong></span> <span class='ocrx_word' id='word_1_47' title='bbox 1906 1262 2286 1322; x_wconf 67' lang='lat' dir='ltr'><strong>contradidit.</strong></span> <span class='ocrx_word' id='word_1_48' title='bbox 3421 1277 3529 1330; x_wconf 77' lang='grc'><strong>861</strong></span> 
     </span>
     <span class='ocr_line' id='line_1_19' title="bbox 1597 1356 3541 1443; baseline 0.004 -24"><span class='ocrx_word' id='word_1_49' title='bbox 1597 1360 1877 1436; x_wconf 74' lang='lat' dir='ltr'><strong>Magistro</strong></span> <span class='ocrx_word' id='word_1_50' title='bbox 1912 1357 2211 1418; x_wconf 83' lang='lat' dir='ltr'><strong>Friderlco</strong></span> <span class='ocrx_word' id='word_1_51' title='bbox 2245 1356 2413 1418; x_wconf 70' lang='lat' dir='ltr'><strong>intro</strong></span> <span class='ocrx_word' id='word_1_52' title='bbox 2451 1361 2820 1437; x_wconf 82' lang='lat' dir='ltr'><strong>imperatoris</strong></span> <span class='ocrx_word' id='word_1_53' title='bbox 2866 1368 3156 1439; x_wconf 86' lang='lat' dir='ltr'><strong>promittit</strong></span> <span class='ocrx_word' id='word_1_54' title='bbox 3193 1366 3351 1443; x_wconf 85' lang='lat' dir='ltr'><strong>quod</strong></span> <span class='ocrx_word' id='word_1_55' title='bbox 3392 1383 3541 1427; x_wconf 87' lang='lat' dir='ltr'><strong>cus-</strong></span> 
     </span>
     <span class='ocr_line' id='line_1_20' title="bbox 1555 1454 3541 1537; baseline 0.004 -21"><span class='ocrx_word' id='word_1_56' title='bbox 1555 1455 1779 1516; x_wconf 82' lang='lat' dir='ltr'><strong>todiam</strong></span> <span class='ocrx_word' id='word_1_57' title='bbox 1815 1454 2070 1514; x_wconf 77' lang='lat' dir='ltr'><strong>forestas</strong></span> <span class='ocrx_word' id='word_1_58' title='bbox 2106 1470 2249 1516; x_wconf 81' lang='lat' dir='ltr'><strong>suae</strong></span> <span class='ocrx_word' id='word_1_59' title='bbox 2277 1455 2353 1515; x_wconf 87' lang='lat' dir='ltr'><strong>de</strong></span> <span class='ocrx_word' id='word_1_60' title='bbox 2392 1455 2757 1534; x_wconf 66' lang='lat' dir='ltr'><strong>flagitiumve,</strong></span> <span class='ocrx_word' id='word_1_61' title='bbox 2795 1460 3289 1537; x_wconf 79' lang='lat' dir='ltr'><strong>quandocumque</strong></span> <span class='ocrx_word' id='word_1_62' title='bbox 3331 1479 3541 1523; x_wconf 83' lang='lat' dir='ltr'><strong>vacare</strong></span> 
     </span>
    </p>
   </div>
   <div class='ocr_carea' id='block_1_8' title="bbox 1555 1550 3543 1718">
    <p class='ocr_par' dir='ltr' id='par_1_8' title="bbox 1555 1550 3543 1718">
     <span class='ocr_line' id='line_1_21' title="bbox 1557 1550 3543 1636; baseline 0.003 -23"><span class='ocrx_word' id='word_1_63' title='bbox 1557 1554 1868 1629; x_wconf 85' lang='lat' dir='ltr'><strong>contigerit</strong></span> <span class='ocrx_word' id='word_1_64' title='bbox 1885 1595 1904 1629; x_wconf 93' lang='lat'><strong>,</strong></span> <span class='ocrx_word' id='word_1_65' title='bbox 1950 1550 2221 1612; x_wconf 81' lang='lat' dir='ltr'><strong>Diernaro</strong></span> <span class='ocrx_word' id='word_1_66' title='bbox 2262 1553 2528 1629; x_wconf 81' lang='lat' dir='ltr'><strong>ejusdem</strong></span> <span class='ocrx_word' id='word_1_67' title='bbox 2577 1555 2858 1615; x_wconf 83' lang='lat' dir='ltr'><strong>Friderici</strong></span> <span class='ocrx_word' id='word_1_68' title='bbox 2907 1560 3180 1636; x_wconf 82' lang='lat' dir='ltr'><strong>privigno</strong></span> <span class='ocrx_word' id='word_1_69' title='bbox 3224 1559 3543 1619; x_wconf 75' lang='lat' dir='ltr'><strong>liberanter</strong></span> 
     </span>
     <span class='ocr_line' id='line_1_22' title="bbox 1555 1650 3540 1718; baseline 0.004 -9"><span class='ocrx_word' id='word_1_70' title='bbox 1555 1650 1907 1709; x_wconf 68' lang='lat' dir='ltr'><strong>committet.</strong></span> <span class='ocrx_word' id='word_1_71' title='bbox 3133 1671 3140 1677; x_wconf 83' lang='lat'>·</span> <span class='ocrx_word' id='word_1_72' title='bbox 3423 1666 3540 1718; x_wconf 75' lang='lat'><strong>802</strong></span> 
     </span>
    </p>
   </div>
   <div class='ocr_carea' id='block_1_9' title="bbox 714 2120 984 2132">
    <p class='ocr_par' dir='ltr' id='par_1_9' title="bbox 714 2120 984 2132">
     <span class='ocr_line' id='line_1_23' title="bbox 714 2120 984 2132; baseline 0 3899"><span class='ocrx_word' id='word_1_73' title='bbox 714 2120 984 2132; x_wconf 95' lang='lat' dir='ltr'><strong> </strong></span> 
     </span>
    </p>
   </div>
   <div class='ocr_carea' id='block_1_10' title="bbox 724 1743 3546 2311">
    <p class='ocr_par' dir='ltr' id='par_1_10' title="bbox 724 1743 3543 1927">
     <span class='ocr_line' id='line_1_24' title="bbox 724 1743 3543 1829; baseline 0.001 -17"><span class='ocrx_word' id='word_1_74' title='bbox 724 1751 799 1812; x_wconf 72' lang='grc'><strong>30</strong></span> <span class='ocrx_word' id='word_1_75' title='bbox 827 1763 946 1811; x_wconf 80' lang='lat' dir='ltr'><strong>nov</strong></span> <span class='ocrx_word' id='word_1_76' title='bbox 1145 1743 1325 1829; x_wconf 69' lang='lat' dir='ltr'><strong>Apud</strong></span> <span class='ocrx_word' id='word_1_77' title='bbox 1486 1778 1560 1793; x_wconf 91' lang='lat'>-</span> <span class='ocrx_word' id='word_1_78' title='bbox 1597 1745 2017 1823; x_wconf 80' lang='lat' dir='ltr'><strong>Exempliones</strong></span> <span class='ocrx_word' id='word_1_79' title='bbox 2046 1744 2305 1807; x_wconf 82' lang='lat' dir='ltr'><strong>thelonei</strong></span> <span class='ocrx_word' id='word_1_80' title='bbox 2339 1753 2401 1807; x_wconf 87' lang='lat' dir='ltr'><strong>et</strong></span> <span class='ocrx_word' id='word_1_81' title='bbox 2434 1751 2693 1827; x_wconf 85' lang='lat' dir='ltr'><strong>passagii</strong></span> <span class='ocrx_word' id='word_1_82' title='bbox 2732 1750 3003 1812; x_wconf 77' lang='lat' dir='ltr'><strong>abbatiae</strong></span> <span class='ocrx_word' id='word_1_83' title='bbox 3029 1750 3277 1813; x_wconf 76' lang='lat' dir='ltr'><strong>Sanctae</strong></span> <span class='ocrx_word' id='word_1_84' title='bbox 3319 1754 3543 1816; x_wconf 81' lang='lat' dir='ltr'><strong>Mariae</strong></span> 
     </span>
     <span class='ocr_line' id='line_1_25' title="bbox 1042 1843 3543 1927; baseline 0.001 -18"><span class='ocrx_word' id='word_1_85' title='bbox 1042 1848 1424 1927; x_wconf 80' lang='lat' dir='ltr'><strong>Nurcmberg.</strong></span> <span class='ocrx_word' id='word_1_86' title='bbox 1557 1844 1634 1905; x_wconf 83' lang='lat' dir='ltr'><strong>de</strong></span> <span class='ocrx_word' id='word_1_87' title='bbox 1658 1843 2012 1921; x_wconf 84' lang='lat' dir='ltr'><strong>Altenberg‚</strong></span> <span class='ocrx_word' id='word_1_88' title='bbox 2040 1848 2217 1921; x_wconf 74' lang='lat' dir='ltr'><strong>Juxta</strong></span> <span class='ocrx_word' id='word_1_89' title='bbox 2243 1846 2551 1922; x_wconf 79' lang='lat' dir='ltr'><strong>privilegia</strong></span> <span class='ocrx_word' id='word_1_90' title='bbox 2574 1847 2765 1906; x_wconf 88' lang='lat' dir='ltr'><strong>eidem</strong></span> <span class='ocrx_word' id='word_1_91' title='bbox 2788 1852 3107 1908; x_wconf 87' lang='lat' dir='ltr'><strong>conventui</strong></span> <span class='ocrx_word' id='word_1_92' title='bbox 3135 1866 3172 1908; x_wconf 90' lang='lat' dir='ltr'><strong>a</strong></span> <span class='ocrx_word' id='word_1_93' title='bbox 3196 1851 3543 1926; x_wconf 85' lang='lat' dir='ltr'><strong>praedeces-</strong></span> 
     </span>
    </p>

    <p class='ocr_par' dir='ltr' id='par_1_11' title="bbox 1557 1940 3543 2019">
     <span class='ocr_line' id='line_1_26' title="bbox 1557 1940 3543 2019; baseline 0.004 -17"><span class='ocrx_word' id='word_1_94' title='bbox 1557 1941 1790 2002; x_wconf 87' lang='lat' dir='ltr'><strong>soribus</strong></span> <span class='ocrx_word' id='word_1_95' title='bbox 1835 1942 1960 2001; x_wconf 87' lang='lat' dir='ltr'><strong>suis</strong></span> <span class='ocrx_word' id='word_1_96' title='bbox 2001 1940 2266 2015; x_wconf 86' lang='lat' dir='ltr'><strong>indulta,</strong></span> <span class='ocrx_word' id='word_1_97' title='bbox 2312 1942 2378 2001; x_wconf 90' lang='lat' dir='ltr'><strong>in</strong></span> <span class='ocrx_word' id='word_1_98' title='bbox 2418 1946 2751 2019; x_wconf 81' lang='lat' dir='ltr'><strong>praesentia</strong></span> <span class='ocrx_word' id='word_1_99' title='bbox 2793 1945 3260 2007; x_wconf 71' lang='lat' dir='ltr'><strong>consiliariorum</strong></span> <span class='ocrx_word' id='word_1_100' title='bbox 3298 1955 3543 2009; x_wconf 78' lang='lat' dir='ltr'><strong>suorum</strong></span> 
     </span>
    </p>

    <p class='ocr_par' dir='ltr' id='par_1_12' title="bbox 733 2011 3546 2311">
     <span class='ocr_line' id='line_1_27' title="bbox 737 2011 3540 2104; baseline 0.006 -17"><span class='ocrx_word' id='word_1_101' title='bbox 737 2011 960 2088; x_wconf 77' lang='grc'><strong>1246</strong></span> <span class='ocrx_word' id='word_1_102' title='bbox 1559 2037 1893 2098; x_wconf 78' lang='lat' dir='ltr'><strong>confirmat.</strong></span> <span class='ocrx_word' id='word_1_103' title='bbox 3426 2052 3540 2104; x_wconf 83' lang='grc'><strong>863</strong></span> 
     </span>
     <span class='ocr_line' id='line_1_28' title="bbox 733 2133 3544 2218; baseline 0.001 -20"><span class='ocrx_word' id='word_1_104' title='bbox 733 2145 812 2200; x_wconf 72' lang='grc'><strong>28</strong></span> <span class='ocrx_word' id='word_1_105' title='bbox 829 2145 954 2218; x_wconf 86' lang='lat' dir='ltr'><strong>jan.</strong></span> <span class='ocrx_word' id='word_1_106' title='bbox 1150 2136 1326 2213; x_wconf 79' lang='lat' dir='ltr'><strong>Apud</strong></span> <span class='ocrx_word' id='word_1_107' title='bbox 1481 2164 1560 2179; x_wconf 88' lang='lat'><strong>—-</strong></span> <span class='ocrx_word' id='word_1_108' title='bbox 1596 2134 1815 2194; x_wconf 87' lang='lat' dir='ltr'><strong>Notum</strong></span> <span class='ocrx_word' id='word_1_109' title='bbox 1844 2133 1987 2193; x_wconf 78' lang='lat' dir='ltr'><strong>facit</strong></span> <span class='ocrx_word' id='word_1_110' title='bbox 2020 2133 2239 2210; x_wconf 87' lang='lat' dir='ltr'><strong>quibus</strong></span> <span class='ocrx_word' id='word_1_111' title='bbox 2274 2134 2709 2196; x_wconf 86' lang='lat' dir='ltr'><strong>conditionibus</strong></span> <span class='ocrx_word' id='word_1_112' title='bbox 2748 2144 3037 2197; x_wconf 89' lang='lat' dir='ltr'><strong>tractatus</strong></span> <span class='ocrx_word' id='word_1_113' title='bbox 3076 2138 3402 2199; x_wconf 87' lang='lat' dir='ltr'><strong>amicabilis</strong></span> <span class='ocrx_word' id='word_1_114' title='bbox 3430 2156 3544 2200; x_wconf 91' lang='lat' dir='ltr'><strong>su-</strong></span> 
     </span>
     <span class='ocr_line' id='line_1_29' title="bbox 1107 2230 3546 2311; baseline 0.002 -18"><span class='ocrx_word' id='word_1_115' title='bbox 1107 2231 1337 2311; x_wconf 78' lang='lat' dir='ltr'><strong>Spiram</strong></span> <span class='ocrx_word' id='word_1_116' title='bbox 1560 2232 1892 2307; x_wconf 83' lang='lat' dir='ltr'><strong>pervenerit</strong></span> <span class='ocrx_word' id='word_1_117' title='bbox 1926 2230 2000 2289; x_wconf 89' lang='lat' dir='ltr'><strong>de</strong></span> <span class='ocrx_word' id='word_1_118' title='bbox 2043 2230 2338 2291; x_wconf 73' lang='lat' dir='ltr'><strong>discordia</strong></span> <span class='ocrx_word' id='word_1_119' title='bbox 2379 2247 2535 2308; x_wconf 84' lang='lat' dir='ltr'><strong>quae</strong></span> <span class='ocrx_word' id='word_1_120' title='bbox 2576 2235 2731 2292; x_wconf 90' lang='lat' dir='ltr'><strong>inter</strong></span> <span class='ocrx_word' id='word_1_121' title='bbox 2769 2236 2929 2295; x_wconf 82' lang='lat' dir='ltr'><strong>cives</strong></span> <span class='ocrx_word' id='word_1_122' title='bbox 2970 2235 3446 2296; x_wconf 80' lang='lat' dir='ltr'><strong>wormacienses</strong></span> <span class='ocrx_word' id='word_1_123' title='bbox 3485 2241 3546 2297; x_wconf 84' lang='lat' dir='ltr'><strong>et</strong></span> 
     </span>
    </p>
   </div>
   <div class='ocr_carea' id='block_1_11' title="bbox 1559 2326 3544 2499">
    <p class='ocr_par' dir='ltr' id='par_1_13' title="bbox 1559 2326 3544 2499">
     <span class='ocr_line' id='line_1_30' title="bbox 1560 2326 3544 2404; baseline 0.003 -18"><span class='ocrx_word' id='word_1_124' title='bbox 1560 2326 1898 2402; x_wconf 76' lang='lat' dir='ltr'><strong>Philippum</strong></span> <span class='ocrx_word' id='word_1_125' title='bbox 1928 2326 2004 2386; x_wconf 88' lang='lat' dir='ltr'><strong>de</strong></span> <span class='ocrx_word' id='word_1_126' title='bbox 2029 2326 2367 2386; x_wconf 83' lang='lat' dir='ltr'><strong>Hebenvels</strong></span> <span class='ocrx_word' id='word_1_127' title='bbox 2391 2328 2712 2404; x_wconf 85' lang='lat' dir='ltr'><strong>imperialis</strong></span> <span class='ocrx_word' id='word_1_128' title='bbox 2738 2330 2910 2390; x_wconf 89' lang='lat' dir='ltr'><strong>auiae</strong></span> <span class='ocrx_word' id='word_1_129' title='bbox 2936 2333 3320 2391; x_wconf 89' lang='lat' dir='ltr'><strong>camerarium</strong></span> <span class='ocrx_word' id='word_1_130' title='bbox 3350 2339 3544 2392; x_wconf 86' lang='lat' dir='ltr'><strong>verte-</strong></span> 
     </span>
     <span class='ocr_line' id='line_1_31' title="bbox 1559 2423 3542 2499; baseline 0.003 -17"><span class='ocrx_word' id='word_1_131' title='bbox 1559 2423 1754 2499; x_wconf 85' lang='lat' dir='ltr'><strong>batur,</strong></span> <span class='ocrx_word' id='word_1_132' title='bbox 1783 2430 1896 2483; x_wconf 89' lang='lat' dir='ltr'><strong>etc.</strong></span> <span class='ocrx_word' id='word_1_133' title='bbox 3424 2437 3542 2490; x_wconf 83' lang='grc'><strong>885</strong></span> 
     </span>
    </p>
   </div>
   <div class='ocr_carea' id='block_1_12' title="bbox 732 2518 3547 3182">
    <p class='ocr_par' dir='ltr' id='par_1_14' title="bbox 732 2518 3547 3182">
     <span class='ocr_line' id='line_1_32' title="bbox 1405 2518 3544 2597; baseline 0.004 -18"><span class='ocrx_word' id='word_1_134' title='bbox 1405 2567 1422 2585; x_wconf 92' lang='grc'><strong>.</strong></span> <span class='ocrx_word' id='word_1_135' title='bbox 1480 2551 1561 2565; x_wconf 85' lang='lat'><strong>--</strong></span> <span class='ocrx_word' id='word_1_136' title='bbox 1600 2519 1943 2580; x_wconf 82' lang='lat' dir='ltr'><strong>Sacerdotes</strong></span> <span class='ocrx_word' id='word_1_137' title='bbox 1965 2526 2027 2579; x_wconf 87' lang='lat' dir='ltr'><strong>et</strong></span> <span class='ocrx_word' id='word_1_138' title='bbox 2050 2518 2294 2579; x_wconf 84' lang='lat' dir='ltr'><strong>clericos</strong></span> <span class='ocrx_word' id='word_1_139' title='bbox 2318 2534 2523 2579; x_wconf 87' lang='lat' dir='ltr'><strong>omnes</strong></span> <span class='ocrx_word' id='word_1_140' title='bbox 2554 2523 2658 2597; x_wconf 86' lang='lat' dir='ltr'><strong>qui</strong></span> <span class='ocrx_word' id='word_1_141' title='bbox 2687 2522 2753 2580; x_wconf 90' lang='lat' dir='ltr'><strong>in</strong></span> <span class='ocrx_word' id='word_1_142' title='bbox 2791 2522 3181 2583; x_wconf 83' lang='lat' dir='ltr'><strong>celebratione</strong></span> <span class='ocrx_word' id='word_1_143' title='bbox 3208 2523 3544 2588; x_wconf 89' lang='lat' dir='ltr'><strong>divinorum</strong></span> 
     </span>
     <span class='ocr_line' id='line_1_33' title="bbox 1555 2616 3547 2697; baseline 0.003 -20"><span class='ocrx_word' id='word_1_144' title='bbox 1555 2617 1789 2677; x_wconf 83' lang='lat' dir='ltr'><strong>civibus</strong></span> <span class='ocrx_word' id='word_1_145' title='bbox 1815 2616 2347 2693; x_wconf 84' lang='lat' dir='ltr'><strong>Ratisponensibus</strong></span> <span class='ocrx_word' id='word_1_146' title='bbox 2377 2620 2649 2679; x_wconf 81' lang='lat' dir='ltr'><strong>assistere</strong></span> <span class='ocrx_word' id='word_1_147' title='bbox 2676 2620 2992 2697; x_wconf 75' lang='lat' dir='ltr'><strong>voluerint,</strong></span> <span class='ocrx_word' id='word_1_148' title='bbox 3020 2620 3133 2680; x_wconf 86' lang='lat' dir='ltr'><strong>snb</strong></span> <span class='ocrx_word' id='word_1_149' title='bbox 3166 2622 3403 2697; x_wconf 89' lang='lat' dir='ltr'><strong>speciali</strong></span> <span class='ocrx_word' id='word_1_150' title='bbox 3437 2639 3547 2682; x_wconf 84' lang='lat' dir='ltr'><strong>sua</strong></span> 
     </span>
     <span class='ocr_line' id='line_1_34' title="bbox 732 2810 3542 2894; baseline 0 -19"><span class='ocrx_word' id='word_1_151' title='bbox 732 2822 769 2875; x_wconf 77' lang='lat'>9</span> <span class='ocrx_word' id='word_1_152' title='bbox 798 2815 965 2894; x_wconf 84' lang='lat' dir='ltr'><strong>april.</strong></span> <span class='ocrx_word' id='word_1_153' title='bbox 1105 2816 1367 2878; x_wconf 85' lang='lat' dir='ltr'><strong>Gmund.</strong></span> <span class='ocrx_word' id='word_1_154' title='bbox 1485 2843 1565 2857; x_wconf 93' lang='lat'><strong>-·-</strong></span> <span class='ocrx_word' id='word_1_155' title='bbox 1602 2810 1701 2871; x_wconf 84' lang='lat' dir='ltr'><strong>Ad</strong></span> <span class='ocrx_word' id='word_1_156' title='bbox 1733 2811 2215 2886; x_wconf 84' lang='lat' dir='ltr'><strong>supplicationem</strong></span> <span class='ocrx_word' id='word_1_157' title='bbox 2253 2811 2527 2872; x_wconf 84' lang='lat' dir='ltr'><strong>Gercblni</strong></span> <span class='ocrx_word' id='word_1_158' title='bbox 2556 2811 2632 2872; x_wconf 88' lang='lat' dir='ltr'><strong>de</strong></span> <span class='ocrx_word' id='word_1_159' title='bbox 2662 2811 2862 2891; x_wconf 84' lang='lat' dir='ltr'><strong>Sinzig</strong></span> <span class='ocrx_word' id='word_1_160' title='bbox 2886 2812 3186 2873; x_wconf 88' lang='lat' dir='ltr'><strong>castellani</strong></span> <span class='ocrx_word' id='word_1_161' title='bbox 3222 2815 3285 2873; x_wconf 88' lang='lat' dir='ltr'><strong>in</strong></span> <span class='ocrx_word' id='word_1_162' title='bbox 3309 2813 3542 2876; x_wconf 88' lang='lat' dir='ltr'><strong>Lands-</strong></span> 
     </span>
     <span class='ocr_line' id='line_1_35' title="bbox 1562 2907 3546 2990; baseline 0.003 -22"><span class='ocrx_word' id='word_1_163' title='bbox 1562 2922 1736 2981; x_wconf 88' lang='lat' dir='ltr'><strong>cron,</strong></span> <span class='ocrx_word' id='word_1_164' title='bbox 1777 2907 2001 2967; x_wconf 78' lang='lat' dir='ltr'><strong>litteras</strong></span> <span class='ocrx_word' id='word_1_165' title='bbox 2041 2908 2282 2990; x_wconf 72' lang='lat' dir='ltr'><strong>Hem-ici</strong></span> <span class='ocrx_word' id='word_1_166' title='bbox 2327 2908 2626 2986; x_wconf 85' lang='lat' dir='ltr'><strong>quondam</strong></span> <span class='ocrx_word' id='word_1_167' title='bbox 2672 2910 3072 2971; x_wconf 85' lang='lat' dir='ltr'><strong>Romanorum</strong></span> <span class='ocrx_word' id='word_1_168' title='bbox 3110 2912 3264 2987; x_wconf 84' lang='lat' dir='ltr'><strong>regis</strong></span> <span class='ocrx_word' id='word_1_169' title='bbox 3307 2911 3381 2971; x_wconf 89' lang='lat' dir='ltr'><strong>de</strong></span> <span class='ocrx_word' id='word_1_170' title='bbox 3410 2916 3546 2989; x_wconf 83' lang='lat' dir='ltr'><strong>jure</strong></span> 
     </span>
     <span class='ocr_line' id='line_1_36' title="bbox 1561 3005 3543 3085; baseline 0.004 -20"><span class='ocrx_word' id='word_1_171' title='bbox 1561 3010 1911 3082; x_wconf 84' lang='lat' dir='ltr'><strong>patronatus</strong></span> <span class='ocrx_word' id='word_1_172' title='bbox 1934 3007 2000 3064; x_wconf 92' lang='lat' dir='ltr'><strong>in</strong></span> <span class='ocrx_word' id='word_1_173' title='bbox 2027 3005 2407 3083; x_wconf 77' lang='lat' dir='ltr'><strong>Konigsfeld‚</strong></span> <span class='ocrx_word' id='word_1_174' title='bbox 2436 3009 2701 3067; x_wconf 85' lang='lat' dir='ltr'><strong>renovari</strong></span> <span class='ocrx_word' id='word_1_175' title='bbox 2729 3013 2789 3067; x_wconf 93' lang='lat' dir='ltr'><strong>et</strong></span> <span class='ocrx_word' id='word_1_176' title='bbox 2815 3007 3056 3069; x_wconf 83' lang='lat' dir='ltr'><strong>rescribi</strong></span> <span class='ocrx_word' id='word_1_177' title='bbox 3069 3009 3261 3085; x_wconf 84' lang='lat' dir='ltr'><strong>jubet.</strong></span> <span class='ocrx_word' id='word_1_178' title='bbox 3426 3020 3543 3072; x_wconf 81' lang='grc'><strong>868</strong></span> 
     </span>
     <span class='ocr_line' id='line_1_37' title="bbox 1485 3101 3542 3182; baseline 0.002 -20"><span class='ocrx_word' id='word_1_179' title='bbox 1485 3132 1564 3146; x_wconf 86' lang='lat'><strong>-——</strong></span> <span class='ocrx_word' id='word_1_180' title='bbox 1602 3102 1712 3162; x_wconf 75' lang='lat' dir='ltr'><strong>Ius</strong></span> <span class='ocrx_word' id='word_1_181' title='bbox 1738 3101 2084 3161; x_wconf 84' lang='lat' dir='ltr'><strong>advocatiae</strong></span> <span class='ocrx_word' id='word_1_182' title='bbox 2110 3103 2173 3161; x_wconf 92' lang='lat' dir='ltr'><strong>in</strong></span> <span class='ocrx_word' id='word_1_183' title='bbox 2207 3102 2581 3179; x_wconf 87' lang='lat' dir='ltr'><strong>Wetphlarla</strong></span> <span class='ocrx_word' id='word_1_184' title='bbox 2616 3110 2677 3163; x_wconf 86' lang='lat' dir='ltr'><strong>et</strong></span> <span class='ocrx_word' id='word_1_185' title='bbox 2709 3105 3180 3182; x_wconf 74' lang='lat' dir='ltr'><strong>jurisdictionem</strong></span> <span class='ocrx_word' id='word_1_186' title='bbox 3211 3107 3271 3164; x_wconf 89' lang='lat' dir='ltr'><strong>in</strong></span> <span class='ocrx_word' id='word_1_187' title='bbox 3313 3105 3542 3166; x_wconf 81' lang='lat' dir='ltr'><strong>Hitten-</strong></span> 
     </span>
    </p>
   </div>
   <div class='ocr_carea' id='block_1_13' title="bbox 1560 3198 3546 3371">
    <p class='ocr_par' dir='ltr' id='par_1_15' title="bbox 1560 3198 3546 3371">
     <span class='ocr_line' id='line_1_38' title="bbox 1562 3198 3546 3276; baseline 0.002 -17"><span class='ocrx_word' id='word_1_188' title='bbox 1562 3198 1710 3276; x_wconf 82' lang='lat' dir='ltr'><strong>berg</strong></span> <span class='ocrx_word' id='word_1_189' title='bbox 1742 3201 2090 3258; x_wconf 78' lang='lat' dir='ltr'><strong>auctoritate</strong></span> <span class='ocrx_word' id='word_1_190' title='bbox 2119 3202 2303 3275; x_wconf 86' lang='lat' dir='ltr'><strong>patris</strong></span> <span class='ocrx_word' id='word_1_191' title='bbox 2329 3203 2419 3260; x_wconf 84' lang='lat' dir='ltr'><strong>sui</strong></span> <span class='ocrx_word' id='word_1_192' title='bbox 2448 3206 2509 3260; x_wconf 88' lang='lat' dir='ltr'><strong>et</strong></span> <span class='ocrx_word' id='word_1_193' title='bbox 2543 3216 2653 3261; x_wconf 90' lang='lat' dir='ltr'><strong>sua</strong></span> <span class='ocrx_word' id='word_1_194' title='bbox 2680 3200 2948 3264; x_wconf 79' lang='lat' dir='ltr'><strong>Conrado</strong></span> <span class='ocrx_word' id='word_1_195' title='bbox 2985 3208 3045 3261; x_wconf 89' lang='lat' dir='ltr'><strong>et</strong></span> <span class='ocrx_word' id='word_1_196' title='bbox 3071 3201 3438 3263; x_wconf 85' lang='lat' dir='ltr'><strong>Widekindo</strong></span> <span class='ocrx_word' id='word_1_197' title='bbox 3469 3203 3546 3263; x_wconf 89' lang='lat' dir='ltr'><strong>de</strong></span> 
     </span>
     <span class='ocr_line' id='line_1_39' title="bbox 1560 3294 3544 3371; baseline 0.001 -15"><span class='ocrx_word' id='word_1_198' title='bbox 1560 3294 1898 3371; x_wconf 78' lang='lat' dir='ltr'><strong>Mer-iuberg</strong></span> <span class='ocrx_word' id='word_1_199' title='bbox 1923 3294 2277 3371; x_wconf 83' lang='lat' dir='ltr'><strong>possidenda</strong></span> <span class='ocrx_word' id='word_1_200' title='bbox 2302 3296 2590 3357; x_wconf 80' lang='lat' dir='ltr'><strong>coneedit.</strong></span> <span class='ocrx_word' id='word_1_201' title='bbox 3427 3307 3544 3359; x_wconf 87' lang='grc'><strong>870</strong></span> 
     </span>
    </p>
   </div>
   <div class='ocr_carea' id='block_1_14' title="bbox 1486 3391 3546 3760">
    <p class='ocr_par' dir='ltr' id='par_1_16' title="bbox 1486 3391 3546 3667">
     <span class='ocr_line' id='line_1_40' title="bbox 1486 3391 3546 3469; baseline 0.001 -18"><span class='ocrx_word' id='word_1_202' title='bbox 1486 3423 1565 3437; x_wconf 92' lang='lat'><em>-</em></span> <span class='ocrx_word' id='word_1_203' title='bbox 1602 3391 1691 3451; x_wconf 86' lang='lat' dir='ltr'><strong>De</strong></span> <span class='ocrx_word' id='word_1_204' title='bbox 1725 3392 2074 3451; x_wconf 84' lang='lat' dir='ltr'><strong>auctoritate</strong></span> <span class='ocrx_word' id='word_1_205' title='bbox 2106 3398 2166 3449; x_wconf 91' lang='lat' dir='ltr'><strong>et</strong></span> <span class='ocrx_word' id='word_1_206' title='bbox 2201 3391 2482 3451; x_wconf 85' lang='lat' dir='ltr'><strong>mandato</strong></span> <span class='ocrx_word' id='word_1_207' title='bbox 2520 3394 2889 3468; x_wconf 86' lang='lat' dir='ltr'><strong>imperatoris</strong></span> <span class='ocrx_word' id='word_1_208' title='bbox 2923 3394 3107 3469; x_wconf 85' lang='lat' dir='ltr'><strong>patris</strong></span> <span class='ocrx_word' id='word_1_209' title='bbox 3154 3395 3276 3469; x_wconf 88' lang='lat' dir='ltr'><strong>sui,</strong></span> <span class='ocrx_word' id='word_1_210' title='bbox 3316 3394 3546 3455; x_wconf 84' lang='lat' dir='ltr'><strong>civibus</strong></span> 
     </span>
     <span class='ocr_line' id='line_1_41' title="bbox 1561 3488 3545 3566; baseline 0.001 -18"><span class='ocrx_word' id='word_1_211' title='bbox 1561 3488 1639 3548; x_wconf 89' lang='lat' dir='ltr'><strong>de</strong></span> <span class='ocrx_word' id='word_1_212' title='bbox 1663 3488 2059 3548; x_wconf 79' lang='lat' dir='ltr'><strong>Frankenfurt</strong></span> <span class='ocrx_word' id='word_1_213' title='bbox 2082 3504 2319 3547; x_wconf 88' lang='lat' dir='ltr'><strong>omnem</strong></span> <span class='ocrx_word' id='word_1_214' title='bbox 2348 3505 2567 3548; x_wconf 85' lang='lat' dir='ltr'><strong>noxam</strong></span> <span class='ocrx_word' id='word_1_215' title='bbox 2591 3495 2655 3548; x_wconf 89' lang='lat' dir='ltr'><strong>et</strong></span> <span class='ocrx_word' id='word_1_216' title='bbox 2682 3489 2970 3549; x_wconf 80' lang='lat' dir='ltr'><strong>offensam</strong></span> <span class='ocrx_word' id='word_1_217' title='bbox 2999 3491 3247 3549; x_wconf 86' lang='lat' dir='ltr'><strong>remittit</strong></span> <span class='ocrx_word' id='word_1_218' title='bbox 3272 3506 3451 3566; x_wconf 84' lang='lat' dir='ltr'><strong>quam</strong></span> <span class='ocrx_word' id='word_1_219' title='bbox 3480 3494 3545 3551; x_wconf 91' lang='lat' dir='ltr'><strong>in</strong></span> 
     </span>
     <span class='ocr_line' id='line_1_42' title="bbox 1561 3586 3544 3667; baseline 0.001 -20"><span class='ocrx_word' id='word_1_220' title='bbox 1561 3586 1798 3647; x_wconf 81' lang='lat' dir='ltr'><strong>caedem</strong></span> <span class='ocrx_word' id='word_1_221' title='bbox 1825 3594 1885 3645; x_wconf 88' lang='lat' dir='ltr'><strong>et</strong></span> <span class='ocrx_word' id='word_1_222' title='bbox 1903 3588 2318 3646; x_wconf 80' lang='lat' dir='ltr'><strong>exterminium</strong></span> <span class='ocrx_word' id='word_1_223' title='bbox 2342 3586 2701 3647; x_wconf 67' lang='lat' dir='ltr'><strong>ludaeorum</strong></span> <span class='ocrx_word' id='word_1_224' title='bbox 2724 3588 2798 3647; x_wconf 88' lang='lat' dir='ltr'><strong>de</strong></span> <span class='ocrx_word' id='word_1_225' title='bbox 2825 3587 3219 3647; x_wconf 80' lang='lat' dir='ltr'><strong>Frankenfurt</strong></span> <span class='ocrx_word' id='word_1_226' title='bbox 3239 3589 3544 3667; x_wconf 86' lang='lat' dir='ltr'><strong>negligen-</strong></span> 
     </span>
    </p>

    <p class='ocr_par' dir='ltr' id='par_1_17' title="bbox 1565 3684 3545 3760">
     <span class='ocr_line' id='line_1_43' title="bbox 1565 3684 3545 3760; baseline 0.002 -18"><span class='ocrx_word' id='word_1_227' title='bbox 1565 3689 1655 3742; x_wconf 86' lang='lat' dir='ltr'><strong>ter</strong></span> <span class='ocrx_word' id='word_1_228' title='bbox 1679 3685 1877 3760; x_wconf 87' lang='lat' dir='ltr'><strong>potius</strong></span> <span class='ocrx_word' id='word_1_229' title='bbox 1901 3699 2083 3759; x_wconf 84' lang='lat' dir='ltr'><strong>quam</strong></span> <span class='ocrx_word' id='word_1_230' title='bbox 2109 3684 2442 3743; x_wconf 84' lang='lat' dir='ltr'><strong>voluntarie</strong></span> <span class='ocrx_word' id='word_1_231' title='bbox 2467 3687 2828 3744; x_wconf 83' lang='lat' dir='ltr'><strong>commisisse</strong></span> <span class='ocrx_word' id='word_1_232' title='bbox 2846 3684 3140 3743; x_wconf 81' lang='lat' dir='ltr'><strong>videntur.</strong></span> <span class='ocrx_word' id='word_1_233' title='bbox 3428 3693 3545 3745; x_wconf 83' lang='lat'><strong>870</strong></span> 
     </span>
    </p>
   </div>
   <div class='ocr_carea' id='block_1_15' title="bbox 757 3097 1399 3282">
    <p class='ocr_par' dir='ltr' id='par_1_18' title="bbox 757 3097 1399 3282">
     <span class='ocr_line' id='line_1_44' title="bbox 757 3097 1329 3184; baseline -0.002 -17"><span class='ocrx_word' id='word_1_234' title='bbox 757 3097 935 3168; x_wconf 62' lang='lat' dir='ltr'><strong>maioss</strong></span> <span class='ocrx_word' id='word_1_235' title='bbox 1150 3106 1329 3184; x_wconf 78' lang='lat' dir='ltr'><strong>Apud</strong></span> 
     </span>
     <span class='ocr_line' id='line_1_45' title="bbox 1070 3205 1399 3282; baseline -0.009 -17"><span class='ocrx_word' id='word_1_236' title='bbox 1070 3205 1399 3282; x_wconf 67' lang='lat' dir='ltr'><strong>Eaeiingen.</strong></span> 
     </span>
    </p>
   </div>
   <div class='ocr_carea' id='block_1_16' title="bbox 761 3396 1420 3569">
    <p class='ocr_par' dir='ltr' id='par_1_19' title="bbox 761 3396 1420 3569">
     <span class='ocr_line' id='line_1_46' title="bbox 761 3396 1330 3473; baseline -0.011 -13"><span class='ocrx_word' id='word_1_237' title='bbox 761 3400 940 3460; x_wconf 79' lang='lat' dir='ltr'><strong>maio.</strong></span> <span class='ocrx_word' id='word_1_238' title='bbox 1154 3396 1330 3473; x_wconf 83' lang='lat' dir='ltr'><strong>Apud</strong></span> 
     </span>
     <span class='ocr_line' id='line_1_47' title="bbox 991 3492 1420 3569; baseline -0.002 -16"><span class='ocrx_word' id='word_1_239' title='bbox 991 3532 997 3539; x_wconf 87' lang='lat'><em>-</em></span> <span class='ocrx_word' id='word_1_240' title='bbox 1060 3492 1420 3569; x_wconf 60' lang='lat' dir='ltr'><strong>nurinberg.</strong></span> 
     </span>
    </p>
   </div>
   <div class='ocr_carea' id='block_1_17' title="bbox 713 3782 1372 3941">
    <p class='ocr_par' dir='ltr' id='par_1_20' title="bbox 713 3782 1372 3941">
     <span class='ocr_line' id='line_1_48' title="bbox 713 3782 1331 3859; baseline -0.006 -13"><span class='ocrx_word' id='word_1_241' title='bbox 713 3791 783 3846; x_wconf 78' lang='grc'><strong>81</strong></span> <span class='ocrx_word' id='word_1_242' title='bbox 815 3786 985 3847; x_wconf 84' lang='lat' dir='ltr'><strong>maii.</strong></span> <span class='ocrx_word' id='word_1_243' title='bbox 1149 3782 1331 3859; x_wconf 82' lang='lat' dir='ltr'><strong>Apud</strong></span> 
     </span>
     <span class='ocr_line' id='line_1_49' title="bbox 1109 3879 1372 3941; baseline 0 -1"><span class='ocrx_word' id='word_1_244' title='bbox 1109 3879 1372 3941; x_wconf 74' lang='lat' dir='ltr'><strong>Ulmam.</strong></span> 
     </span>
    </p>
   </div>
   <div class='ocr_carea' id='block_1_18' title="bbox 1461 3774 3549 4821">
    <p class='ocr_par' dir='ltr' id='par_1_21' title="bbox 1564 3774 3548 4049">
     <span class='ocr_line' id='line_1_50' title="bbox 1604 3774 3545 3858; baseline 0.001 -19"><span class='ocrx_word' id='word_1_245' title='bbox 1604 3774 1870 3839; x_wconf 71' lang='lat' dir='ltr'><strong>Get-ardo</strong></span> <span class='ocrx_word' id='word_1_246' title='bbox 1912 3779 1989 3840; x_wconf 88' lang='lat' dir='ltr'><strong>de</strong></span> <span class='ocrx_word' id='word_1_247' title='bbox 2032 3779 2259 3858; x_wconf 82' lang='lat' dir='ltr'><strong>Sintzig</strong></span> <span class='ocrx_word' id='word_1_248' title='bbox 2297 3797 2405 3856; x_wconf 91' lang='lat' dir='ltr'><strong>pro</strong></span> <span class='ocrx_word' id='word_1_249' title='bbox 2452 3782 2727 3857; x_wconf 85' lang='lat' dir='ltr'><strong>expensis</strong></span> <span class='ocrx_word' id='word_1_250' title='bbox 2775 3782 2951 3839; x_wconf 74' lang='lat' dir='ltr'><strong>castr-i</strong></span> <span class='ocrx_word' id='word_1_251' title='bbox 2992 3780 3364 3840; x_wconf 87' lang='lat' dir='ltr'><strong>Landscrone</strong></span> <span class='ocrx_word' id='word_1_252' title='bbox 3407 3797 3545 3841; x_wconf 85' lang='lat' dir='ltr'><strong>cen-</strong></span> 
     </span>
     <span class='ocr_line' id='line_1_51' title="bbox 1564 3876 3548 3953; baseline 0 -17"><span class='ocrx_word' id='word_1_253' title='bbox 1564 3882 1692 3936; x_wconf 85' lang='lat' dir='ltr'><strong>tum</strong></span> <span class='ocrx_word' id='word_1_254' title='bbox 1722 3892 1952 3937; x_wconf 85' lang='lat' dir='ltr'><strong>marcas</strong></span> <span class='ocrx_word' id='word_1_255' title='bbox 1992 3877 2315 3953; x_wconf 86' lang='lat' dir='ltr'><strong>promittit,</strong></span> <span class='ocrx_word' id='word_1_256' title='bbox 2344 3892 2452 3951; x_wconf 87' lang='lat' dir='ltr'><strong>pro</strong></span> <span class='ocrx_word' id='word_1_257' title='bbox 2486 3876 2706 3951; x_wconf 87' lang='lat' dir='ltr'><strong>quibus</strong></span> <span class='ocrx_word' id='word_1_258' title='bbox 2732 3891 2951 3936; x_wconf 84' lang='lat' dir='ltr'><strong>census</strong></span> <span class='ocrx_word' id='word_1_259' title='bbox 2978 3892 3120 3936; x_wconf 81' lang='lat' dir='ltr'><strong>sues</strong></span> <span class='ocrx_word' id='word_1_260' title='bbox 3161 3893 3346 3936; x_wconf 73' lang='lat' dir='ltr'><strong>novos</strong></span> <span class='ocrx_word' id='word_1_261' title='bbox 3388 3879 3548 3937; x_wconf 89' lang='lat' dir='ltr'><strong>ultra</strong></span> 
     </span>
     <span class='ocr_line' id='line_1_52' title="bbox 1565 3971 3546 4049; baseline 0 -17"><span class='ocrx_word' id='word_1_262' title='bbox 1565 3971 1842 4033; x_wconf 75' lang='lat' dir='ltr'><strong>Rhenum</strong></span> <span class='ocrx_word' id='word_1_263' title='bbox 1895 3978 1955 4032; x_wconf 89' lang='lat' dir='ltr'><strong>et</strong></span> <span class='ocrx_word' id='word_1_264' title='bbox 1995 3987 2205 4031; x_wconf 91' lang='lat' dir='ltr'><strong>nemus</strong></span> <span class='ocrx_word' id='word_1_265' title='bbox 2251 3987 2427 4031; x_wconf 91' lang='lat' dir='ltr'><strong>suum</strong></span> <span class='ocrx_word' id='word_1_266' title='bbox 2470 3972 2545 4032; x_wconf 91' lang='lat' dir='ltr'><strong>de</strong></span> <span class='ocrx_word' id='word_1_267' title='bbox 2580 3971 2825 4031; x_wconf 84' lang='lat' dir='ltr'><strong>Hoevile</strong></span> <span class='ocrx_word' id='word_1_268' title='bbox 2869 3971 3043 4030; x_wconf 87' lang='lat' dir='ltr'><strong>titulo</strong></span> <span class='ocrx_word' id='word_1_269' title='bbox 3090 3975 3351 4049; x_wconf 87' lang='lat' dir='ltr'><strong>pignoris</strong></span> <span class='ocrx_word' id='word_1_270' title='bbox 3394 3973 3546 4032; x_wconf 93' lang='lat' dir='ltr'><strong>obii-</strong></span> 
     </span>
    </p>

    <p class='ocr_par' dir='ltr' id='par_1_22' title="bbox 1485 4075 3544 4243">
     <span class='ocr_line' id='line_1_53' title="bbox 1564 4075 3541 4148; baseline 0.001 -20"><span class='ocrx_word' id='word_1_271' title='bbox 1564 4075 1688 4148; x_wconf 79' lang='lat' dir='ltr'><strong>gat.</strong></span> <span class='ocrx_word' id='word_1_272' title='bbox 3424 4079 3495 4130; x_wconf 69' lang='lat' dir='ltr'><strong>sr</strong></span> <span class='ocrx_word' id='word_1_273' title='bbox 3511 4080 3541 4131; x_wconf 83' lang='grc' dir='ltr'><strong>ι-</strong></span> 
     </span>
     <span class='ocr_line' id='line_1_54' title="bbox 1485 4164 3544 4243; baseline 0 -15"><span class='ocrx_word' id='word_1_274' title='bbox 1485 4200 1567 4212; x_wconf 90' lang='grc'><strong>--</strong></span> <span class='ocrx_word' id='word_1_275' title='bbox 1603 4166 1912 4228; x_wconf 88' lang='lat' dir='ltr'><strong>Gerhardo</strong></span> <span class='ocrx_word' id='word_1_276' title='bbox 1940 4166 2013 4225; x_wconf 91' lang='lat' dir='ltr'><strong>de</strong></span> <span class='ocrx_word' id='word_1_277' title='bbox 2036 4166 2262 4243; x_wconf 86' lang='lat' dir='ltr'><strong>Sintzig</strong></span> <span class='ocrx_word' id='word_1_278' title='bbox 2286 4166 2531 4226; x_wconf 86' lang='lat' dir='ltr'><strong>mandat</strong></span> <span class='ocrx_word' id='word_1_279' title='bbox 2556 4170 2627 4226; x_wconf 88' lang='lat' dir='ltr'><strong>ut</strong></span> <span class='ocrx_word' id='word_1_280' title='bbox 2655 4165 2925 4227; x_wconf 85' lang='lat' dir='ltr'><strong>Conrado</strong></span> <span class='ocrx_word' id='word_1_281' title='bbox 2950 4166 3026 4226; x_wconf 88' lang='lat' dir='ltr'><strong>de</strong></span> <span class='ocrx_word' id='word_1_282' title='bbox 3054 4164 3363 4226; x_wconf 86' lang='lat' dir='ltr'><strong>Bruneche</strong></span> <span class='ocrx_word' id='word_1_283' title='bbox 3386 4166 3544 4228; x_wconf 78' lang='lat' dir='ltr'><strong>fideli</strong></span> 
     </span>
    </p>

    <p class='ocr_par' dir='ltr' id='par_1_23' title="bbox 1461 4262 3549 4821">
     <span class='ocr_line' id='line_1_55' title="bbox 1566 4262 3545 4341; baseline -0.001 -17"><span class='ocrx_word' id='word_1_284' title='bbox 1566 4280 1676 4324; x_wconf 87' lang='lat' dir='ltr'><strong>suo</strong></span> <span class='ocrx_word' id='word_1_285' title='bbox 1701 4269 1938 4324; x_wconf 89' lang='lat' dir='ltr'><strong>centum</strong></span> <span class='ocrx_word' id='word_1_286' title='bbox 1966 4279 2193 4323; x_wconf 81' lang='lat' dir='ltr'><strong>marcas</strong></span> <span class='ocrx_word' id='word_1_287' title='bbox 2229 4262 2307 4324; x_wconf 84' lang='lat' dir='ltr'><strong>de</strong></span> <span class='ocrx_word' id='word_1_288' title='bbox 2337 4263 2563 4323; x_wconf 67' lang='lat' dir='ltr'><strong>Iudaeo</strong></span> <span class='ocrx_word' id='word_1_289' title='bbox 2601 4280 2781 4341; x_wconf 79' lang='lat' dir='ltr'><strong>quem</strong></span> <span class='ocrx_word' id='word_1_290' title='bbox 2820 4268 2983 4323; x_wconf 85' lang='lat' dir='ltr'><strong>tenet</strong></span> <span class='ocrx_word' id='word_1_291' title='bbox 3013 4265 3408 4339; x_wconf 83' lang='lat' dir='ltr'><strong>captivatum,</strong></span> <span class='ocrx_word' id='word_1_292' title='bbox 3442 4280 3545 4323; x_wconf 89' lang='lat' dir='ltr'><strong>as-</strong></span> 
     </span>
     <span class='ocr_line' id='line_1_56' title="bbox 1461 4359 3543 4436; baseline -0.001 -17"><span class='ocrx_word' id='word_1_293' title='bbox 1461 4376 1464 4377; x_wconf 64' lang='grc'>’</span> <span class='ocrx_word' id='word_1_294' title='bbox 1566 4361 1798 4436; x_wconf 83' lang='lat' dir='ltr'><strong>signare</strong></span> <span class='ocrx_word' id='word_1_295' title='bbox 1823 4372 1942 4416; x_wconf 85' lang='lat' dir='ltr'><strong>non</strong></span> <span class='ocrx_word' id='word_1_296' title='bbox 1975 4359 2229 4416; x_wconf 86' lang='lat' dir='ltr'><strong>omittat.</strong></span> <span class='ocrx_word' id='word_1_297' title='bbox 3429 4365 3543 4417; x_wconf 78' lang='grc'><strong>872</strong></span> 
     </span>
     <span class='ocr_line' id='line_1_57' title="bbox 1485 4451 3547 4530; baseline -0.001 -16"><span class='ocrx_word' id='word_1_298' title='bbox 1485 4487 1568 4501; x_wconf 92' lang='lat'><strong>——</strong></span> <span class='ocrx_word' id='word_1_299' title='bbox 1598 4454 1871 4514; x_wconf 73' lang='lat' dir='ltr'><strong>Censor-ti</strong></span> <span class='ocrx_word' id='word_1_300' title='bbox 1899 4470 2038 4513; x_wconf 88' lang='lat' dir='ltr'><strong>suae</strong></span> <span class='ocrx_word' id='word_1_301' title='bbox 2072 4452 2371 4513; x_wconf 79' lang='lat' dir='ltr'><strong>Elisabeth</strong></span> <span class='ocrx_word' id='word_1_302' title='bbox 2394 4451 2550 4513; x_wconf 83' lang='lat' dir='ltr'><strong>fliiae</strong></span> <span class='ocrx_word' id='word_1_303' title='bbox 2575 4453 2743 4513; x_wconf 77' lang='lat' dir='ltr'><strong>ducis</strong></span> <span class='ocrx_word' id='word_1_304' title='bbox 2768 4455 3053 4513; x_wconf 81' lang='lat' dir='ltr'><strong>Bavariac</strong></span> <span class='ocrx_word' id='word_1_305' title='bbox 3077 4469 3186 4530; x_wconf 88' lang='lat' dir='ltr'><strong>pro</strong></span> <span class='ocrx_word' id='word_1_306' title='bbox 3213 4456 3547 4513; x_wconf 88' lang='lat' dir='ltr'><strong>matutinali</strong></span> 
     </span>
     <span class='ocr_line' id='line_1_58' title="bbox 1568 4550 3549 4628; baseline -0.002 -16"><span class='ocrx_word' id='word_1_307' title='bbox 1568 4553 1723 4612; x_wconf 90' lang='lat' dir='ltr'><strong>dono</strong></span> <span class='ocrx_word' id='word_1_308' title='bbox 1750 4551 1911 4628; x_wconf 90' lang='lat' dir='ltr'><strong>quod</strong></span> <span class='ocrx_word' id='word_1_309' title='bbox 1945 4551 2158 4611; x_wconf 85' lang='lat' dir='ltr'><strong>dicitur</strong></span> <span class='ocrx_word' id='word_1_310' title='bbox 2191 4550 2555 4627; x_wconf 79' lang='lat' dir='ltr'><strong>Morgengab</strong></span> <span class='ocrx_word' id='word_1_311' title='bbox 2570 4594 2587 4624; x_wconf 88' lang='lat'>‚</span> <span class='ocrx_word' id='word_1_312' title='bbox 2628 4550 2808 4610; x_wconf 75' lang='lat' dir='ltr'><strong>donat</strong></span> <span class='ocrx_word' id='word_1_313' title='bbox 2840 4557 3056 4610; x_wconf 88' lang='lat' dir='ltr'><strong>terram</strong></span> <span class='ocrx_word' id='word_1_314' title='bbox 3091 4566 3260 4610; x_wconf 86' lang='lat' dir='ltr'><strong>suam</strong></span> <span class='ocrx_word' id='word_1_315' title='bbox 3299 4551 3373 4610; x_wconf 86' lang='lat' dir='ltr'><strong>de</strong></span> <span class='ocrx_word' id='word_1_316' title='bbox 3413 4550 3549 4609; x_wconf 84' lang='lat' dir='ltr'><strong>Mo·</strong></span> 
     </span>
     <span class='ocr_line' id='line_1_59' title="bbox 1569 4646 3546 4725; baseline -0.001 -18"><span class='ocrx_word' id='word_1_317' title='bbox 1569 4651 1778 4725; x_wconf 77' lang='lat' dir='ltr'><strong>ringen</strong></span> <span class='ocrx_word' id='word_1_318' title='bbox 1815 4654 1876 4707; x_wconf 89' lang='lat' dir='ltr'><strong>et</strong></span> <span class='ocrx_word' id='word_1_319' title='bbox 1902 4654 2087 4706; x_wconf 84' lang='lat' dir='ltr'><strong>totam</strong></span> <span class='ocrx_word' id='word_1_320' title='bbox 2119 4653 2450 4706; x_wconf 75' lang='lat' dir='ltr'><strong>conti-atam</strong></span> <span class='ocrx_word' id='word_1_321' title='bbox 2475 4662 2629 4723; x_wconf 83' lang='lat' dir='ltr'><strong>quae</strong></span> <span class='ocrx_word' id='word_1_322' title='bbox 2662 4647 2879 4708; x_wconf 81' lang='lat' dir='ltr'><strong>dieitur</strong></span> <span class='ocrx_word' id='word_1_323' title='bbox 2904 4646 3151 4707; x_wconf 81' lang='lat' dir='ltr'><strong>Hibisch</strong></span> <span class='ocrx_word' id='word_1_324' title='bbox 3176 4662 3314 4706; x_wconf 90' lang='lat' dir='ltr'><strong>cum</strong></span> <span class='ocrx_word' id='word_1_325' title='bbox 3340 4648 3546 4707; x_wconf 87' lang='lat' dir='ltr'><strong>omni-</strong></span> 
     </span>
     <span class='ocr_line' id='line_1_60' title="bbox 1568 4745 3547 4821; baseline -0.001 -17"><span class='ocrx_word' id='word_1_326' title='bbox 1568 4745 1682 4805; x_wconf 89' lang='lat' dir='ltr'><strong>bus</strong></span> <span class='ocrx_word' id='word_1_327' title='bbox 1706 4746 2087 4821; x_wconf 82' lang='lat' dir='ltr'><strong>pertinentiis.</strong></span> <span class='ocrx_word' id='word_1_328' title='bbox 3430 4752 3547 4804; x_wconf 87' lang='grc'><strong>875</strong></span> 
     </span>
    </p>
   </div>
   <div class='ocr_carea' id='block_1_19' title="bbox 729 4170 1349 4250">
    <p class='ocr_par' dir='ltr' id='par_1_24' title="bbox 729 4170 1349 4250">
     <span class='ocr_line' id='line_1_61' title="bbox 729 4170 1349 4250; baseline -0.005 -17"><span class='ocrx_word' id='word_1_329' title='bbox 729 4181 773 4232; x_wconf 73' lang='lat' dir='ltr'><strong>s</strong></span> <span class='ocrx_word' id='word_1_330' title='bbox 792 4174 969 4250; x_wconf 76' lang='lat' dir='ltr'><strong>jumi.</strong></span> <span class='ocrx_word' id='word_1_331' title='bbox 1134 4170 1349 4231; x_wconf 66' lang='lat' dir='ltr'><strong>nauis.</strong></span> 
     </span>
    </p>
   </div>
   <div class='ocr_carea' id='block_1_20' title="bbox 780 4458 1423 4658">
    <p class='ocr_par' dir='ltr' id='par_1_25' title="bbox 780 4458 1423 4658">
     <span class='ocr_line' id='line_1_62' title="bbox 780 4458 1332 4539; baseline -0.005 -18"><span class='ocrx_word' id='word_1_332' title='bbox 780 4466 932 4539; x_wconf 73' lang='lat' dir='ltr'><strong>sept.</strong></span> <span class='ocrx_word' id='word_1_333' title='bbox 967 4482 972 4487; x_wconf 85' lang='lat'><strong>·</strong></span> <span class='ocrx_word' id='word_1_334' title='bbox 1153 4458 1332 4535; x_wconf 84' lang='lat' dir='ltr'><strong>Apud</strong></span> 
     </span>
     <span class='ocr_line' id='line_1_63' title="bbox 1066 4555 1423 4658; baseline 0.003 -44"><span class='ocrx_word' id='word_1_335' title='bbox 1066 4555 1423 4658; x_wconf 81' lang='lat' dir='ltr'><strong>Augustam.</strong></span> 
     </span>
    </p>
   </div>
   <div class='ocr_carea' id='block_1_21' title="bbox 1561 2717 3631 2792">
    <p class='ocr_par' dir='ltr' id='par_1_26' title="bbox 1561 2717 3631 2792">
     <span class='ocr_line' id='line_1_64' title="bbox 1561 2717 3631 2792; baseline 0.002 -17"><span class='ocrx_word' id='word_1_336' title='bbox 1561 2723 1623 2776; x_wconf 88' lang='lat' dir='ltr'><strong>et</strong></span> <span class='ocrx_word' id='word_1_337' title='bbox 1646 2717 1871 2792; x_wconf 81' lang='lat' dir='ltr'><strong>imperii</strong></span> <span class='ocrx_word' id='word_1_338' title='bbox 1901 2717 2254 2791; x_wconf 86' lang='lat' dir='ltr'><strong>protectione</strong></span> <span class='ocrx_word' id='word_1_339' title='bbox 2283 2717 2515 2792; x_wconf 88' lang='lat' dir='ltr'><strong>recipit,</strong></span> <span class='ocrx_word' id='word_1_340' title='bbox 2544 2722 2663 2777; x_wconf 85' lang='lat' dir='ltr'><strong>etc.</strong></span> <span class='ocrx_word' id='word_1_341' title='bbox 3426 2728 3543 2780; x_wconf 81' lang='grc'><strong>868</strong></span> <span class='ocrx_word' id='word_1_342' title='bbox 3628 2755 3631 2760; x_wconf 91' lang='grc'>-</span> 
     </span>
    </p>
   </div>
  </div>
 </body>
</html>
