4525 6031
673 672 878 734 Iunior.
907 672 1000 755 4.]
1563 670 1955 733 HISTORIA
2004 669 2592 742 D1PLOMATJCA.
3369 668 3487 730 871

674 829 964 902 presens
1011 808 1345 905 scriptum
1388 817 1633 881 notum
1678 809 1967 880 facimus
2002 809 2344 880 universis
2374 805 2643 903 imperii
2677 804 2999 877 fidelibus
3033 814 3170 875 tam
3205 826 3496 899 presen-

677 932 861 1004 tibus
903 954 1116 1025 quam
1147 932 1395 1004 futuris
1421 931 1612 1026 quod
1637 953 1765 1026 pro
1806 933 2055 1004 merito
2092 930 2255 1003 fidei
2293 941 2363 1003 et
2391 929 2780 1003 devotionis
2805 928 3061 1000 civium
3091 936 3492 1001 nostrorum

671 1054 763 1127 de
794 1054 1286 1143 Frankenfurt,
1324 1055 1762 1127 attendentes
1793 1078 2073 1149 quoque
2111 1077 2353 1128 eorum
2385 1064 2583 1148 grata
2611 1052 2889 1124 servitia
2919 1073 3057 1145 que
3089 1051 3277 1122 omni
3312 1061 3490 1123 tem-

674 1199 844 1273 pore
874 1178 1160 1250 domino
1185 1178 1366 1273 patri
1396 1188 1672 1268 nostr0,
1705 1179 2264 1273 progenitoribus
2296 1180 2447 1271 ejus
2479 1187 2551 1249 et
2585 1175 2787 1247 nobis
2818 1173 3259 1248 devotissime
3289 1196 3490 1268 pres-

676 1299 965 1372 titerunt
1013 1311 1086 1373 et
1126 1301 1199 1372 in
1234 1311 1441 1374 antea
1481 1311 1792 1396 prestare
1840 1311 2166 1397 poterunt
2206 1302 2546 1395 gratiora,
2608 1299 3017 1370 auctoritate
3074 1319 3157 1369 ac
3206 1296 3491 1392 speciali

673 1422 1006 1495 mandato
1048 1423 1466 1496 serenissimi
1506 1423 1770 1499 Cesaris
1817 1425 2082 1497 domini
2126 1425 2343 1520 patris
2373 1423 2624 1515 nostri,
2652 1422 2853 1494 nobis
2884 1421 3073 1518 apud
3107 1422 3334 1517 ipsum
3365 1443 3491 1516 pro

670 1546 839 1640 ipsis
871 1547 1138 1620 civibus
1165 1547 1608 1619 devotissime
1636 1548 2221 1643 supplicantibuS,
2257 1547 2648 1619 remisimus
2675 1546 2775 1617 eis
2806 1567 3085 1616 omnem
3118 1566 3381 1616 noxam
3417 1558 3491 1618 et

670 1669 730 1742 si
761 1691 972 1762 quam
1005 1670 1338 1742 offensam
1380 1672 1513 1743 visi
1553 1680 1717 1744 sunt
1742 1671 1874 1766 ipsi
1902 1672 2091 1745 cives
2117 1674 2188 1742 in
2216 1671 2461 1744 cedem
2491 1681 2562 1741 et
2594 1669 3081 1741 exterminium
3109 1669 3490 1742 Judeorum

670 1792 759 1864 de
809 1792 1301 1884 Frankenfurt,
1355 1816 1716 1866 servorum
1759 1816 2032 1867 camere
2074 1807 2345 1886 nostre,
2399 1794 2835 1887 negligenter
2889 1802 2957 1864 et
3007 1793 3491 1886 contingenter

667 1916 897 2010 potius
946 1938 1156 2009 quam
1205 1917 1596 1989 voluntarie
1642 1918 2063 1990 commisisse
2112 1915 2175 2013 (l
2191 1915 2245 2014 ).
2294 1919 2388 1989 De
2429 1916 2916 1988 abundantiori
2954 1938 3233 2009 quoque
3265 1917 3487 2009 gratia

669 2040 1097 2111 celsitudinis
1125 2051 1358 2113 nostre
1391 2041 1857 2136 promittimus
1885 2041 1984 2112 eis
2017 2063 2226 2136 super
2252 2040 2655 2133 hujusmodi
2687 2040 2943 2134 scripto
2968 2039 3384 2112 remissionis
3415 2051 3489 2113 et

665 2164 884 2255 gratie
912 2173 1149 2236 nostre
1172 2165 1612 2260 privilegium
1630 2166 2069 2259 imperatorie
2103 2164 2482 2258 majestatis
2517 2163 2893 2234 liberaliter
2924 2165 3321 2256 impetrare,
3351 2187 3481 2260 pro

663 2286 972 2382 ipsorum
1001 2288 1255 2359 civium
1289 2296 1360 2360 et
1391 2287 1728 2360 heredum
1756 2309 2039 2360 suorum
2068 2299 2406 2384 perpetua
2438 2289 2833 2360 securitate.
2870 2287 2982 2359 Ad
3014 2287 3220 2379 hujus
3246 2283 3493 2381 itaque

665 2410 1086 2484 remissionis
1122 2421 1356 2484 nostre
1394 2411 1799 2483 memoriam
1849 2424 1919 2483 et
1967 2413 2182 2483 robur
2230 2412 2301 2483 in
2363 2419 2714 2506 posterum
2751 2411 3151 2501 valiturum,
3193 2432 3482 2505 presens

664 2535 998 2631 scriptum
1027 2534 1176 2606 fieri
1209 2545 1279 2606 et
1310 2535 1535 2627 sigillo
1567 2546 1802 2607 nostre
1834 2536 2223 2607 serenitatis
2244 2536 2578 2628 jussimus
2600 2536 3032 2607 communiri.

759 2659 1010 2731 Datum
1045 2658 1234 2754 apud
1263 2659 1679 2749 Rotinburc,
1714 2681 1900 2732 anno
1937 2659 2281 2731 dominice
2310 2659 2801 2731 incarnationis
2829 2659 3194 2731 millesimo
3223 2659 3484 2732 ducen-

662 2783 907 2855 tesimo
934 2782 1463 2875 quadragesimo
1490 2793 1693 2855 sexto
1712 2838 1732 2876 ,
1767 2805 2005 2856 mense
2040 2784 2238 2873 maii,
2267 2794 2512 2880 quarte
2541 2782 2956 2855 indictionis·

770 3336 1205 3444 ConraduS‚
1249 3337 1326 3417 in
1373 3336 1896 3418 Romanorum
1935 3362 2193 3447 regem
2244 3336 2567 3445 electuS‚
2626 3339 2961 3422 Gerardo
2995 3339 3093 3422 de
3128 3341 3417 3449 Sintsig
3450 3400 3473 3443 ‚

660 3494 802 3577 pro
874 3470 1222 3579 expensis
1284 3469 1513 3550 castri
1590 3468 2073 3552 Landscrone
2126 3481 2436 3552 centum
2506 3496 2805 3554 marcas
2867 3473 3277 3580 promittit,
3340 3500 3481 3582 pro

664 3601 947 3711 quibus
995 3628 1269 3685 census
1307 3628 1487 3686 suos
1532 3627 1772 3685 novos
1811 3602 2014 3686 ultra
2050 3604 2397 3687 Rhenum
2436 3613 2511 3688 et
2546 3632 2820 3690 nemus
2873 3633 3102 3690 suum
3142 3607 3238 3693 de
3272 3607 3483 3691 Hoe-

662 3733 811 3817 vile
844 3733 1064 3818 titulo
1101 3736 1441 3847 pignoris
1477 3734 1795 3845 obligat.

821 3947 1026 4022 (Edid.
1051 3950 1276 4029 Tnoss,
1315 3947 1688 4033 wmphalia,
1721 3959 1756 4012 9
1778 3952 1897 4029 jul.
1933 3959 2111 4025 1825,
2142 3968 2200 4029 p.
2234 3952 2362 4031 12.)

755 4134 1146 4227 ConraduS,
1196 4136 1338 4209 divi
1381 4139 1655 4230 augusti
1701 4130 2137 4235 imperatoris
2172 4139 2501 4212 Friderici
2533 4139 2749 4231 filius,
2781 4140 2907 4212 Dei
2939 4141 3159 4233 gratia
3196 4137 3480 4237 [Roma-

654 4256 933 4357 norum]
960 4260 1033 4330 in
1059 4281 1301 4351 regem
1329 4262 1592 4336 electus
1608 4316 1627 4354 ,
1656 4284 1931 4357 semper
1955 4275 2293 4355 augustus
2309 4315 2329 4353 ,
2355 4262 2561 4335 heres
2578 4263 3194 4355 regniJerusalem.
3215 4266 3484 4336 Tenore

656 4383 1086 4477 presentium
1114 4395 1360 4456 notum
1392 4407 1543 4457 esse
1574 4387 1896 4457 volumus
1934 4387 2125 4480 quod
2157 4408 2284 4458 nos
2318 4386 2387 4457 in
2412 4386 2798 4459 subsidium
2818 4407 3286 4481 expensarum
3309 4408 3486 4480 quas

658 4507 922 4603 recepit
972 4509 1364 4582 necessario
1415 4519 1719 4582 castrum
1773 4511 2250 4603 Landscrone,
2307 4511 2665 4584 Gerhardo
2729 4511 2840 4583 de'
2879 4511 3186 4603 Zintzigb
3209 4563 3230 4601 ,
3293 4511 3486 4582 fideli

727 4786 806 4859 (4)
845 4787 923 4845 De
945 4786 1054 4847 ista
1078 4789 1264 4862 caede,
1293 4787 1496 4849 videsIs
1519 4790 1781 4850 Chronic-
1808 4790 2107 4866 Erphord„
2138 4808 2226 4865 ap.
2256 4793 2549 4864 Bonum,
2579 4791 2803 4865 Fontes,
2831 4803 2875 4851 t.
2902 4791 2973 4864 11,
2996 4809 3053 4867 p.
3088 4794 3212 4850 402.

3609 3352 3823 3457 nim.

3612 3463 3667 3505 81
3685 3461 3819 3504 maii.
