<?xml version="1.0" encoding="UTF-8"?>
<!DOCTYPE html PUBLIC "-//W3C//DTD XHTML 1.0 Transitional//EN"
    "http://www.w3.org/TR/xhtml1/DTD/xhtml1-transitional.dtd">
<html xmlns="http://www.w3.org/1999/xhtml" xml:lang="en" lang="en">
 <head>
  <title>
</title>
<meta http-equiv="Content-Type" content="text/html;charset=utf-8" />
  <meta name='ocr-system' content='tesseract 3.04.00' />
  <meta name='ocr-capabilities' content='ocr_page ocr_carea ocr_par ocr_line ocrx_word'/>
</head>
<body>
  <div class='ocr_page' id='page_1' title='image "./historiadiploma01empegoog_0428.png"; bbox 0 0 4525 6031; ppageno 0'>
   <div class='ocr_carea' id='block_1_1' title="bbox 1025 600 2947 675">
    <p class='ocr_par' dir='ltr' id='par_1_1' title="bbox 1025 600 2947 675">
     <span class='ocr_line' id='line_1_1' title="bbox 1025 600 2947 675; baseline 0.007 -13"><span class='ocrx_word' id='word_1_1' title='bbox 1025 600 1149 662; x_wconf 79' lang='lat'>970</span> <span class='ocrx_word' id='word_1_2' title='bbox 1942 610 2197 673; x_wconf 79' lang='lat' dir='ltr'>INDEX</span> <span class='ocrx_word' id='word_1_3' title='bbox 2245 611 2947 675; x_wconf 77' lang='lat' dir='ltr'><strong>DOCUMENTORUM.</strong></span> 
     </span>
    </p>
   </div>
   <div class='ocr_carea' id='block_1_2' title="bbox 1053 802 1278 880">
    <p class='ocr_par' dir='ltr' id='par_1_2' title="bbox 1053 802 1278 880">
     <span class='ocr_line' id='line_1_2' title="bbox 1053 802 1278 880; baseline -0.009 0"><span class='ocrx_word' id='word_1_4' title='bbox 1053 802 1278 880; x_wconf 74' lang='lat'><strong>1248</strong></span> 
     </span>
    </p>
   </div>
   <div class='ocr_carea' id='block_1_3' title="bbox 1073 932 3867 1119">
    <p class='ocr_par' dir='ltr' id='par_1_3' title="bbox 1073 932 3867 1119">
     <span class='ocr_line' id='line_1_3' title="bbox 1073 932 3867 1021; baseline 0.005 -29"><span class='ocrx_word' id='word_1_5' title='bbox 1073 936 1252 992; x_wconf 89' lang='lat' dir='ltr'>maio.</span> <span class='ocrx_word' id='word_1_6' title='bbox 1354 932 1425 991; x_wconf 94' lang='lat' dir='ltr'>In</span> <span class='ocrx_word' id='word_1_7' title='bbox 1454 935 1662 993; x_wconf 85' lang='lat' dir='ltr'>castris</span> <span class='ocrx_word' id='word_1_8' title='bbox 1686 935 1747 994; x_wconf 91' lang='lat' dir='ltr'>in</span> <span class='ocrx_word' id='word_1_9' title='bbox 1802 971 1881 985; x_wconf 89' lang='lat'>—</span> <span class='ocrx_word' id='word_1_10' title='bbox 1915 940 2031 1002; x_wconf 91' lang='lat' dir='ltr'>Pro</span> <span class='ocrx_word' id='word_1_11' title='bbox 2065 943 2247 1019; x_wconf 84' lang='lat' dir='ltr'>gratis</span> <span class='ocrx_word' id='word_1_12' title='bbox 2272 947 2332 1003; x_wconf 91' lang='lat' dir='ltr'>et</span> <span class='ocrx_word' id='word_1_13' title='bbox 2357 945 2612 1019; x_wconf 87' lang='lat' dir='ltr'>acceptis</span> <span class='ocrx_word' id='word_1_14' title='bbox 2646 945 2904 1004; x_wconf 86' lang='lat' dir='ltr'>servitiis</span> <span class='ocrx_word' id='word_1_15' title='bbox 2941 945 3271 1004; x_wconf 88' lang='lat' dir='ltr'>communis</span> <span class='ocrx_word' id='word_1_16' title='bbox 3304 943 3564 1021; x_wconf 86' lang='lat' dir='ltr'>Eugubii</span> <span class='ocrx_word' id='word_1_17' title='bbox 3598 943 3867 1006; x_wconf 81' lang='lat' dir='ltr'>fidelinm</span> 
     </span>
     <span class='ocr_line' id='line_1_4' title="bbox 1396 1028 3866 1119; baseline 0.007 -32"><span class='ocrx_word' id='word_1_18' title='bbox 1396 1028 1711 1106; x_wconf 85' lang='lat' dir='ltr'>depopula·</span> <span class='ocrx_word' id='word_1_19' title='bbox 1880 1054 2155 1115; x_wconf 87' lang='lat' dir='ltr'>suorum,</span> <span class='ocrx_word' id='word_1_20' title='bbox 2183 1041 2269 1099; x_wconf 90' lang='lat' dir='ltr'>eis</span> <span class='ocrx_word' id='word_1_21' title='bbox 2296 1046 2554 1099; x_wconf 80' lang='lat' dir='ltr'><strong>castrum</strong></span> <span class='ocrx_word' id='word_1_22' title='bbox 2581 1041 2746 1100; x_wconf 84' lang='lat' dir='ltr'>collis</span> <span class='ocrx_word' id='word_1_23' title='bbox 2772 1041 3059 1118; x_wconf 84' lang='lat' dir='ltr'>Pergulae</span> <span class='ocrx_word' id='word_1_24' title='bbox 3096 1057 3237 1101; x_wconf 89' lang='lat' dir='ltr'>cum</span> <span class='ocrx_word' id='word_1_25' title='bbox 3262 1041 3540 1102; x_wconf 85' lang='lat' dir='ltr'>omnibus</span> <span class='ocrx_word' id='word_1_26' title='bbox 3566 1045 3866 1119; x_wconf 85' lang='lat' dir='ltr'>pertinen-</span> 
     </span>
    </p>
   </div>
   <div class='ocr_carea' id='block_1_4' title="bbox 1028 765 3854 799">
    <p class='ocr_par' dir='ltr' id='par_1_4' title="bbox 1028 765 3854 799">
     <span class='ocr_line' id='line_1_5' title="bbox 1028 765 3854 799; baseline 0 5232"><span class='ocrx_word' id='word_1_27' title='bbox 1028 765 3854 799; x_wconf 95' lang='lat' dir='ltr'> </span> 
     </span>
    </p>
   </div>
   <div class='ocr_carea' id='block_1_5' title="bbox 1042 910 1299 923">
    <p class='ocr_par' dir='ltr' id='par_1_5' title="bbox 1042 910 1299 923">
     <span class='ocr_line' id='line_1_6' title="bbox 1042 910 1299 923; baseline 0 5108"><span class='ocrx_word' id='word_1_28' title='bbox 1042 910 1299 923; x_wconf 95' lang='lat' dir='ltr'> </span> 
     </span>
    </p>
   </div>
   <div class='ocr_carea' id='block_1_6' title="bbox 1059 1129 3869 1515">
    <p class='ocr_par' dir='ltr' id='par_1_6' title="bbox 1335 1129 3864 1213">
     <span class='ocr_line' id='line_1_7' title="bbox 1335 1129 3864 1213; baseline 0.006 -27"><span class='ocrx_word' id='word_1_29' title='bbox 1335 1129 1496 1187; x_wconf 90' lang='lat' dir='ltr'>tione</span> <span class='ocrx_word' id='word_1_30' title='bbox 1508 1130 1767 1189; x_wconf 84' lang='lat' dir='ltr'>Parmae.</span> <span class='ocrx_word' id='word_1_31' title='bbox 1880 1136 1978 1194; x_wconf 88' lang='lat' dir='ltr'>tiis</span> <span class='ocrx_word' id='word_1_32' title='bbox 2004 1138 2136 1211; x_wconf 84' lang='lat' dir='ltr'>ejus</span> <span class='ocrx_word' id='word_1_33' title='bbox 2169 1138 2231 1194; x_wconf 93' lang='lat' dir='ltr'>in</span> <span class='ocrx_word' id='word_1_34' title='bbox 2257 1142 2606 1213; x_wconf 89' lang='lat' dir='ltr'>perpetuum</span> <span class='ocrx_word' id='word_1_35' title='bbox 2626 1137 2916 1198; x_wconf 85' lang='lat' dir='ltr'>concedit.</span> <span class='ocrx_word' id='word_1_36' title='bbox 3747 1148 3864 1200; x_wconf 73' lang='lat'>625</span> 
     </span>
    </p>

    <p class='ocr_par' dir='ltr' id='par_1_7' title="bbox 1059 1231 3869 1515">
     <span class='ocr_line' id='line_1_8' title="bbox 1082 1231 3868 1320; baseline 0.005 -28"><span class='ocrx_word' id='word_1_37' title='bbox 1082 1231 1259 1311; x_wconf 90' lang='lat' dir='ltr'>[maio</span> <span class='ocrx_word' id='word_1_38' title='bbox 1343 1275 1772 1296; x_wconf 86' lang='grc'><strong>.......</strong></span> <span class='ocrx_word' id='word_1_39' title='bbox 1803 1274 1883 1285; x_wconf 90' lang='grc'><strong>-</strong></span> <span class='ocrx_word' id='word_1_40' title='bbox 1923 1238 2140 1301; x_wconf 81' lang='lat' dir='ltr'><strong>Scribit</strong></span> <span class='ocrx_word' id='word_1_41' title='bbox 2173 1243 2374 1301; x_wconf 85' lang='lat' dir='ltr'>comiti</span> <span class='ocrx_word' id='word_1_42' title='bbox 2416 1242 2735 1302; x_wconf 89' lang='lat' dir='ltr'>Casertano</span> <span class='ocrx_word' id='word_1_43' title='bbox 2768 1242 3141 1304; x_wconf 84' lang='lat' dir='ltr'>Ludovicum</span> <span class='ocrx_word' id='word_1_44' title='bbox 3182 1258 3375 1320; x_wconf 78' lang='lat' dir='ltr'>regem</span> <span class='ocrx_word' id='word_1_45' title='bbox 3410 1243 3767 1304; x_wconf 85' lang='lat' dir='ltr'>Francorum</span> <span class='ocrx_word' id='word_1_46' title='bbox 3803 1247 3868 1306; x_wconf 82' lang='lat' dir='ltr'>ln</span> 
     </span>
     <span class='ocr_line' id='line_1_9' title="bbox 1123 1328 3868 1417; baseline 0.003 -21"><span class='ocrx_word' id='word_1_47' title='bbox 1123 1328 1218 1387; x_wconf 69' lang='lat' dir='ltr'>vel</span> <span class='ocrx_word' id='word_1_48' title='bbox 1884 1339 2360 1399; x_wconf 77' lang='lat' dir='ltr'>transfretatione</span> <span class='ocrx_word' id='word_1_49' title='bbox 2393 1344 2666 1417; x_wconf 81' lang='lat' dir='ltr'>proxima</span> <span class='ocrx_word' id='word_1_50' title='bbox 2700 1358 2804 1417; x_wconf 92' lang='lat' dir='ltr'>per</span> <span class='ocrx_word' id='word_1_51' title='bbox 2837 1339 3094 1401; x_wconf 85' lang='lat' dir='ltr'>Siciliam</span> <span class='ocrx_word' id='word_1_52' title='bbox 3134 1343 3519 1410; x_wconf 82' lang='lat' dir='ltr'>transiturum</span> <span class='ocrx_word' id='word_1_53' title='bbox 3534 1384 3552 1413; x_wconf 89' lang='lat'><strong>,</strong></span> <span class='ocrx_word' id='word_1_54' title='bbox 3595 1342 3868 1403; x_wconf 87' lang='lat' dir='ltr'>mandat-</span> 
     </span>
     <span class='ocr_line' id='line_1_10' title="bbox 1059 1421 3869 1515; baseline 0.002 -22"><span class='ocrx_word' id='word_1_55' title='bbox 1059 1421 1276 1503; x_wconf 62' lang='lat' dir='ltr'>junia]</span> <span class='ocrx_word' id='word_1_56' title='bbox 1890 1454 2007 1511; x_wconf 88' lang='lat' dir='ltr'>que</span> <span class='ocrx_word' id='word_1_57' title='bbox 2051 1445 2119 1496; x_wconf 88' lang='lat' dir='ltr'>ut</span> <span class='ocrx_word' id='word_1_58' title='bbox 2158 1438 2360 1496; x_wconf 90' lang='lat' dir='ltr'>statim</span> <span class='ocrx_word' id='word_1_59' title='bbox 2399 1436 2476 1497; x_wconf 87' lang='lat' dir='ltr'>ad</span> <span class='ocrx_word' id='word_1_60' title='bbox 2511 1444 2710 1515; x_wconf 88' lang='lat' dir='ltr'>partes</span> <span class='ocrx_word' id='word_1_61' title='bbox 2756 1437 2887 1497; x_wconf 90' lang='lat' dir='ltr'>illas</span> <span class='ocrx_word' id='word_1_62' title='bbox 2930 1437 3170 1498; x_wconf 86' lang='lat' dir='ltr'>accedat</span> <span class='ocrx_word' id='word_1_63' title='bbox 3205 1454 3312 1513; x_wconf 89' lang='lat' dir='ltr'>pro</span> <span class='ocrx_word' id='word_1_64' title='bbox 3352 1441 3683 1515; x_wconf 80' lang='lat' dir='ltr'>receptione</span> <span class='ocrx_word' id='word_1_65' title='bbox 3726 1441 3869 1500; x_wconf 86' lang='lat' dir='ltr'>dicti</span> 
     </span>
    </p>
   </div>
   <div class='ocr_carea' id='block_1_7' title="bbox 1074 1534 3871 1913">
    <p class='ocr_par' dir='ltr' id='par_1_8' title="bbox 1074 1534 3871 1913">
     <span class='ocr_line' id='line_1_11' title="bbox 1881 1534 3785 1595; baseline 0.002 -4"><span class='ocrx_word' id='word_1_66' title='bbox 1881 1549 1913 1590; x_wconf 86' lang='grc' dir='ltr'>ι·</span> <span class='ocrx_word' id='word_1_67' title='bbox 1984 1534 2056 1592; x_wconf 90' lang='lat' dir='ltr'>is.</span> <span class='ocrx_word' id='word_1_68' title='bbox 2730 1573 2731 1576; x_wconf 20' lang='grc' dir='ltr'><strong>κ</strong></span> <span class='ocrx_word' id='word_1_69' title='bbox 3750 1544 3785 1595; x_wconf 94' lang='grc'><strong>6</strong></span> 
     </span>
     <span class='ocr_line' id='line_1_12' title="bbox 1074 1545 3869 1716; baseline -0.001 -12"><span class='ocrx_word' id='word_1_70' title='bbox 1074 1627 1269 1704; x_wconf 65' lang='grc' dir='ltr'><strong>3011Ῐο·</strong></span> <span class='ocrx_word' id='word_1_71' title='bbox 1356 1633 1425 1692; x_wconf 80' lang='lat'>11¹</span> <span class='ocrx_word' id='word_1_72' title='bbox 1454 1632 1659 1691; x_wconf 68' lang='lat' dir='ltr'>castris</span> <span class='ocrx_word' id='word_1_73' title='bbox 1685 1632 1749 1690; x_wconf 79' lang='lat'>1¹1</span> <span class='ocrx_word' id='word_1_74' title='bbox 1804 1672 1884 1682; x_wconf 94' lang='lat'><strong>—</strong></span> <span class='ocrx_word' id='word_1_75' title='bbox 1914 1550 2020 1699; x_wconf 59' lang='lat' dir='ltr'>eAgd</span> <span class='ocrx_word' id='word_1_76' title='bbox 2052 1638 2536 1716; x_wconf 79' lang='lat' dir='ltr'>supplicationem</span> <span class='ocrx_word' id='word_1_77' title='bbox 2565 1637 2775 1699; x_wconf 86' lang='lat' dir='ltr'>Ortolfl</span> <span class='ocrx_word' id='word_1_78' title='bbox 2801 1637 3138 1699; x_wconf 84' lang='lat' dir='ltr'>Garatensis</span> <span class='ocrx_word' id='word_1_79' title='bbox 3164 1637 3427 1714; x_wconf 85' lang='lat' dir='ltr'>abbatis,</span> <span class='ocrx_word' id='word_1_80' title='bbox 3470 1638 3544 1699; x_wconf 90' lang='lat' dir='ltr'>de</span> <span class='ocrx_word' id='word_1_81' title='bbox 3585 1640 3766 1701; x_wconf 81' lang='lat' dir='ltr'>verbo</span> <span class='ocrx_word' id='word_1_82' title='bbox 3791 1545 3869 1701; x_wconf 56' lang='lat' dir='ltr'>{g</span> 
     </span>
     <span class='ocr_line' id='line_1_13' title="bbox 1399 1726 3871 1815; baseline 0.005 -28"><span class='ocrx_word' id='word_1_83' title='bbox 1399 1726 1715 1804; x_wconf 87' lang='lat' dir='ltr'>depopula·</span> <span class='ocrx_word' id='word_1_84' title='bbox 1884 1737 2131 1796; x_wconf 88' lang='lat' dir='ltr'>verbum</span> <span class='ocrx_word' id='word_1_85' title='bbox 2165 1742 2413 1796; x_wconf 86' lang='lat' dir='ltr'>renovat</span> <span class='ocrx_word' id='word_1_86' title='bbox 2445 1737 2819 1815; x_wconf 83' lang='lat' dir='ltr'>privilegium</span> <span class='ocrx_word' id='word_1_87' title='bbox 2848 1753 2885 1796; x_wconf 87' lang='lat' dir='ltr'>a</span> <span class='ocrx_word' id='word_1_88' title='bbox 2924 1736 3221 1797; x_wconf 88' lang='lat' dir='ltr'>Friderico</span> <span class='ocrx_word' id='word_1_89' title='bbox 3259 1736 3557 1812; x_wconf 89' lang='lat' dir='ltr'>qnondam</span> <span class='ocrx_word' id='word_1_90' title='bbox 3596 1736 3871 1799; x_wconf 81' lang='lat' dir='ltr'>Austriae</span> 
     </span>
     <span class='ocr_line' id='line_1_14' title="bbox 1340 1827 3867 1913; baseline 0.003 -26"><span class='ocrx_word' id='word_1_91' title='bbox 1340 1830 1497 1887; x_wconf 87' lang='lat' dir='ltr'>tione</span> <span class='ocrx_word' id='word_1_92' title='bbox 1509 1827 1769 1886; x_wconf 82' lang='lat' dir='ltr'>Parmae.</span> <span class='ocrx_word' id='word_1_93' title='bbox 1885 1840 1945 1892; x_wconf 90' lang='lat' dir='ltr'>et</span> <span class='ocrx_word' id='word_1_94' title='bbox 1979 1831 2213 1910; x_wconf 88' lang='lat' dir='ltr'>Styriae</span> <span class='ocrx_word' id='word_1_95' title='bbox 2250 1833 2401 1892; x_wconf 89' lang='lat' dir='ltr'>duce</span> <span class='ocrx_word' id='word_1_96' title='bbox 2442 1841 2514 1892; x_wconf 97' lang='grc'><strong>18</strong></span> <span class='ocrx_word' id='word_1_97' title='bbox 2551 1839 2701 1909; x_wconf 89' lang='lat' dir='ltr'>sept.</span> <span class='ocrx_word' id='word_1_98' title='bbox 2751 1840 2901 1892; x_wconf 80' lang='grc'><strong>1235</strong></span> <span class='ocrx_word' id='word_1_99' title='bbox 2939 1833 3129 1892; x_wconf 85' lang='lat' dir='ltr'>eidem</span> <span class='ocrx_word' id='word_1_100' title='bbox 3177 1836 3497 1893; x_wconf 83' lang='lat' dir='ltr'>conventui</span> <span class='ocrx_word' id='word_1_101' title='bbox 3539 1834 3867 1913; x_wconf 87' lang='lat' dir='ltr'>indultum,</span> 
     </span>
    </p>
   </div>
   <div class='ocr_carea' id='block_1_8' title="bbox 1885 1929 3871 2103">
    <p class='ocr_par' dir='ltr' id='par_1_9' title="bbox 1885 1929 3871 2103">
     <span class='ocr_line' id='line_1_15' title="bbox 1887 1929 3871 2008; baseline 0.003 -20"><span class='ocrx_word' id='word_1_102' title='bbox 1887 1935 2251 2006; x_wconf 79' lang='lat' dir='ltr'>testaturque</span> <span class='ocrx_word' id='word_1_103' title='bbox 2305 1929 2674 1989; x_wconf 80' lang='lat' dir='ltr'>advocatiam</span> <span class='ocrx_word' id='word_1_104' title='bbox 2722 1931 2902 2008; x_wconf 86' lang='lat' dir='ltr'>hujus</span> <span class='ocrx_word' id='word_1_105' title='bbox 2954 1931 3290 1990; x_wconf 86' lang='lat' dir='ltr'>monasterii</span> <span class='ocrx_word' id='word_1_106' title='bbox 3339 1930 3416 1989; x_wconf 89' lang='lat' dir='ltr'>ad</span> <span class='ocrx_word' id='word_1_107' title='bbox 3472 1947 3685 1992; x_wconf 88' lang='lat' dir='ltr'>manus</span> <span class='ocrx_word' id='word_1_108' title='bbox 3733 1948 3871 1994; x_wconf 85' lang='lat' dir='ltr'>suas</span> 
     </span>
     <span class='ocr_line' id='line_1_16' title="bbox 1885 2026 3865 2103; baseline 0.003 -19"><span class='ocrx_word' id='word_1_109' title='bbox 1885 2033 2163 2103; x_wconf 85' lang='lat' dir='ltr'>perpetuo</span> <span class='ocrx_word' id='word_1_110' title='bbox 2190 2026 2438 2085; x_wconf 89' lang='lat' dir='ltr'>retinere</span> <span class='ocrx_word' id='word_1_111' title='bbox 2464 2026 2637 2085; x_wconf 84' lang='lat' dir='ltr'>velle.</span> <span class='ocrx_word' id='word_1_112' title='bbox 3749 2038 3865 2089; x_wconf 78' lang='grc'>628</span> 
     </span>
    </p>
   </div>
   <div class='ocr_carea' id='block_1_9' title="bbox 1075 2126 3871 2210">
    <p class='ocr_par' dir='ltr' id='par_1_10' title="bbox 1075 2126 3871 2210">
     <span class='ocr_line' id='line_1_17' title="bbox 1075 2126 3871 2210; baseline 0.002 -22"><span class='ocrx_word' id='word_1_113' title='bbox 1075 2130 1269 2206; x_wconf 83' lang='lat' dir='ltr'>junio.</span> <span class='ocrx_word' id='word_1_114' title='bbox 1365 2128 1433 2187; x_wconf 94' lang='lat' dir='ltr'>In</span> <span class='ocrx_word' id='word_1_115' title='bbox 1461 2127 1664 2187; x_wconf 87' lang='lat' dir='ltr'>castris</span> <span class='ocrx_word' id='word_1_116' title='bbox 1689 2126 1754 2184; x_wconf 79' lang='lat' dir='ltr'>in</span> <span class='ocrx_word' id='word_1_117' title='bbox 1805 2164 1887 2177; x_wconf 92' lang='lat'><strong>—</strong></span> <span class='ocrx_word' id='word_1_118' title='bbox 1926 2130 2132 2191; x_wconf 90' lang='lat' dir='ltr'>Ottoni</span> <span class='ocrx_word' id='word_1_119' title='bbox 2165 2133 2368 2191; x_wconf 89' lang='lat' dir='ltr'>comiti</span> <span class='ocrx_word' id='word_1_120' title='bbox 2394 2131 2652 2208; x_wconf 86' lang='lat' dir='ltr'>palatino</span> <span class='ocrx_word' id='word_1_121' title='bbox 2677 2131 2828 2191; x_wconf 85' lang='lat' dir='ltr'>Beni</span> <span class='ocrx_word' id='word_1_122' title='bbox 2856 2135 2917 2189; x_wconf 86' lang='lat' dir='ltr'>et</span> <span class='ocrx_word' id='word_1_123' title='bbox 2940 2132 3076 2191; x_wconf 90' lang='lat' dir='ltr'>duci</span> <span class='ocrx_word' id='word_1_124' title='bbox 3112 2132 3413 2193; x_wconf 81' lang='lat' dir='ltr'>Bawariae</span> <span class='ocrx_word' id='word_1_125' title='bbox 3443 2149 3551 2210; x_wconf 88' lang='lat' dir='ltr'>pro</span> <span class='ocrx_word' id='word_1_126' title='bbox 3584 2131 3871 2194; x_wconf 85' lang='lat' dir='ltr'>fidelitate</span> 
     </span>
    </p>
   </div>
   <div class='ocr_carea' id='block_1_10' title="bbox 1344 2217 3873 2405">
    <p class='ocr_par' dir='ltr' id='par_1_11' title="bbox 1344 2217 3873 2405">
     <span class='ocr_line' id='line_1_18' title="bbox 1395 2217 3873 2303; baseline 0.003 -21"><span class='ocrx_word' id='word_1_127' title='bbox 1395 2217 1721 2300; x_wconf 85' lang='lat' dir='ltr'>depopula-</span> <span class='ocrx_word' id='word_1_128' title='bbox 1887 2228 2175 2287; x_wconf 88' lang='lat' dir='ltr'>hactenus</span> <span class='ocrx_word' id='word_1_129' title='bbox 2203 2227 2466 2287; x_wconf 84' lang='lat' dir='ltr'>exhibita</span> <span class='ocrx_word' id='word_1_130' title='bbox 2491 2229 2553 2286; x_wconf 89' lang='lat' dir='ltr'>in</span> <span class='ocrx_word' id='word_1_131' title='bbox 2582 2227 2784 2286; x_wconf 84' lang='lat' dir='ltr'>odium</span> <span class='ocrx_word' id='word_1_132' title='bbox 2812 2225 3091 2303; x_wconf 83' lang='lat' dir='ltr'>perfidiae</span> <span class='ocrx_word' id='word_1_133' title='bbox 3117 2226 3352 2288; x_wconf 90' lang='lat' dir='ltr'>Ottonis</span> <span class='ocrx_word' id='word_1_134' title='bbox 3376 2227 3546 2287; x_wconf 91' lang='lat' dir='ltr'>ducis</span> <span class='ocrx_word' id='word_1_135' title='bbox 3572 2228 3873 2289; x_wconf 80' lang='lat' dir='ltr'>Meraniae</span> 
     </span>
     <span class='ocr_line' id='line_1_19' title="bbox 1344 2320 3872 2405; baseline 0.001 -22"><span class='ocrx_word' id='word_1_136' title='bbox 1344 2322 1501 2380; x_wconf 85' lang='lat' dir='ltr'>tione</span> <span class='ocrx_word' id='word_1_137' title='bbox 1514 2320 1775 2378; x_wconf 74' lang='lat' dir='ltr'>Parmae·</span> <span class='ocrx_word' id='word_1_138' title='bbox 1887 2325 2207 2402; x_wconf 84' lang='lat' dir='ltr'>proditoris</span> <span class='ocrx_word' id='word_1_139' title='bbox 2243 2327 2368 2398; x_wconf 86' lang='lat' dir='ltr'>sui,</span> <span class='ocrx_word' id='word_1_140' title='bbox 2398 2326 2710 2385; x_wconf 80' lang='lat' dir='ltr'>comitatus</span> <span class='ocrx_word' id='word_1_141' title='bbox 2752 2325 2828 2384; x_wconf 91' lang='lat' dir='ltr'>de</span> <span class='ocrx_word' id='word_1_142' title='bbox 2861 2323 3240 2387; x_wconf 81' lang='lat' dir='ltr'>Nuemburcb</span> <span class='ocrx_word' id='word_1_143' title='bbox 3275 2332 3338 2385; x_wconf 90' lang='lat' dir='ltr'>et</span> <span class='ocrx_word' id='word_1_144' title='bbox 3370 2324 3770 2405; x_wconf 81' lang='lat' dir='ltr'>Scherdingen</span> <span class='ocrx_word' id='word_1_145' title='bbox 3808 2328 3872 2387; x_wconf 90' lang='lat' dir='ltr'>in</span> 
     </span>
    </p>
   </div>
   <div class='ocr_carea' id='block_1_11' title="bbox 1037 2421 3879 3782">
    <p class='ocr_par' dir='ltr' id='par_1_12' title="bbox 1887 2421 3864 2484">
     <span class='ocr_line' id='line_1_20' title="bbox 1887 2421 3864 2484; baseline 0.001 -3"><span class='ocrx_word' id='word_1_146' title='bbox 1887 2422 2132 2482; x_wconf 84' lang='lat' dir='ltr'>feudum</span> <span class='ocrx_word' id='word_1_147' title='bbox 2160 2421 2408 2481; x_wconf 82' lang='lat' dir='ltr'>confert.</span> <span class='ocrx_word' id='word_1_148' title='bbox 3754 2431 3864 2484; x_wconf 85' lang='grc'><strong>631</strong></span> 
     </span>
    </p>

    <p class='ocr_par' dir='ltr' id='par_1_13' title="bbox 1039 2528 3875 2800">
     <span class='ocr_line' id='line_1_21' title="bbox 1078 2528 3874 2612; baseline -0.001 -18"><span class='ocrx_word' id='word_1_149' title='bbox 1078 2535 1278 2612; x_wconf 76' lang='lat' dir='ltr'>[junio</span> <span class='ocrx_word' id='word_1_150' title='bbox 1350 2567 1774 2590; x_wconf 90' lang='grc'><strong>.......</strong></span> <span class='ocrx_word' id='word_1_151' title='bbox 1809 2563 1889 2574; x_wconf 89' lang='grc'>-</span> <span class='ocrx_word' id='word_1_152' title='bbox 1928 2529 2232 2607; x_wconf 85' lang='lat' dir='ltr'>Significat</span> <span class='ocrx_word' id='word_1_153' title='bbox 2279 2530 2480 2588; x_wconf 89' lang='lat' dir='ltr'>comiti</span> <span class='ocrx_word' id='word_1_154' title='bbox 2522 2528 2769 2589; x_wconf 84' lang='lat' dir='ltr'>Novello</span> <span class='ocrx_word' id='word_1_155' title='bbox 2807 2544 3120 2605; x_wconf 89' lang='lat' dir='ltr'>prosperos</span> <span class='ocrx_word' id='word_1_156' title='bbox 3172 2543 3439 2589; x_wconf 88' lang='lat' dir='ltr'>rumores</span> <span class='ocrx_word' id='word_1_157' title='bbox 3481 2528 3557 2588; x_wconf 93' lang='lat' dir='ltr'>de</span> <span class='ocrx_word' id='word_1_158' title='bbox 3608 2532 3874 2591; x_wconf 84' lang='lat' dir='ltr'>exercitu</span> 
     </span>
     <span class='ocr_line' id='line_1_22' title="bbox 1039 2624 3875 2708; baseline -0.001 -17"><span class='ocrx_word' id='word_1_159' title='bbox 1039 2627 1312 2708; x_wconf 74' lang='lat' dir='ltr'>exeunt-J</span> <span class='ocrx_word' id='word_1_160' title='bbox 1889 2643 1995 2687; x_wconf 89' lang='lat' dir='ltr'>suo</span> <span class='ocrx_word' id='word_1_161' title='bbox 2023 2633 2082 2685; x_wconf 94' lang='lat' dir='ltr'>et</span> <span class='ocrx_word' id='word_1_162' title='bbox 2118 2626 2414 2703; x_wconf 89' lang='lat' dir='ltr'>quomodo</span> <span class='ocrx_word' id='word_1_163' title='bbox 2451 2624 2919 2686; x_wconf 77' lang='lat' dir='ltr'>Mediolanenses</span> <span class='ocrx_word' id='word_1_164' title='bbox 2951 2631 3012 2684; x_wconf 91' lang='lat' dir='ltr'>et</span> <span class='ocrx_word' id='word_1_165' title='bbox 3046 2625 3419 2685; x_wconf 79' lang='lat' dir='ltr'>Placentinos</span> <span class='ocrx_word' id='word_1_166' title='bbox 3457 2633 3595 2687; x_wconf 89' lang='lat' dir='ltr'>ante</span> <span class='ocrx_word' id='word_1_167' title='bbox 3628 2627 3875 2688; x_wconf 83' lang='lat' dir='ltr'>Floren-</span> 
     </span>
     <span class='ocr_line' id='line_1_23' title="bbox 1889 2722 3871 2800; baseline 0.001 -17"><span class='ocrx_word' id='word_1_168' title='bbox 1889 2725 2073 2783; x_wconf 86' lang='lat' dir='ltr'>solam</span> <span class='ocrx_word' id='word_1_169' title='bbox 2104 2722 2415 2800; x_wconf 76' lang='lat' dir='ltr'>fugaverit.</span> <span class='ocrx_word' id='word_1_170' title='bbox 3754 2732 3871 2785; x_wconf 78' lang='grc'>632</span> 
     </span>
    </p>

    <p class='ocr_par' dir='ltr' id='par_1_14' title="bbox 1037 2828 3875 3101">
     <span class='ocr_line' id='line_1_24' title="bbox 1084 2828 3869 2921; baseline -0.004 -19"><span class='ocrx_word' id='word_1_171' title='bbox 1084 2841 1278 2921; x_wconf 80' lang='lat' dir='ltr'>[junio</span> <span class='ocrx_word' id='word_1_172' title='bbox 1351 2877 1701 2899; x_wconf 89' lang='grc'><strong>......</strong></span> <span class='ocrx_word' id='word_1_173' title='bbox 1760 2875 1776 2892; x_wconf 93' lang='grc'><strong>.</strong></span> <span class='ocrx_word' id='word_1_174' title='bbox 1809 2863 1892 2875; x_wconf 95' lang='grc'><strong>-</strong></span> <span class='ocrx_word' id='word_1_175' title='bbox 1931 2833 2310 2908; x_wconf 83' lang='lat' dir='ltr'>Regratiatur</span> <span class='ocrx_word' id='word_1_176' title='bbox 2353 2828 2593 2889; x_wconf 86' lang='lat' dir='ltr'>cuidam</span> <span class='ocrx_word' id='word_1_177' title='bbox 2634 2829 3042 2889; x_wconf 84' lang='lat' dir='ltr'>communitati</span> <span class='ocrx_word' id='word_1_178' title='bbox 3077 2828 3152 2888; x_wconf 94' lang='lat' dir='ltr'>de</span> <span class='ocrx_word' id='word_1_179' title='bbox 3189 2829 3389 2890; x_wconf 87' lang='lat' dir='ltr'>oblata</span> <span class='ocrx_word' id='word_1_180' title='bbox 3437 2828 3548 2891; x_wconf 85' lang='lat' dir='ltr'>sibi</span> <span class='ocrx_word' id='word_1_181' title='bbox 3585 2834 3869 2908; x_wconf 58' lang='lat' dir='ltr'>munia,</span> 
     </span>
     <span class='ocr_line' id='line_1_25' title="bbox 1037 2925 3875 3018; baseline -0.005 -17"><span class='ocrx_word' id='word_1_182' title='bbox 1037 2937 1314 3018; x_wconf 88' lang='lat' dir='ltr'>exeunt.]</span> <span class='ocrx_word' id='word_1_183' title='bbox 1890 2934 1951 2987; x_wconf 88' lang='lat' dir='ltr'>ct</span> <span class='ocrx_word' id='word_1_184' title='bbox 1995 2927 2125 2987; x_wconf 85' lang='lat' dir='ltr'>vult</span> <span class='ocrx_word' id='word_1_185' title='bbox 2165 2926 2327 3003; x_wconf 89' lang='lat' dir='ltr'>quod</span> <span class='ocrx_word' id='word_1_186' title='bbox 2360 2928 2424 2985; x_wconf 90' lang='lat' dir='ltr'>in</span> <span class='ocrx_word' id='word_1_187' title='bbox 2458 2925 2702 2987; x_wconf 87' lang='lat' dir='ltr'>collecta</span> <span class='ocrx_word' id='word_1_188' title='bbox 2736 2925 2992 3004; x_wconf 79' lang='lat' dir='ltr'>generali</span> <span class='ocrx_word' id='word_1_189' title='bbox 3035 2927 3122 2985; x_wconf 85' lang='lat' dir='ltr'>eis</span> <span class='ocrx_word' id='word_1_190' title='bbox 3159 2927 3433 3004; x_wconf 82' lang='lat' dir='ltr'>imposita</span> <span class='ocrx_word' id='word_1_191' title='bbox 3472 2926 3619 2988; x_wconf 84' lang='lat' dir='ltr'>haec</span> <span class='ocrx_word' id='word_1_192' title='bbox 3653 2926 3875 2988; x_wconf 86' lang='lat' dir='ltr'>oblatio</span> 
     </span>
     <span class='ocr_line' id='line_1_26' title="bbox 1890 3029 3871 3101; baseline 0.002 -17"><span class='ocrx_word' id='word_1_193' title='bbox 1890 3029 2285 3101; x_wconf 87' lang='lat' dir='ltr'>computetur.</span> <span class='ocrx_word' id='word_1_194' title='bbox 3744 3034 3871 3087; x_wconf 74' lang='grc' dir='ltr'>Δ633</span> 
     </span>
    </p>

    <p class='ocr_par' dir='ltr' id='par_1_15' title="bbox 1041 3130 3878 3404">
     <span class='ocr_line' id='line_1_27' title="bbox 1085 3130 3878 3223; baseline -0.005 -18"><span class='ocrx_word' id='word_1_195' title='bbox 1085 3144 1279 3223; x_wconf 82' lang='lat' dir='ltr'>[junio</span> <span class='ocrx_word' id='word_1_196' title='bbox 1351 3174 1779 3197; x_wconf 87' lang='grc'><strong>.......</strong></span> <span class='ocrx_word' id='word_1_197' title='bbox 1814 3164 1891 3176; x_wconf 93' lang='grc'>-</span> <span class='ocrx_word' id='word_1_198' title='bbox 1933 3130 2233 3192; x_wconf 88' lang='lat' dir='ltr'>Fidelibus</span> <span class='ocrx_word' id='word_1_199' title='bbox 2273 3131 2396 3191; x_wconf 86' lang='lat' dir='ltr'>suls</span> <span class='ocrx_word' id='word_1_200' title='bbox 2435 3130 2638 3190; x_wconf 87' lang='lat' dir='ltr'>scribit</span> <span class='ocrx_word' id='word_1_201' title='bbox 2679 3131 2840 3207; x_wconf 83' lang='lat' dir='ltr'>quod</span> <span class='ocrx_word' id='word_1_202' title='bbox 2881 3147 3019 3191; x_wconf 90' lang='lat' dir='ltr'>cum</span> <span class='ocrx_word' id='word_1_203' title='bbox 3062 3130 3139 3191; x_wconf 90' lang='lat' dir='ltr'>ad</span> <span class='ocrx_word' id='word_1_204' title='bbox 3187 3130 3422 3207; x_wconf 86' lang='lat' dir='ltr'>plenam</span> <span class='ocrx_word' id='word_1_205' title='bbox 3466 3130 3878 3192; x_wconf 87' lang='lat' dir='ltr'>Parmensium</span> 
     </span>
     <span class='ocr_line' id='line_1_28' title="bbox 1041 3225 3878 3317; baseline 0 -28"><span class='ocrx_word' id='word_1_206' title='bbox 1041 3237 1316 3317; x_wconf 43' lang='lat' dir='ltr'>neuun]</span> <span class='ocrx_word' id='word_1_207' title='bbox 1355 3310 1362 3317; x_wconf 20' lang='grc' dir='ltr'>θ</span> <span class='ocrx_word' id='word_1_208' title='bbox 1894 3229 2349 3289; x_wconf 84' lang='lat' dir='ltr'>destructionem</span> <span class='ocrx_word' id='word_1_209' title='bbox 2402 3228 2653 3304; x_wconf 86' lang='lat' dir='ltr'>pecunia</span> <span class='ocrx_word' id='word_1_210' title='bbox 2698 3226 2811 3286; x_wconf 88' lang='lat' dir='ltr'>sibi</span> <span class='ocrx_word' id='word_1_211' title='bbox 2864 3228 3277 3288; x_wconf 87' lang='lat' dir='ltr'>tantummodo</span> <span class='ocrx_word' id='word_1_212' title='bbox 3300 3225 3561 3314; x_wconf 17' lang='lat' dir='ltr'>&#39;deficiat</span> <span class='ocrx_word' id='word_1_213' title='bbox 3576 3270 3596 3301; x_wconf 90' lang='lat'><em>,</em></span> <span class='ocrx_word' id='word_1_214' title='bbox 3647 3227 3726 3287; x_wconf 80' lang='lat' dir='ltr'>ad</span> <span class='ocrx_word' id='word_1_215' title='bbox 3774 3244 3878 3290; x_wconf 79' lang='lat' dir='ltr'>eos</span> 
     </span>
     <span class='ocr_line' id='line_1_29' title="bbox 1893 3324 3878 3404; baseline -0.001 -20"><span class='ocrx_word' id='word_1_216' title='bbox 1893 3325 2232 3400; x_wconf 85' lang='lat' dir='ltr'>Philippum</span> <span class='ocrx_word' id='word_1_217' title='bbox 2260 3324 2600 3383; x_wconf 79' lang='lat' dir='ltr'>Patiensem</span> <span class='ocrx_word' id='word_1_218' title='bbox 2627 3325 2968 3400; x_wconf 88' lang='lat' dir='ltr'>episcopum</span> <span class='ocrx_word' id='word_1_219' title='bbox 2997 3326 3180 3385; x_wconf 90' lang='lat' dir='ltr'>mittit</span> <span class='ocrx_word' id='word_1_220' title='bbox 3213 3340 3319 3401; x_wconf 86' lang='lat' dir='ltr'>pro</span> <span class='ocrx_word' id='word_1_221' title='bbox 3354 3325 3606 3404; x_wconf 88' lang='lat' dir='ltr'>pecunia</span> <span class='ocrx_word' id='word_1_222' title='bbox 3633 3324 3878 3385; x_wconf 87' lang='lat' dir='ltr'>recolli-</span> 
     </span>
    </p>

    <p class='ocr_par' dir='ltr' id='par_1_16' title="bbox 1895 3420 3874 3498">
     <span class='ocr_line' id='line_1_30' title="bbox 1895 3420 3874 3498; baseline 0.002 -19"><span class='ocrx_word' id='word_1_223' title='bbox 1895 3420 2089 3498; x_wconf 88' lang='lat' dir='ltr'>genda</span> <span class='ocrx_word' id='word_1_224' title='bbox 2114 3426 2175 3479; x_wconf 88' lang='lat' dir='ltr'>et</span> <span class='ocrx_word' id='word_1_225' title='bbox 2199 3420 2461 3479; x_wconf 79' lang='lat' dir='ltr'>celeriter</span> <span class='ocrx_word' id='word_1_226' title='bbox 2486 3420 2962 3482; x_wconf 84' lang='lat' dir='ltr'>transmittenda.</span> <span class='ocrx_word' id='word_1_227' title='bbox 3757 3429 3874 3482; x_wconf 78' lang='grc'>634</span> 
     </span>
    </p>

    <p class='ocr_par' dir='ltr' id='par_1_17' title="bbox 1044 3525 3879 3782">
     <span class='ocr_line' id='line_1_31' title="bbox 1083 3525 3879 3613; baseline -0.003 -17"><span class='ocrx_word' id='word_1_228' title='bbox 1083 3537 1283 3613; x_wconf 84' lang='lat' dir='ltr'>[junio</span> <span class='ocrx_word' id='word_1_229' title='bbox 1356 3569 1783 3593; x_wconf 89' lang='grc'><strong>.......</strong></span> <span class='ocrx_word' id='word_1_230' title='bbox 1816 3559 1896 3572; x_wconf 91' lang='lat'>-</span> <span class='ocrx_word' id='word_1_231' title='bbox 1933 3525 2294 3603; x_wconf 87' lang='lat' dir='ltr'>Increpando</span> <span class='ocrx_word' id='word_1_232' title='bbox 2323 3525 2524 3585; x_wconf 86' lang='lat' dir='ltr'>scribit</span> <span class='ocrx_word' id='word_1_233' title='bbox 2549 3526 2900 3587; x_wconf 79' lang='lat' dir='ltr'>officialibus</span> <span class='ocrx_word' id='word_1_234' title='bbox 2926 3528 3049 3587; x_wconf 85' lang='lat' dir='ltr'>suis</span> <span class='ocrx_word' id='word_1_235' title='bbox 3075 3527 3150 3586; x_wconf 94' lang='lat' dir='ltr'>de</span> <span class='ocrx_word' id='word_1_236' title='bbox 3176 3542 3357 3605; x_wconf 85' lang='lat' dir='ltr'>regno</span> <span class='ocrx_word' id='word_1_237' title='bbox 3381 3543 3557 3604; x_wconf 86' lang='lat' dir='ltr'>super</span> <span class='ocrx_word' id='word_1_238' title='bbox 3587 3527 3879 3589; x_wconf 83' lang='lat' dir='ltr'>mittenda</span> 
     </span>
     <span class='ocr_line' id='line_1_32' title="bbox 1044 3621 3875 3710; baseline -0.004 -17"><span class='ocrx_word' id='word_1_239' title='bbox 1044 3631 1319 3710; x_wconf 70' lang='lat' dir='ltr'>exeunt]</span> <span class='ocrx_word' id='word_1_240' title='bbox 1893 3623 2140 3699; x_wconf 85' lang='lat' dir='ltr'>pecunia</span> <span class='ocrx_word' id='word_1_241' title='bbox 2166 3628 2226 3681; x_wconf 91' lang='lat' dir='ltr'>et</span> <span class='ocrx_word' id='word_1_242' title='bbox 2259 3628 2328 3683; x_wconf 90' lang='lat' dir='ltr'>ut</span> <span class='ocrx_word' id='word_1_243' title='bbox 2360 3621 2638 3681; x_wconf 82' lang='lat' dir='ltr'>obediant</span> <span class='ocrx_word' id='word_1_244' title='bbox 2679 3622 2951 3700; x_wconf 89' lang='lat' dir='ltr'>Philippo</span> <span class='ocrx_word' id='word_1_245' title='bbox 2978 3623 3240 3684; x_wconf 86' lang='lat' dir='ltr'>Pattensi</span> <span class='ocrx_word' id='word_1_246' title='bbox 3285 3623 3555 3700; x_wconf 89' lang='lat' dir='ltr'>episcopo</span> <span class='ocrx_word' id='word_1_247' title='bbox 3589 3638 3768 3698; x_wconf 87' lang='lat' dir='ltr'>quem</span> <span class='ocrx_word' id='word_1_248' title='bbox 3795 3624 3875 3683; x_wconf 88' lang='lat' dir='ltr'>ad</span> 
     </span>
     <span class='ocr_line' id='line_1_33' title="bbox 1895 3721 3873 3782; baseline -0.001 0"><span class='ocrx_word' id='word_1_249' title='bbox 1895 3738 1995 3782; x_wconf 88' lang='lat' dir='ltr'>eos</span> <span class='ocrx_word' id='word_1_250' title='bbox 2018 3721 2299 3780; x_wconf 86' lang='lat' dir='ltr'>nuntium</span> <span class='ocrx_word' id='word_1_251' title='bbox 2326 3721 2528 3779; x_wconf 90' lang='lat' dir='ltr'>mittit.</span> <span class='ocrx_word' id='word_1_252' title='bbox 3755 3728 3873 3780; x_wconf 88' lang='grc'>636</span> 
     </span>
    </p>
   </div>
   <div class='ocr_carea' id='block_1_12' title="bbox 1049 3831 3881 4298">
    <p class='ocr_par' dir='ltr' id='par_1_18' title="bbox 1049 3831 3881 4298">
     <span class='ocr_line' id='line_1_34' title="bbox 1049 3831 3877 3918; baseline -0.002 -16"><span class='ocrx_word' id='word_1_253' title='bbox 1049 3849 1121 3901; x_wconf 89' lang='grc'><strong>18</strong></span> <span class='ocrx_word' id='word_1_254' title='bbox 1159 3843 1186 3917; x_wconf 83' lang='lat' dir='ltr'><strong>j</strong></span> <span class='ocrx_word' id='word_1_255' title='bbox 1193 3839 1316 3900; x_wconf 88' lang='lat' dir='ltr'>ulii.</span> <span class='ocrx_word' id='word_1_256' title='bbox 1446 3839 1685 3918; x_wconf 87' lang='lat' dir='ltr'>Paplae.</span> <span class='ocrx_word' id='word_1_257' title='bbox 1817 3867 1898 3881; x_wconf 91' lang='lat'><strong>—</strong></span> <span class='ocrx_word' id='word_1_258' title='bbox 1938 3833 2322 3909; x_wconf 89' lang='lat' dir='ltr'>Papiensibus</span> <span class='ocrx_word' id='word_1_259' title='bbox 2358 3833 2602 3893; x_wconf 91' lang='lat' dir='ltr'>mandat</span> <span class='ocrx_word' id='word_1_260' title='bbox 2627 3833 2787 3910; x_wconf 89' lang='lat' dir='ltr'>quod</span> <span class='ocrx_word' id='word_1_261' title='bbox 2813 3834 3167 3892; x_wconf 89' lang='lat' dir='ltr'>monasterio</span> <span class='ocrx_word' id='word_1_262' title='bbox 3201 3831 3401 3892; x_wconf 89' lang='lat' dir='ltr'>Sancti</span> <span class='ocrx_word' id='word_1_263' title='bbox 3437 3832 3762 3894; x_wconf 85' lang='lat' dir='ltr'>salvatoris</span> <span class='ocrx_word' id='word_1_264' title='bbox 3801 3833 3877 3895; x_wconf 88' lang='lat' dir='ltr'>de</span> 
     </span>
     <span class='ocr_line' id='line_1_35' title="bbox 1896 3928 3874 4007; baseline -0.002 -15"><span class='ocrx_word' id='word_1_265' title='bbox 1896 3933 2080 4006; x_wconf 89' lang='lat' dir='ltr'>Papia</span> <span class='ocrx_word' id='word_1_266' title='bbox 2114 3933 2421 4007; x_wconf 89' lang='lat' dir='ltr'>pecuniam</span> <span class='ocrx_word' id='word_1_267' title='bbox 2455 3945 2634 4006; x_wconf 86' lang='lat' dir='ltr'>quam</span> <span class='ocrx_word' id='word_1_268' title='bbox 2668 3930 2722 3988; x_wconf 91' lang='lat' dir='ltr'>ei</span> <span class='ocrx_word' id='word_1_269' title='bbox 2749 3929 2968 3989; x_wconf 89' lang='lat' dir='ltr'>debent</span> <span class='ocrx_word' id='word_1_270' title='bbox 2990 3945 3098 4007; x_wconf 85' lang='lat' dir='ltr'>pro</span> <span class='ocrx_word' id='word_1_271' title='bbox 3133 3928 3421 3988; x_wconf 89' lang='lat' dir='ltr'>locatione</span> <span class='ocrx_word' id='word_1_272' title='bbox 3444 3928 3637 3990; x_wconf 86' lang='lat' dir='ltr'>Besati</span> <span class='ocrx_word' id='word_1_273' title='bbox 3664 3935 3727 3989; x_wconf 89' lang='lat' dir='ltr'>et</span> <span class='ocrx_word' id='word_1_274' title='bbox 3756 3934 3874 3989; x_wconf 85' lang='lat' dir='ltr'>ter·</span> 
     </span>
     <span class='ocr_line' id='line_1_36' title="bbox 1898 4025 3881 4105; baseline -0.001 -18"><span class='ocrx_word' id='word_1_275' title='bbox 1898 4029 2085 4087; x_wconf 84' lang='lat' dir='ltr'>ritorii</span> <span class='ocrx_word' id='word_1_276' title='bbox 2110 4027 2374 4105; x_wconf 75' lang='lat' dir='ltr'>ejusdem</span> <span class='ocrx_word' id='word_1_277' title='bbox 2391 4026 2694 4087; x_wconf 81' lang='lat' dir='ltr'>exsolvere</span> <span class='ocrx_word' id='word_1_278' title='bbox 2722 4032 2929 4086; x_wconf 82' lang='lat' dir='ltr'>curent</span> <span class='ocrx_word' id='word_1_279' title='bbox 2945 4067 2964 4099; x_wconf 88' lang='lat'>‚</span> <span class='ocrx_word' id='word_1_280' title='bbox 2993 4026 3087 4084; x_wconf 85' lang='lat' dir='ltr'>vel</span> <span class='ocrx_word' id='word_1_281' title='bbox 3115 4025 3326 4085; x_wconf 88' lang='lat' dir='ltr'>saltem</span> <span class='ocrx_word' id='word_1_282' title='bbox 3352 4027 3543 4102; x_wconf 88' lang='lat' dir='ltr'>ipsam</span> <span class='ocrx_word' id='word_1_283' title='bbox 3560 4028 3626 4086; x_wconf 89' lang='lat' dir='ltr'>in</span> <span class='ocrx_word' id='word_1_284' title='bbox 3644 4041 3881 4087; x_wconf 84' lang='lat' dir='ltr'>summa</span> 
     </span>
     <span class='ocr_line' id='line_1_37' title="bbox 1899 4122 3875 4203; baseline -0.002 -18"><span class='ocrx_word' id='word_1_285' title='bbox 1899 4127 2221 4185; x_wconf 82' lang='lat' dir='ltr'>exactionis</span> <span class='ocrx_word' id='word_1_286' title='bbox 2267 4140 2446 4203; x_wconf 84' lang='lat' dir='ltr'>quam</span> <span class='ocrx_word' id='word_1_287' title='bbox 2486 4125 2792 4183; x_wconf 87' lang='lat' dir='ltr'>annuatim</span> <span class='ocrx_word' id='word_1_288' title='bbox 2836 4122 2912 4183; x_wconf 91' lang='lat' dir='ltr'>ab</span> <span class='ocrx_word' id='word_1_289' title='bbox 2955 4124 3082 4200; x_wconf 86' lang='lat' dir='ltr'>ipso</span> <span class='ocrx_word' id='word_1_290' title='bbox 3128 4125 3482 4184; x_wconf 87' lang='lat' dir='ltr'>monasterio</span> <span class='ocrx_word' id='word_1_291' title='bbox 3532 4125 3841 4201; x_wconf 80' lang='lat' dir='ltr'>requirunt</span> <span class='ocrx_word' id='word_1_292' title='bbox 3856 4164 3875 4195; x_wconf 90' lang='lat'>,</span> 
     </span>
     <span class='ocr_line' id='line_1_38' title="bbox 1899 4226 3874 4298; baseline -0.002 -16"><span class='ocrx_word' id='word_1_293' title='bbox 1899 4226 2299 4298; x_wconf 85' lang='lat' dir='ltr'>compensent.</span> <span class='ocrx_word' id='word_1_294' title='bbox 3761 4227 3874 4280; x_wconf 75' lang='grc'><strong>631</strong></span> 
     </span>
    </p>
   </div>
   <div class='ocr_carea' id='block_1_13' title="bbox 1048 4332 3883 4796">
    <p class='ocr_par' dir='ltr' id='par_1_19' title="bbox 1048 4332 3883 4512">
     <span class='ocr_line' id='line_1_39' title="bbox 1048 4332 3883 4420; baseline -0.004 -18"><span class='ocrx_word' id='word_1_295' title='bbox 1048 4350 1126 4402; x_wconf 76' lang='lat'>2⁴</span> <span class='ocrx_word' id='word_1_296' title='bbox 1167 4341 1322 4420; x_wconf 75' lang='lat' dir='ltr'>julii.</span> <span class='ocrx_word' id='word_1_297' title='bbox 1370 4343 1547 4420; x_wconf 84' lang='lat' dir='ltr'>Apud</span> <span class='ocrx_word' id='word_1_298' title='bbox 1570 4342 1775 4404; x_wconf 88' lang='lat' dir='ltr'>Casale</span> <span class='ocrx_word' id='word_1_299' title='bbox 1817 4372 1900 4383; x_wconf 91' lang='lat'>-—</span> <span class='ocrx_word' id='word_1_300' title='bbox 1939 4339 2161 4399; x_wconf 86' lang='lat' dir='ltr'>Notum</span> <span class='ocrx_word' id='word_1_301' title='bbox 2187 4334 2331 4396; x_wconf 77' lang='lat' dir='ltr'>facit</span> <span class='ocrx_word' id='word_1_302' title='bbox 2357 4334 2516 4412; x_wconf 89' lang='lat' dir='ltr'>quod</span> <span class='ocrx_word' id='word_1_303' title='bbox 2542 4350 2679 4394; x_wconf 88' lang='lat' dir='ltr'>cum</span> <span class='ocrx_word' id='word_1_304' title='bbox 2704 4334 2844 4395; x_wconf 89' lang='lat' dir='ltr'>olim</span> <span class='ocrx_word' id='word_1_305' title='bbox 2887 4339 3145 4395; x_wconf 86' lang='lat' dir='ltr'>castrum</span> <span class='ocrx_word' id='word_1_306' title='bbox 3189 4334 3423 4396; x_wconf 84' lang='lat' dir='ltr'>olibani</span> <span class='ocrx_word' id='word_1_307' title='bbox 3454 4334 3534 4396; x_wconf 88' lang='lat' dir='ltr'>ad</span> <span class='ocrx_word' id='word_1_308' title='bbox 3572 4332 3883 4393; x_wconf 84' lang='lat' dir='ltr'>ecclesiam</span> 
     </span>
     <span class='ocr_line' id='line_1_40' title="bbox 1411 4432 3881 4512; baseline -0.004 -11"><span class='ocrx_word' id='word_1_309' title='bbox 1411 4440 1477 4503; x_wconf 91' lang='lat' dir='ltr'>S.</span> <span class='ocrx_word' id='word_1_310' title='bbox 1507 4441 1724 4501; x_wconf 79' lang='lat' dir='ltr'>Evasii.</span> <span class='ocrx_word' id='word_1_311' title='bbox 1898 4437 2330 4497; x_wconf 84' lang='lat' dir='ltr'>salernitanam</span> <span class='ocrx_word' id='word_1_312' title='bbox 2364 4434 2661 4510; x_wconf 75' lang='lat' dir='ltr'>pertinens</span> <span class='ocrx_word' id='word_1_313' title='bbox 2700 4449 2804 4511; x_wconf 87' lang='lat' dir='ltr'>per</span> <span class='ocrx_word' id='word_1_314' title='bbox 2844 4435 3196 4512; x_wconf 79' lang='lat' dir='ltr'>magistrum</span> <span class='ocrx_word' id='word_1_315' title='bbox 3232 4433 3692 4494; x_wconf 87' lang='lat' dir='ltr'>Teutonicornm</span> <span class='ocrx_word' id='word_1_316' title='bbox 3726 4432 3881 4492; x_wconf 80' lang='lat' dir='ltr'>Her·</span> 
     </span>
    </p>

    <p class='ocr_par' dir='ltr' id='par_1_20' title="bbox 1898 4527 3882 4605">
     <span class='ocr_line' id='line_1_41' title="bbox 1898 4527 3882 4605; baseline -0.002 -12"><span class='ocrx_word' id='word_1_317' title='bbox 1898 4548 2181 4593; x_wconf 86' lang='lat' dir='ltr'>mannum</span> <span class='ocrx_word' id='word_1_318' title='bbox 2213 4529 2497 4591; x_wconf 86' lang='lat' dir='ltr'>custodiri</span> <span class='ocrx_word' id='word_1_319' title='bbox 2531 4527 2763 4602; x_wconf 78' lang='lat' dir='ltr'>fecerit,</span> <span class='ocrx_word' id='word_1_320' title='bbox 2792 4545 2898 4605; x_wconf 88' lang='lat' dir='ltr'>per</span> <span class='ocrx_word' id='word_1_321' title='bbox 2923 4531 3269 4590; x_wconf 86' lang='lat' dir='ltr'>castellanos</span> <span class='ocrx_word' id='word_1_322' title='bbox 3296 4537 3358 4590; x_wconf 88' lang='lat' dir='ltr'>et</span> <span class='ocrx_word' id='word_1_323' title='bbox 3382 4532 3707 4591; x_wconf 76' lang='lat' dir='ltr'>servientes</span> <span class='ocrx_word' id='word_1_324' title='bbox 3741 4545 3882 4590; x_wconf 81' lang='lat' dir='ltr'>suos</span> 
     </span>
    </p>

    <p class='ocr_par' dir='ltr' id='par_1_21' title="bbox 1898 4624 3878 4705">
     <span class='ocr_line' id='line_1_42' title="bbox 1898 4624 3878 4705; baseline -0.002 -17"><span class='ocrx_word' id='word_1_325' title='bbox 1898 4630 2170 4704; x_wconf 83' lang='lat' dir='ltr'>expensis</span> <span class='ocrx_word' id='word_1_326' title='bbox 2214 4626 2544 4704; x_wconf 86' lang='lat' dir='ltr'>praedictae</span> <span class='ocrx_word' id='word_1_327' title='bbox 2591 4625 2871 4687; x_wconf 87' lang='lat' dir='ltr'>ecclesiae</span> <span class='ocrx_word' id='word_1_328' title='bbox 2923 4642 3081 4687; x_wconf 89' lang='lat' dir='ltr'>nunc</span> <span class='ocrx_word' id='word_1_329' title='bbox 3135 4643 3371 4705; x_wconf 87' lang='lat' dir='ltr'>quoque</span> <span class='ocrx_word' id='word_1_330' title='bbox 3424 4624 3878 4687; x_wconf 86' lang='lat' dir='ltr'>custodiendum</span> 
     </span>
    </p>

    <p class='ocr_par' dir='ltr' id='par_1_22' title="bbox 1898 4725 3877 4796">
     <span class='ocr_line' id='line_1_43' title="bbox 1898 4725 3877 4796; baseline -0.002 -11"><span class='ocrx_word' id='word_1_331' title='bbox 1898 4725 2092 4796; x_wconf 84' lang='lat' dir='ltr'>ducit,</span> <span class='ocrx_word' id='word_1_332' title='bbox 2120 4729 2234 4784; x_wconf 84' lang='lat' dir='ltr'>etc.</span> <span class='ocrx_word' id='word_1_333' title='bbox 3758 4730 3877 4783; x_wconf 87' lang='grc'>638</span> 
     </span>
    </p>
   </div>
  </div>
 </body>
</html>
