4525 6031
821 662 996 704 umor.
1030 641 1132 719 6.]
1684 630 2080 694 msroma
2131 629 2727 694 D1PLOMAT10A.
3503 641 3628 703 613

791 777 982 849 mino
1030 775 1370 848 Ricovero
1414 767 1797 841 camerario
1837 765 2152 839 comunis
2192 765 2518 837 Senensis
2562 766 2917 861 recipienti
2963 790 3092 862 pro
3136 770 3383 843 eodem
3429 795 3622 847 com-

793 901 985 973 muni
1031 921 1146 970 me
1187 894 1533 989 recepisse
1574 901 1646 964 et
1686 890 2011 963 habuisse
2054 912 2098 961 a
2143 899 2211 962 te
2259 892 2573 962 solvente
2619 914 2746 986 pro
2788 892 2937 987 ipso
2974 898 3324 968 communi
3357 898 3624 990 integre

791 1024 1096 1097 LXXXII
1135 1021 1347 1091 libras
1379 1018 1822 1089 denariorum
1850 1014 2258 1087 Senensium
2288 1014 2361 1084 in
2394 1035 2536 1085 una
2571 1025 2767 1109 parte
2802 1038 2928 1110 pro
2958 1017 3241 1090 domino
3268 1021 3624 1094 Thebaldo

792 1148 880 1221 de
904 1149 1435 1221 Montecereone
1464 1151 1535 1212 et
1562 1139 1733 1211 alias
1759 1139 2063 1211 LXXXII
2091 1137 2302 1209 libras
2332 1138 2405 1207 in
2433 1138 2570 1209 alia
2602 1150 2798 1232 parte
2833 1161 2960 1234 pro
2992 1141 3377 1215 Gottifredo
3414 1146 3624 1217 fratre

791 1292 948 1342 meo
979 1268 1124 1340 filio
1151 1266 1318 1339 dicti
1348 1264 1610 1337 domini
1643 1263 1943 1335 Rainerii
1978 1272 2048 1332 et
2079 1262 2390 1356 ipsorum
2420 1263 2699 1333 nomine
2739 1293 2757 1334 ε
2791 1285 2967 1355 quos
2994 1265 3317 1339 denarios
3350 1269 3480 1364 ipsi
3512 1292 3624 1342 re-

789 1394 1023 1488 cipere
1055 1402 1127 1464 et
1153 1391 1416 1461 habere
1454 1388 1808 1460 debebant
1843 1406 1886 1456 a
1921 1385 2200 1457 comuni
2234 1385 2523 1456 Senensi
2556 1408 2684 1480 pro
2717 1408 2960 1459 eorum
2992 1388 3203 1461 feudo
3236 1391 3383 1463 sive
3425 1394 3625 1467 soldo

728 1583 747 1598 ,
790 1538 834 1588 a
860 1515 1196 1609 proximis
1223 1512 1539 1585 kalendis
1567 1510 1894 1582 februarii
1928 1521 2140 1600 retr0,
2178 1509 2542 1581 occasione
2571 1509 2836 1581 servitii
2868 1521 2939 1583 et
2969 1535 3096 1607 pro
3124 1515 3406 1587 servitio
3433 1518 3626 1611 quod

788 1642 1104 1712 fecerunt
1129 1659 1258 1733 pro
1291 1637 1479 1709 dicto
1509 1644 1821 1729 tempore
1852 1633 2101 1705 stando
2128 1633 2201 1702 in
2239 1632 2553 1705 exercitu
2581 1632 2845 1704 domini
2872 1635 3307 1731 imperatoris
3330 1639 3402 1710 in
3429 1642 3629 1714 Lom-

789 1763 1033 1836 bardia
1059 1762 1133 1832 in
1157 1760 1520 1833 obsidione
1537 1760 1783 1830 Parme
1808 1778 1937 1852 pro
1956 1756 2235 1828 comuni
2262 1757 2587 1846 Senensi3
2619 1767 2690 1827 et
2714 1758 2871 1829 ideo
2898 1780 3029 1851 ego
3055 1760 3282 1832 dictus
3295 1763 3626 1838 Albertus

789 1908 915 1981 pro
943 1908 1057 1957 me
1084 1886 1236 1979 ipso
1264 1894 1335 1956 et
1362 1906 1493 1976 ego
1522 1881 1820 1954 Iacobus
1850 1880 2080 1974 Ugerii
2109 1902 2238 1975 pro
2267 1902 2350 1951 eo
2377 1890 2702 1974 presente
2732 1890 2802 1951 et
2823 1883 3200 1955 mandante
3231 1896 3301 1958 et
3327 1898 3624 1983 uterque

788 2011 862 2082 in
908 2010 1210 2082 solidum
1254 2017 1569 2079 nostrum
1615 2005 2084 2100 principaliter
2124 2014 2197 2076 et
2241 2004 2699 2098 personaliter
2743 2005 3120 2098 obligando
3164 2011 3505 2107 solempni
3552 2023 3623 2085 et

786 2134 1123 2226 legittima
1169 2131 1616 2227 stipulatione
1665 2129 2101 2224 interposita,
2122 2128 2587 2223 promittimus
2629 2128 2752 2200 tibi
2797 2129 2984 2202 dicto
3026 2136 3407 2207 camerario
3442 2136 3617 2208 reci-

786 2257 1002 2352 pienti
1036 2277 1163 2351 pro
1195 2256 1444 2327 eodem
1487 2253 1768 2326 comuni
1811 2275 1941 2325 nos
1980 2253 2206 2324 taliter
2237 2253 2542 2324 facturos
2581 2261 2652 2323 et
2699 2263 3061 2327 curaturos
3100 2257 3293 2350 quod
3324 2260 3619 2353 predicti

789 2379 1218 2453 Gottisredus
1246 2390 1316 2450 et
1347 2377 1787 2450 Theobaldus
1818 2376 2180 2448 habebunt
2211 2385 2430 2447 ratam
2466 2387 2538 2447 et
2572 2374 2843 2448 firmam
2875 2377 3058 2450 hanc
3091 2381 3507 2454 solutionem
3548 2374 3617 2457 et

785 2505 1067 2575 stabunt
1101 2503 1267 2574 inde
1311 2502 1498 2573 taciti
1535 2509 1606 2573 et
1640 2499 1977 2589 contenti,
2001 2508 2073 2570 et
2105 2499 2296 2592 quod
2334 2499 2465 2592 ipsi
2504 2500 2619 2572 vel
2661 2501 2838 2571 alter
2874 2523 3116 2573 eorum
3149 2505 3260 2574 vel
3291 2506 3465 2576 alius
3494 2508 3614 2599 qui

787 2627 1045 2700 habeat
1070 2628 1187 2719 jus
1218 2627 1331 2699 vel
1365 2647 1648 2697 causam
1687 2625 1779 2696 ab
1820 2624 1921 2695 eis
1957 2625 2069 2695 vel
2108 2624 2347 2716 aliquo
2388 2624 2478 2695 de
2518 2623 2847 2717 predictis
2885 2625 3187 2698 denariis
3229 2629 3340 2698 vel
3380 2630 3617 2724 aliquo

785 2773 1029 2825 eorum
1061 2753 1174 2824 vel
1211 2773 1453 2823 eorum
1485 2749 1847 2822 occasione
1876 2750 2139 2819 nullam
2165 2748 2254 2818 de
2283 2757 2515 2819 cetero
2549 2748 2738 2819 litem
2768 2750 2878 2820 vel
2907 2749 3172 2840 brigam
3196 2753 3311 2822 vel
3344 2763 3616 2826 contro-

786 2876 1086 2948 versiam
1128 2874 1385 2946 facient
1422 2875 1535 2946 vel
1581 2872 1965 2944 movebunt
2000 2871 2279 2943 comuni
2313 2872 2602 2942 Senensi
2637 2873 2751 2942 vel
2791 2873 2909 2943 alii
2940 2895 3068 2967 pro
3101 2876 3413 2966 comuni,
3445 2886 3517 2949 et
3559 2880 3617 2950 si

783 3011 1026 3072 contra
1056 3000 1314 3071 factum
1343 2997 1551 3069 fuerit
1582 2996 1694 3070 vel
1726 2996 1823 3068 sic
1854 3018 1996 3068 non
2027 2996 2500 3085 observatum,
2537 2995 2800 3068 dictum
2834 3018 3130 3069 comune
3168 3008 3240 3070 et
3271 3007 3338 3070 te
3375 3021 3503 3094 pro
3532 3023 3617 3075 eo

786 3134 858 3195 et
900 3144 1337 3195 successores
1382 3131 1537 3193 tuos
1581 3130 1652 3192 et
1695 3121 1877 3193 bona
1921 3120 2259 3214 indepnes
2303 3120 2561 3191 exinde
2598 3121 3006 3213 spondimus
3036 3143 3452 3195 conservare
3485 3127 3618 3198 sub

787 3267 969 3340 pena
1001 3245 1197 3340 dupli
1238 3246 1420 3317 illius
1469 3245 1657 3317 unde
1699 3245 1784 3315 lis
1818 3242 2052 3333 fieret,
2091 3264 2135 3314 a
2169 3244 2373 3314 nobis
2415 3244 2537 3314 tibi
2581 3245 2938 3339 recipienti
2972 3268 3098 3340 pro
3133 3249 3411 3319 comuni
3449 3272 3615 3344 pro-

789 3369 998 3442 missa
1020 3379 1092 3442 et
1118 3391 1201 3442 ea
1225 3371 1387 3441 data
1404 3368 1553 3466 (sic)
1578 3377 1657 3440 ut
1683 3368 1950 3440 dictum
1978 3375 2083 3438 est
2110 3367 2522 3456 observare3
2551 3368 2937 3459 obligantes
2960 3371 3032 3439 in
3060 3370 3171 3441 his
3192 3394 3323 3444 nos
3351 3383 3423 3444 et
3449 3396 3611 3446 nos-

789 3503 929 3566 tros
951 3494 1247 3566 heredes
1280 3493 1403 3565 tibi
1433 3503 1503 3564 et
1530 3491 2042 3564 successoribus
2077 3490 2302 3582 tuiset
2317 3491 2503 3562 bona
2528 3502 2763 3562 nostra
2785 3493 3087 3587 pignori3
3129 3499 3618 3570 renunciantes

788 3617 1179 3712 exceptioni
1207 3639 1348 3688 non
1377 3626 1741 3687 numerate
1774 3623 1845 3687 et
1870 3635 2013 3685 non
2038 3624 2316 3707 recepte
2347 3615 2665 3709 pecunie,
2699 3613 3040 3691 beneficio
3071 3641 3253 3691 nove
3286 3623 3618 3693 constitu-

789 3741 994 3813 tionis
1039 3752 1110 3812 et
1149 3740 1513 3835 privilegio
1556 3740 1685 3810 fori
1730 3751 1801 3810 et
1840 3739 2029 3809 omni
2079 3739 2311 3830 legum
2349 3748 2420 3808 et
2456 3739 2634 3830 juris
2667 3740 2957 3812 auxilio.
2996 3742 3083 3812 Et
3109 3764 3239 3833 ego
3270 3742 3616 3815 Orlandus

785 3864 1096 3936 notarius
1128 3863 1605 3958 infrascriptus
1635 3862 1964 3957 predictis
1999 3862 2396 3934 volentibus
2441 3871 2510 3932 et
2551 3860 3040 3935 confitentibus
3075 3866 3419 3958 predicta,
3452 3889 3614 3961 pre-

786 3988 939 4082 cepi
967 3988 1248 4058 nomine
1280 3985 1692 4057 sacramenti
1726 3995 1795 4056 et
1825 3985 2247 4077 guarentisie
2284 3994 2364 4056 ut
2401 3985 2664 4056 dictum
2715 3996 3146 4058 contractum
3185 4011 3311 4083 per
3340 3991 3613 4081 singula

785 4109 1160 4183 observent
1187 4119 1258 4182 et
1284 4118 1529 4181 contra
1558 4130 1701 4179 non
1734 4110 2021 4180 veniant
2051 4110 2194 4179 ullo
2227 4108 2438 4180 modo
2471 4117 2542 4178 et
2568 4110 2822 4180 faciant
2854 4110 3233 4183 observari.

881 4234 1133 4305 Actum
1179 4234 1378 4306 Senis
1433 4233 1502 4303 in
1552 4232 1934 4305 Biccherna
1980 4254 2214 4304 coram
2258 4233 2555 4304 dominis
2595 4233 2939 4327 Therpolo
2988 4235 3305 4327 ComitiS,
3352 4237 3609 4330 Orgese

783 4357 1118 4449 Mainetti,
1161 4357 1482 4429 Tinaccio
1502 4356 1890 4448 Guarnerii,
1931 4359 2186 4449 Jacopo
2218 4355 2608 4448 Signoruoli
2641 4364 2711 4426 et
2738 4355 2966 4429 Adota
2994 4359 3293 4449 notari0‚
3323 4361 3616 4434 testibus

787 4481 1224 4575 presentibus
1265 4491 1337 4553 et
1375 4481 1657 4572 rogatis,
1694 4481 1844 4573 Ego
1889 4479 2235 4551 Orlandus
2284 4480 2593 4551 notarius
2634 4477 2816 4551 lilius
2859 4482 3217 4575 quondam
3258 4483 3616 4558 Attaviani

788 4604 1114 4698 predictis
1138 4604 1420 4676 interfui
1447 4614 1519 4677 et
1548 4625 1631 4677 ea
1664 4613 1947 4697 rogatus
1973 4603 2214 4699 scripsi
2245 4612 2316 4675 et
2344 4603 2719 4697 publicavi.

951 4852 1057 4915 VI.
1097 4866 1210 4910 Pan
1228 4868 1273 4911 2.
3266 4867 3342 4919 ⁷8
