4525 6031
626 668 831 728 hemer.
867 666 999 744 15.]
1537 665 1933 730 HISTORIA
1982 664 2574 728 mPLOMA'rch.
3337 667 3460 728 819

631 820 786 869 rum
805 798 877 867 in
902 817 1143 889 regem
1168 795 1432 867 electus
1459 817 1736 892 semper
1761 807 2095 891 augustus
2122 807 2193 870 et
2221 797 2427 869 heres
2452 796 2651 888 regni
2677 797 3081 887 Jerusalem,
3115 797 3458 870 universis

631 921 986 1011 ministris,
1020 918 1358 1009 scultetiS,
1391 919 1798 992 officialibus
1831 922 1977 992 sive
2009 921 2279 992 civibus
2306 921 2577 1015 imperii
2600 920 2893 1013 gratiam
2923 942 3118 992 suam
3153 932 3225 991 et
3251 943 3457 992 omne

613 1043 918 1115 bonum.
956 1043 1127 1116 Cum
1164 1064 1207 1115 a
1252 1042 1538 1115 domino
1588 1053 1659 1115 et
1686 1052 1882 1139 patre
1918 1053 2157 1116 nostro
2187 1046 2657 1117 Romanorum
2693 1044 3110 1138 imperatore
3144 1044 3216 1114 in
3252 1065 3460 1136 gene-

629 1166 759 1238 rali
788 1167 983 1238 curia
1011 1167 1554 1258 Moguntinensi,
1586 1167 1684 1256 ,ad
1711 1168 2177 1239 universalem
2205 1168 2623 1264 peticionem
2662 1177 2803 1238 tam
2839 1167 3455 1239 ecclesiasticarum

630 1309 841 1382 quam
873 1289 1288 1361 secularium
1317 1310 1774 1383 personarum
1801 1289 2198 1362 ordinatum
2224 1290 2458 1362 extitit
2483 1300 2556 1362 et
2575 1299 2910 1362 statutum
2940 1288 3046 1386 (l)
3082 1291 3255 1362 utin
3284 1292 3456 1363 civi·

629 1413 888 1485 tatibus
954 1413 1209 1486 nostris
1262 1423 1334 1485 et
1396 1413 1667 1508 imperii
1725 1415 1961 1485 nullus
2022 1414 2234 1486 homo
2285 1415 2562 1510 proprie
2613 1414 2938 1510 proprius
2999 1435 3456 1508 personarum

627 1536 1046 1610 secularium
1086 1558 1212 1608 seu
1253 1537 1875 1609 ecclesiasticarum
1923 1539 2072 1611 sine
2108 1559 2453 1611 consensu
2485 1538 2750 1610 domini
2793 1538 2900 1609 sui
2948 1547 3341 1632 receptetur
3382 1538 3453 1609 in

629 1660 856 1732 civem
908 1660 1018 1730 vel
1071 1659 1141 1729 in
1188 1658 1454 1730 eisdem
1489 1660 1927 1753 aliquatenus
1962 1661 2306 1750 foveatur,
2358 1680 2630 1753 nosque
2675 1658 2860 1731 idem
2905 1670 3238 1731 statutum
3273 1661 3454 1732 circa

629 1784 989 1857 ecclesiam
1011 1783 1101 1855 de
1122 1783 1352 1854 Salem
1380 1791 1451 1854 et
1472 1784 1623 1876 ejus
1655 1783 1972 1856 homines
1997 1786 2322 1856 volumus
2346 1785 2609 1876 jugiter
2633 1783 3017 1868 observari,
3035 1804 3195 1853 cum
3214 1804 3452 1877 perso-

628 1929 755 1979 nas
784 1906 1099 2000 ejusdem
1127 1907 1553 1997 monasterii,
1588 1916 1829 2002 utpote
1868 1928 2163 1999 quarum
2196 1907 2634 1980 conversatio
2666 1915 2772 1977 est
2814 1906 2883 1976 in
2931 1906 3134 1995 celiS,
3172 1907 3453 2000 speciali

626 2031 864 2104 favore
904 2051 1181 2127 semper
1212 2030 1636 2102 intendimus
1671 2030 1741 2101 in
1780 2030 1920 2101 suis
1943 2031 2220 2123 juribus
2254 2029 2677 2125 amplificare
2701 2083 2722 2119 ,
2761 2030 3194 2101 universitati
3222 2040 3454 2102 vestre

625 2175 753 2249 per
786 2156 1150 2227 obtentum
1184 2155 1404 2247 gratie
1439 2153 1703 2225 domini
1736 2165 1806 2225 et
1837 2154 2052 2248 patris
2091 2155 2309 2227 nostri
2343 2165 2414 2226 et
2445 2165 2679 2225 nostre
2716 2153 3134 2249 precipimus
3165 2151 3455 2225 firmiter

626 2287 699 2350 et
727 2278 1035 2350 districte
1062 2287 1432 2370 quatenus,
1467 2278 1523 2349 si
1560 2278 1680 2371 qui
1715 2300 1808 2349 ex
1848 2277 2244 2349 hominibus
2276 2277 2570 2372 propriis
2610 2276 2899 2371 predicti
2937 2278 3334 2348 monasterii
3379 2279 3448 2348 in

626 2402 1020 2474 civitatibus
1052 2402 1304 2473 nostris
1331 2402 1595 2473 inventi
1639 2402 1894 2472 fuerint
1926 2403 2040 2473 vel
2076 2402 2359 2495 reperti,
2401 2401 2683 2473 eosdem
2714 2423 2875 2472 cum
2921 2421 3047 2494 per
3080 2402 3449 2472 venerabi-

625 2526 764 2598 lem
799 2527 1126 2598 abbatem
1171 2527 1286 2596 vel
1324 2527 1475 2617 ejus
1523 2525 1804 2597 nuntios
1832 2525 2147 2620 requisiti
2183 2526 2474 2613 fuerim,
2513 2525 2664 2596 sine
2696 2523 3102 2595 difficultate
3139 2525 3451 2617 qualibet

625 2650 989 2722 restituere
1033 2671 1175 2721 non
1223 2648 1597 2738 omittatis;
1636 2648 1707 2719 in
1752 2660 1959 2720 antea
1999 2648 2290 2720 sollicite
2328 2657 2777 2743 precaventes
2814 2668 2904 2717 ne
2945 2647 3194 2739 aliquis
3234 2646 3452 2718 homi·

625 2796 795 2845 num
813 2773 977 2845 dicti
1003 2772 1403 2844 monasterii
1448 2772 1569 2865 qui
1611 2772 1677 2843 ei
1708 2773 1975 2844 ratione
2008 2772 2450 2867 proprietatis
2487 2771 2857 2866 pertineat,
2900 2771 2973 2841 in
3004 2771 3225 2842 civem
3261 2772 3449 2865 apud

623 2918 751 2971 vos
777 2905 1169 2969 assumatur
1209 2895 1297 2967 de
1340 2907 1573 2967 cetero
1608 2897 1721 2967 vel
1755 2907 2187 2990 receptetur3
2224 2903 2492 2967 certum
2527 2894 2866 2966 habentes
2892 2893 3081 2987 quod
3118 2894 3176 2964 si
3207 2915 3450 2965 eorum

622 3022 714 3096 ad
746 3045 874 3094 nos
901 3020 1337 3115 querimonia
1363 3020 1749 3109 devenerit,
1797 3020 1966 3092 illud
1996 3022 2067 3091 in
2095 3021 2296 3092 vobis
2323 3041 2616 3112 arguere
2657 3031 2984 3113 tanquam
3019 3019 3107 3091 de
3141 3020 3448 3092 mandati

622 3146 838 3219 nostri
874 3143 1497 3235 transgressoribus
1521 3163 1954 3234 cogeremur.

720 3271 968 3341 Datum
1004 3266 1195 3361 apud
1220 3265 1640 3357 Uberlingen
1661 3318 1680 3354 ,
1718 3266 1808 3336 vl
1837 3265 2172 3337 kalendas
2203 3265 2546 3356 octobriS,
2585 3267 2735 3338 XV·
2767 3265 3168 3337 indictione.

2488 3549 3021 3561 *ιι-ι·-

735 3822 1030 3905 Conrad
1039 3847 1130 3905 us
1190 3821 1269 3901 in
1329 3820 1852 3903 Romanorum
1904 3846 2160 3930 regem
2222 3819 2505 3903 electus
2561 3831 2965 3904 tractatum
2981 3883 3006 3929 ,
3068 3824 3166 3906 de
3210 3826 3443 3908 verbo

623 3954 703 4035 in
740 3954 1059 4037 verbum
1094 3953 1503 4060 insertum,
1546 3978 1777 4063 quem
1813 3952 2343 4060 EberhardUS‚
2386 3953 2624 4035 abbas
2661 3954 2758 4035 de
2811 3953 3102 4060 Salem,
3153 3966 3227 4038 et
3277 3955 3441 4064 ejus

624 4099 1037 4171 conventus
1073 4112 1247 4169 cum
1291 4085 1640 4168 Conrado
1684 4087 1782 4169 de
1831 4084 2086 4193 Ulma,
2128 4084 2464 4188 notariO,
2507 4095 2581 4166 et
2625 4083 2789 4193 ejus
2823 4083 3058 4167 fratre
3090 4085 3441 4171 Heinrico

624 4245 851 4329 super
884 4221 1223 4328 quadam
1258 4219 1490 4301 domo
1524 4217 1605 4299 in
1649 4217 1869 4300 Ulma
1903 4242 2149 4326 usque
2179 4218 2281 4299 ad
2306 4217 2502 4299 vitae
2545 4215 2775 4298 finem
2813 4241 3078 4299 eorum
3114 4220 3439 4301 tenenda

623 4351 1086 4457 habuerunt,
1127 4349 1554 4433 confirmat.

694 4667 765 4742 (ι)
803 4668 865 4724 In
891 4666 1273 4726 constitutione
1299 4672 1479 4724 tamen
1504 4666 1844 4740 moguntina,
1874 4681 2017 4740 quae
2052 4681 2243 4737 supra,
2277 4671 2321 4722 t.
2352 4666 2444 4738 IV,
2472 4680 2597 4740 pars
2623 4666 2699 4737 11,
2725 4683 2781 4740 p.
2818 4668 2946 4736 740,
2975 4666 3113 4723 hanc
3149 4668 3437 4739 specialem

622 4765 794 4839 legem
820 4780 929 4822 non
951 4765 1276 4822 invenimus.

3524 3858 3826 3968 ωὲῐίξξω,

3587 3965 3775 4009 onobel-
