4525 6031
753 610 962 674 iunior.
979 608 1086 691 θῇ
1651 610 2045 673 ΗῙδἸὊΒΙΑ
2092 612 2687 674 ΙΠΡἯΟΜΑΤἹΕΑ.
3462 607 3574 668 ’771

747 749 852 820 ‘ris
887 750 1019 820 sibi
1045 748 1491 844 usurpaverit
1520 746 1930 839 dignitatem
1959 746 2095 844 (4),
2127 768 2332 820 curas
2362 759 2631 820 vestras
2663 757 2734 819 et
2760 747 3028 819 animos
3061 747 3402 820 excitetis
3440 747 3585 819 Nos

706 898 710 903 ·
759 873 943 945 enim
982 872 1074 944 ad
1106 871 1530 944 conterenda
1563 881 1958 942 nostrorum
1991 872 2170 943 colla
2203 872 2568 943 rebellium
2592 924 2612 962 ,
2649 883 2720 942 et
2750 870 3222 966 expediendas
3253 870 3579 963 insidiaS,

759 1018 896 1091 que
918 1018 1058 1090 ¹per
1081 996 1408 1091 papalem
1440 995 1774 1067 astuciam
1815 996 2068 1067 nostris
2099 996 2541 1091 processibus
2587 1005 3070 1092 preparantur,
3108 1004 3270 1090 post
3302 995 3579 1089 magni-

747 1119 966 1193 ficum
1004 1120 1390 1192 exercitum
1428 1130 1780 1210 nostrum,
1817 1142 2029 1214 quem
2065 1120 2156 1192 ad
2189 1130 2424 1216 partes
2472 1121 2666 1192 Italic
2700 1119 3067 1191 victoriose
3102 1119 3576 1214 premisimus,

747 1244 1213 1342 personaliter
1241 1243 1406 1315 illuc
1438 1243 2014 1339 processissemus
2043 1244 2416 1333 instantem
2455 1243 2579 1315 sed
2611 1242 2851 1315 aud-ito
2882 1265 3049 1313 casu
3082 1242 3368 1313 illustris
3398 1243 3581 1336 regis

751 1369 1177 1441 Francorum
1221 1364 1334 1463 (2)
1357 1421 1377 1456 ‚
1415 1367 1660 1440 -dilecti
1705 1366 1907 1438 amici
1952 1367 2172 1438 nostri
2199 1419 2219 1457 ,
2262 1367 2492 1439 statim
2524 1388 2811 1460 gressus
2847 1377 3119 1438 nostros
3150 1367 3220 1437 in
3265 1377 3578 1438 nostrum

751 1512 1051 1584 regnum
1094 1490 1526 1586 providimus
1572 1490 2003 1562 revocandos
2027 1542 2049 1582 ,
2100 1489 2224 1561 ubi
2272 1490 2362 1561 de
2399 1491 2679 1562 vasellis
2713 1491 2967 1561 nostris
3010 1499 3079 1561 et
3112 1500 3320 1582 gente
3362 1511 3446 1560 ac
3487 1491 3577 1562 de

731 1614 1098 1708 ‚suffragiis
1135 1615 1236 1687 sic
1267 1614 1718 1686 ultramarino
1747 1614 2037 1705 negocio
2064 1611 2431 1707 magnifice
2468 1613 2900 1708 disponimus
2930 1612 3340 1708 providere„
3387 1614 3579 1707 quod

747 1737 1123 1811 dexteram
1177 1747 1413 1809 nostre
1456 1737 1803 1834 potentie,
1856 1758 2068 1832 quam
2118 1738 2252 1810 sibi
2295 1738 2675 1809 liberaliter
2707 1736 3165 1808 extendemus
3187 1790 3209 1828 ,
3262 1738 3580 1810 celeriter

753 1863 885 1935 sibi
922 1862 1175 1934 sentiat
1200 1864 1651 1935 fructuosam.
1691 1862 1847 1934 Non
1886 1871 2118 1934 tamen
2157 1883 2250 1934 ex
2282 1861 2416 1935 hoc
2455 1862 2628 1933 tales
2655 1884 2857 1933 curas
2899 1861 3362 1952 obmittimuS,
3407 1863 3575 1956 quin

741 1985 845 2059 ad
876 1987 1338 2059 conterendas
1374 1987 1734 2059 rebellium
1778 1996 2169 2059 nostrorum
2204 1987 2534 2079 reliquias
2565 1995 2890 2082 potenter
2922 1996 2991 2057 et
3020 1986 3311 2058 viriliter
3342 1987 3574 2058 inten-

745 2111 1024 2184 damus.
1058 2109 1169 2182 Ad
1193 2110 1328 2183 hoc
1355 2110 1691 2205 quicquid
1724 2110 1814 2182 de
1856 2110 2158 2183 servitiis
2193 2110 2452 2182 nostris
2479 2112 2566 2181 N.
2602 2110 2718 2182 de.
2782 2163 2801 2182 .
2865 2163 2881 2180 .
2946 2162 2964 2180 .
3022 2111 3318 2182 devotus
3350 2108 3576 2182 fidelis

751 2245 987 2308 noster
1039 2235 1242 2307 vobis
1295 2234 1594 2325 dixerit,
1656 2234 2134 2306 indubitanter
2179 2234 2453 2306 affectio
2499 2246 2732 2306 vestra
2773 2233 3011 2306 credat
3065 2248 3136 2306 et
3192 2234 3575 2330 adimpleat

741 2381 913 2433 cum
941 2358 1224 2431 affectu.

854 2781 1279 2865 Fridericus
1300 2842 1324 2888 ,
1379 2782 1900 2866 Romanorum
1948 2781 2392 2890 imperator,
2434 2781 2750 2865 Vatacio
2796 2782 3260 2866 Graecorum
3308 2786 3571 2893 impe-

746 2914 980 2998 ratori
1029 2939 1313 3024 genero
1361 2939 1503 2998 suo
1554 2915 1990 3024 respondet,
2047 2914 2372 2997 miratus
2427 2915 2638 3027 quod
2693 2941 2895 3026 papa
2943 2918 3044 2998 ad
3078 2941 3258 2998 eum
3294 2916 3569 3001 fratres

739 3042 1306 3132 Praedicatores
1358 3055 1434 3130 et
1477 3042 1808 3133 Minores
1849 3048 2002 3129 ‘sub
2055 3045 2448 3157 religionis
2498 3059 2895 3158 praetextu
2952 3050 3289 3152 miserit3
3350 3052 3572 3161 cujus

740 3206 987 3292 papae
1022 3192 1098 3264 et
1133 3175 1611 3264 sacerdotum
1646 3175 1955 3263 fraudes
1989 3190 2066 3264 et
2107 3179 2547 3264 inimicitias
2600 3180 2872 3264 acriter
2909 3191 2987 3264 et
3040 3182 3208 3265 fuse
3241 3208 3569 3284 Jnemo—

746 3339 966 3418 ranS,
1009 3309 1215 3397 dolet
1247 3313 1457 3423 quod
1501 3313 1665 3422 ipse
1707 3305 2026 3396 Vataces
2078 3313 2178 3396 ad
2213 3314 2468 3423 ipsum
2519 3313 2955 3423 pontificem
3012 3314 3571 3399 ambaxiatores

744 3447 1124 3531 remittere
1171 3445 1518 3530 voluerit.
1565 3441 1824 3530 'Monet
1877 3455 2132 3527 tamen
2190 3445 2400 3554 quod
2452 3445 2661 3529 illius
2716 3441 3000 3530 intuitu
3070 3473 3301 3532 naves
3352 3447 3570 3558 Dyr-

744 3580 1095 3665 rachium
1131 3577 1539 3663 destinabit
1574 3603 1773 3688 quae
1816 3577 2122 3662 eosdem
2160 3577 2251 3659 ad
2295 3604 2377 3661 se
2410 3577 2491 3660 in
2531 3605 2861 3690 regnum
2900 3579 3421 3663 transveham.

901 3768 1287 3849 (versionem
1313 3775 1587 3846 graecum
1611 3765 1792 3844 hujus
1811 3767 2094 3842 epistotae
2113 3781 2197 3827 ex
2217 3767 2356 3827 cod.
2387 3765 2538 3827 Bibit
2578 3765 2858 3828 Laurent-
2891 3765 3153 3828 Floreat.
3180 3769 3345 3829 edin.
3372 3766 3568 3830 ΕΜ.

987 3875 1240 3947 wem,
1282 3872 1425 3934 Via
1460 3869 1679 3934 adeon.
1713 3870 1909 3952 Bn‘qfe
1948 3870 2117 3933 [sais.
2155 3869 2386 3932 mar.
2422 3869 2520 3933 da
2548 3889 2683 3948 aa,
2722 3890 2793 3948 ,pt
2818 3882 2900 3932 88
2932 3880 2999 3932 et
3031 3889 3220 3951 seqq„
3265 3887 3399 3935 'eam
3430 3887 3571 3954 ger-

805 4138 888 4213 (⁴)
919 4139 1057 4212 Regi
1087 4137 1434 4211 werengatto
1473 4137 1632 4210 quasi
1672 4137 1911 4210 indigno,
1954 4137 2025 4194 ad
2069 4137 2383 4210 petitio-uu
2429 4135 2791 4211 praelatorum
2830 4136 2885 4193 in
2920 4137 3153 4194 cencffio
3195 4139 3567 4212 Lugdu-ensi,

743 4235 964 4294 tratrem
1005 4237 1128 4309 ejus
1177 4235 1429 4295 Altinum
1476 4235 1844 4308 coadjutorem
1897 4239 1953 4293 et
1995 4240 2436 4292 conservatorem
2487 4234 2636 4306 regni
2678 4233 3017 4291 Innocentius
3054 4249 3195 4309 papa
3227 4236 3568 4308 adjunxerat.

743 4334 825 4392 cf.
854 4336 988 4393 Nic.
1018 4335 1081 4392 do
1101 4334 1275 4394 Gurb.
1305 4352 1398 4411 ap.
1422 4337 1658 4408 Bunzn,
1680 4332 1936 4405 Miscuit,
1967 4339 2007 4390 t.
2035 4334 2082 4404 1,
2114 4349 2172 4406 p.
2201 4334 2325 4400 ⁴99,
2351 4331 2732 4401 effluxum,
2761 4332 2959 4388 Amal.
2990 4333 3214 4402 Bootes„
3241 4336 3400 4406 ⁴2⁴5,
3433 4336 3566 4409 568,

749 4433 962 4506 ⁴247‚§
991 4437 1078 4491 ⁴8.

817 4530 886 4602 (2)
919 4530 1031 4587 Hoc
1053 4545 1195 4588 anno
1211 4535 1365 4588 sexto
1382 4529 1470 4587 die
1487 4528 1672 4603 aprilis
1696 4527 1754 4586 in
1774 4527 2020 4601 Aegypto
2041 4527 2184 4601 apud
2206 4526 2508 4583 Mansuram
2532 4525 2839 4582 Ludovicus
2862 4525 2941 4582 IX
2958 4540 2994 4584 a
3011 4525 3288 4585 Saracenis
3328 4528 3572 4588 devictus

745 4632 803 4684 et
823 4632 1014 4700 (raptus
1050 4626 1243 4686 fuerat.
1277 4626 1450 4696 Quam
1476 4626 1687 4684 cladem
1709 4625 1764 4683 in
1799 4624 2105 4683 meridianis
2127 4624 2377 4698 Europae
2410 4621 2657 4697 partibus
2688 4623 3016 4696 divulgatam
3054 4622 3217 4680 ruisse
3240 4630 3365 4696 post
3396 4641 3567 4684 unum

745 4723 964 4785 circiter,
983 4740 1224 4782 mensem
1247 4724 1494 4782 arbitrari
1521 4723 1664 4781 licet.

1569 4903 1664 4976 fs

3682 2854 3712 2886 v
3769 2792 3936 2899 Jn'iifoa
