4525 6031
1665 595 1923 655 INDEX
1972 592 2683 654 DOCUMENTORUM.
3441 592 3595 654 1001

775 801 1007 876 1244-

800 929 985 1004 [anno
1070 965 1418 989 ......
1483 968 1499 985 .
1533 922 1817 983 Hem-icus
1865 939 1975 982 rex
2018 922 2201 1002 Cypri
2235 922 2539 983 Friderico
2577 922 2981 984 Romanorum
3019 923 3358 999 imperatori
3398 919 3602 981 scribit

765 1012 1034 1095 exeunt.]
1612 1021 1687 1080 de
1727 1020 2206 1098 lacrymabilibus
2256 1022 2472 1081 Terrae
2514 1020 2761 1080 Sanctae
2801 1019 3135 1094 eventibus,
3181 1020 3484 1096 requirens
3531 1023 3602 1078 ut

776 1106 1007 1183 1246
1614 1117 1691 1177 de
1720 1119 2012 1194 prosperis
2038 1120 2162 1178 suis
2191 1117 2509 1177 rescribere
2537 1119 2700 1177 velit.
3481 1125 3623 1176 9¹4.

791 1233 990 1311 [nom]
1071 1272 1089 1292 .
1136 1274 1153 1290 .
1202 1276 1221 1294 .
1269 1275 1286 1294 .
1337 1273 1352 1291 .
1403 1274 1420 1293 .
1481 1272 1501 1292 .
1534 1231 1836 1310 Maqnaees
1876 1232 2163 1291 F’ranciae
2202 1232 2279 1292 ad
2330 1233 2762 1307 reprimendam
2810 1232 3156 1291 clericorum
3199 1233 3598 1307 arrogantiam

1612 1332 1716 1407 qui
1748 1334 1810 1389 in
1836 1330 2196 1390 secularibus
2217 1330 2461 1407 judiciis
2485 1346 2547 1389 se
2574 1331 3041 1403 intromiserunt,
3076 1328 3187 1388 sub
3209 1344 3401 1403 poena
3420 1330 3597 1387 amis-

1612 1428 1796 1488 sionis
1838 1428 2127 1487 bonorum
2169 1434 2232 1487 et
2269 1429 2654 1487 mutilationis
2697 1427 2947 1487 membri
2986 1431 3255 1486 statuunt
3292 1431 3362 1484 ut
3395 1426 3597 1486 nullus

1609 1525 1856 1585 clericus
1894 1526 1988 1585 vel
2026 1525 2212 1584 laicus
2240 1524 2504 1599 aliquem
2541 1527 2602 1582 in
2639 1540 2879 1584 causam
2918 1523 3146 1596 trahat,
3175 1524 3292 1584 nisi
3320 1539 3424 1599 pro
3450 1522 3594 1581 hae-

1609 1622 1746 1696 resi,
1775 1622 2153 1680 matrimonio
2184 1621 2277 1680 vel
2309 1622 2526 1679 usuris.
3475 1627 3591 1678 467

745 1721 1022 1782 novemb.
1064 1761 1080 1778 .
1126 1761 1143 1778 .
1198 1760 1215 1778 .
1265 1758 1284 1777 .
1332 1758 1351 1778 .
1402 1762 1418 1779 .
1478 1761 1493 1777 .
1527 1717 1609 1776 Le
1634 1716 1745 1776 duc
1770 1715 1841 1776 de
1869 1718 2238 1798 Bourqoqne,
2273 1713 2352 1775 les
2385 1723 2590 1776 comtes
2625 1715 2695 1775 de
2731 1717 3047 1796 Bretaqne,
3089 1712 3500 1798 d'AnqouIeme
3534 1721 3593 1776 et

1605 1813 1675 1874 de
1710 1812 2041 1875 Scine-Pol
2072 1822 2206 1874 sont
2247 1815 2377 1873 elus
2420 1831 2568 1890 pour
2611 1815 2889 1874 defendre
2931 1816 3016 1874 ies
3051 1815 3235 1874 droits
3270 1815 3345 1873 de
3382 1817 3437 1874 la
3470 1832 3593 1874 no-

1605 1911 1790 1972 blcsse
1823 1918 2024 1971 contre
2061 1913 2148 1970 les
2192 1912 2635 1987 empietements
2670 1913 2753 1971 du
2788 1912 3000 1989 cierge,
3032 1921 3091 1972 et
3125 1914 3429 1990 appliquer
3463 1917 3499 1974 a
3533 1914 3593 1974 la

1603 2008 1844 2068 defense
1889 2024 2201 2068 commune
2258 2009 2319 2068 la
2367 2008 2530 2068 levee
2571 2009 2844 2071 annuelle
2898 2010 2981 2069 du
3025 2012 3310 2070 centieme
3361 2011 3443 2069 du
3488 2026 3588 2071 re-

1604 2121 1783 2165 venu.
3469 2117 3586 2168 468

1689 2418 2056 2461 ΒΟΟΠΠΒΝΤΔ
2097 2418 2282 2461 vum
2323 2418 2405 2460 An
2447 2419 2555 2462 RES
2591 2419 2979 2463 Gssnmmcas
3020 2421 3411 2466 SPBCTANTIA.

795 2568 974 2654 [maio
1055 2607 1406 2632 ......
1470 2613 1485 2630 .
1519 2567 1802 2627 Henricus
1829 2564 2188 2645 laneqravius
2232 2566 2617 2648 Thurinqiac,
2648 2567 2816 2650 vulqo
2846 2570 3065 2648 Rus-po,
3102 2571 3168 2629 in
3195 2570 3585 2630 Romanorum

754 2667 1021 2752 exeunt]
1597 2682 1787 2743 reqem
1837 2661 2078 2736 electus,
2127 2666 2657 2726 Mediolanensibus
2710 2667 3004 2744 significat
3063 2668 3359 2743 quomodo
3411 2671 3586 2728 tertia

1597 2760 1745 2820 feria
1788 2767 1923 2836 post
1965 2760 2382 2821 Ascensionem
2440 2761 2673 2821 Domini
2723 2763 2944 2822 electus
2995 2762 3204 2828 fuerit.
3261 2779 3584 2840 eorumque

1594 2856 1774 2916 fldem
1807 2858 2228 2917 commendans
2264 2858 2531 2918 hortatur
2574 2865 2642 2918 ut
2677 2876 2876 2919 secum
2916 2861 3159 2918 viriliter
3193 2866 3397 2919 contra
3438 2859 3582 2918 Fri-

1596 2954 1858 3014 dericum
1893 2958 2185 3014 insistant.
3463 2966 3580 3018 ⁴30

799 3054 971 3131 [circa
1056 3090 1484 3112 .......
1519 3083 1598 3095 -
1638 3052 2175 3111 Mediolanensibus
2218 3051 2513 3129 significat
2560 3056 2870 3113 victoriam
2912 3070 2949 3113 a
2992 3071 3055 3113 se
3107 3060 3460 3129 reportatam
3517 3059 3581 3116 in

753 3151 1013 3210 medium
1597 3151 1739 3224 ripis
1769 3151 1947 3226 Mogii
1974 3165 2155 3224 prope
2180 3150 2511 3209 Frankturt
2539 3151 2612 3209 de
2646 3150 2915 3210 Conrado
2942 3152 3064 3211 filio
3091 3151 3370 3211 Friderici
3399 3170 3577 3229 quem

738 3249 1017 3324 august.]
1595 3246 1848 3324 fugavit,
1879 3249 2171 3306 sexcentis
2199 3253 2257 3305 et
2280 3248 2415 3323 plus
2444 3250 2755 3324 captivatis
2782 3250 3203 3325 occupatisque
3232 3249 3430 3323 spoliis
3450 3254 3580 3308 uni-

1596 3345 1801 3402 versis.
3461 3356 3571 3407 441

756 3455 829 3505 30
858 3463 1000 3507 nov.
1088 3441 1441 3521 Wartburg.
1520 3471 1593 3483 —
1636 3438 2091 3517 ArchiepIscopo
2116 3441 2447 3500 Ravennati
2476 3440 2636 3500 fideli
2662 3458 2770 3501 suo
2797 3443 3042 3502 mandat
3069 3449 3138 3502 ut
3168 3446 3327 3503 viros
3354 3444 3580 3504 nobiles

1593 3537 1669 3596 de
1698 3539 2042 3598 Romaniola
2073 3555 2175 3613 per
2202 3539 2565 3599 Fridericum
2594 3541 2894 3616 quondam
2929 3542 3338 3616 imperatorem
3367 3547 3580 3620 ejectos

1594 3634 1672 3693 ad
1703 3635 2137 3712 recuperandas
2166 3652 2260 3694 res
2288 3653 2427 3695 suas
2456 3638 2787 3706 confoveat,
2820 3655 3004 3715 quum
3031 3642 3156 3714 ipse
3182 3643 3241 3698 in
3276 3640 3442 3699 brevi
3473 3658 3579 3717 pro

763 3706 986 3783 1248
1595 3736 1833 3807 negotio
1861 3731 2330 3791 Lombardorum
2359 3748 2531 3809 agere
2557 3734 2850 3810 disponat.
3461 3746 3577 3797 470

732 3813 997 3910 ’[01ῑῖ
1112 3829 1185 3888 In
1216 3830 1424 3890 eastris
1526 3824 1843 3887 Willelmus
1868 3825 1939 3888 de
1967 3825 2302 3902 Hollandt‘a,
2332 3831 2397 3888 in
2425 3830 2809 3889 Romanor-um
2827 3848 3017 3912 reqem
3039 3828 3263 3904 electus,
3290 3831 3575 3893 Mediola-

785 3928 964 4013 gept.]
1071 3928 1133 3985 in
1156 3927 1459 3988 obsidione
1592 3925 1874 3984 nensibus
1901 3925 2104 3984 scribit
2134 3927 2294 4000 quod
2323 3942 2461 3985 cum
2498 3930 2894 3987 constituisset
2932 3930 3213 3986 vicarium
3253 3932 3477 4004 imperii
3515 3932 3577 3988 in

1160 4023 1376 4100 Aquis.
1595 4021 1765 4079 Italia
1787 4021 2037 4081 electum
2063 4022 2394 4097 Spirensem
2423 4030 2482 4081 et
2508 4025 2620 4082 iste
2649 4027 2904 4083 vicarius
2937 4024 3046 4082 sibi
3075 4027 3152 4083 sit
3192 4028 3572 4101 necessarius,

1590 4117 1877 4192 disposuit
1913 4118 2094 4176 alium
2131 4118 2484 4178 substituere
2520 4122 2841 4193 vicarium,
2890 4122 3110 4180 scilicet
3146 4122 3219 4180 R.
3249 4122 3323 4181 de
3350 4122 3574 4197 Supino

1590 4218 1864 4273 comitem
1891 4215 2294 4275 Romaniolae.
3457 4228 3574 4280 654

741 4325 812 4376 17
858 4325 1008 4394 sept.
1069 4311 1447 4390 Aquisgrani.
1510 4346 1591 4355 —
1631 4311 1872 4372 Civibus
1912 4311 2288 4386 Aquensibus
2326 4314 2558 4371 noviter
2600 4315 2660 4372 in
2702 4330 2871 4373 suam
2912 4314 3196 4375 ditionem
3243 4321 3566 4389 conversis,

763 4474 984 4553 1249
1588 4412 1835 4485 antiqua
1862 4426 2064 4469 eorum
2093 4410 2401 4485 privilegia
2429 4410 2763 4470 confirmat.
2982 4401 2986 4405 ’
3173 4419 3311 4485 681,
3345 4420 3469 4473 not.
3515 4425 3568 4477 i.

742 4611 814 4662 19
858 4604 1006 4664 febr.
1046 4604 1117 4662 In
1146 4604 1352 4663 castris
1379 4619 1476 4679 ap.
1510 4636 1591 4647 —-
1629 4604 1972 4662 Innocentio
1999 4619 2183 4678 papae
2204 4606 2607 4679 juramentum
2635 4611 2890 4680 praestat
2914 4606 3075 4682 quod
3103 4623 3305 4666 omnes
3334 4624 3573 4683 posses-

1084 4701 1429 4780 Ingelbeim.
1587 4701 1779 4759 sionoe
1804 4706 1864 4759 et
1888 4704 2024 4776 jura
2050 4700 2351 4759 Romanae
2377 4699 2669 4760 Ecclesiae
2695 4718 2802 4777 pro
2830 4720 2998 4779 posse
3023 4703 3447 4782 manutenebit,
3481 4707 3570 4763 ei·
