4525 6031
1018 694 1144 757 948
1948 692 2206 754 INDEX
2259 689 2960 753 DOCUMENTORUM.

1406 1021 1688 1103 Poggiae.
1798 1055 1880 1068 —-
1921 1021 2017 1082 Ad
2044 1021 2534 1098 supplicationem
2556 1020 2965 1079 universitatis
2990 1017 3171 1080 casiri
3201 1015 3410 1080 Sancti
3439 1018 3787 1084 Geminiani
3811 1025 3877 1085 in

1877 1120 2120 1198 Tuscia,
2137 1134 2343 1179 eorum
2371 1118 2789 1195 possessiones,
2818 1115 3009 1178 bonos
3032 1131 3180 1178 usus
3205 1123 3269 1178 et
3291 1118 3747 1180 consuetudines
3762 1136 3876 1197 ap-

1878 1216 2156 1293 probatas
2183 1213 2519 1274 confirmat.
3796 1224 3867 1277 21

1409 1309 1685 1391 Poggiae.
1800 1344 1876 1356 —
1915 1313 2275 1373 Monasterio
2303 1310 2552 1370 Sanctae
2576 1307 2802 1369 Mariae
2829 1309 2904 1369 de
2929 1309 3135 1371 Monte
3158 1308 3421 1388 Virginis
3454 1308 3781 1372 oblationes
3812 1319 3875 1373 et

1882 1408 2229 1468 donationes
2255 1407 2312 1466 ei
2348 1405 2534 1466 factas
2570 1402 2647 1465 ab
2683 1403 2936 1464 Untrido
2964 1404 3039 1465 de
3079 1403 3297 1482 Sarno,
3329 1406 3518 1466 Maria
3543 1405 3617 1467 de
3658 1407 3875 1468 Mende

1877 1503 2158 1565 Gemoldi
2189 1504 2495 1563 Teutonici
2524 1517 2712 1573 uxore
2739 1507 2801 1562 ct
2826 1502 3008 1564 Rieca
3031 1501 3320 1565 Gualterii
3346 1501 3424 1563 de
3453 1502 3651 1566 Cicala
3687 1520 3875 1565 uxore

1879 1602 2209 1664 confirmat.
3792 1608 3869 1663 32

1405 1698 1680 1778 Fogglae.
1799 1731 1877 1744 —
1913 1700 2161 1761 Civibus
2206 1699 2584 1777 Spin-ensibus
2626 1714 2846 1776 aquam
2889 1696 3211 1775 Spierbach
3253 1699 3510 1760 restituit
3550 1698 3627 1760 ad
3665 1715 3871 1760 eorum

1877 1814 2025 1858 usus
2050 1797 2449 1858 reducendam
2464 1839 2482 1870 ,
2513 1797 2599 1857 ita
2631 1802 2830 1857 tamen
2858 1802 2928 1857 ut
2957 1812 3251 1873 expensae
3277 1795 3470 1858 factae
3507 1799 3665 1858 circa
3692 1812 3872 1874 emp-

1875 1896 2101 1955 tionem
2138 1901 2197 1954 et
2232 1895 2729 1954 constructionem
2769 1893 3093 1953 molendini
3131 1892 3296 1971 apud
3333 1893 3631 1956 Rechholz
3663 1909 3868 1954 came-

1875 2010 1977 2053 rae
2003 1994 2292 2071 imperiali
2322 1992 2731 2053 refundantur.
3789 2001 3866 2054 25

1039 2103 1121 2156 3ο
1138 2097 1264 2174 jan,
1362 2084 1711 2149 coronatae.
1794 2122 1873 2135 —
1913 2091 2065 2168 Regi
2092 2089 2344 2167 Angiiae
2370 2088 2640 2149 notificat
2664 2093 2914 2149 mortem
2936 2087 3221 2149 Isabellae
3239 2090 3625 2164 imperatricis
3649 2093 3867 2151 sororis

1871 2188 2034 2264 ejus,
2076 2186 2299 2246 doloris
2338 2186 2727 2245 lenimentum
2771 2184 3040 2245 iudIcans
3082 2187 3146 2246 in
3191 2187 3433 2265 gemina
3469 2185 3696 2261 sobole,
3738 2186 3866 2249 mio

1870 2283 2148 2344 videlicet
2173 2290 2234 2343 et
2261 2283 2407 2361 filia,
2433 2299 2616 2360 quam
2644 2283 2901 2359 reliquit.
3786 2293 3863 2346 26

1062 2381 1245 2466 [jam]
1327 2417 1755 2440 .......
1792 2411 1871 2424 -
1910 2381 2143 2440 Marino
2170 2379 2244 2439 de
2272 2379 2465 2440 Ebulo
2492 2396 2528 2440 a
2565 2379 2752 2455 Papia
2778 2380 3051 2456 superius
3084 2380 3307 2440 vicario
3332 2381 3588 2459 generau
3621 2381 3867 2442 mandat

1869 2482 1940 2536 ut
1966 2474 2043 2535 ab
2080 2477 2371 2536 universis
2396 2473 2826 2553 jurisdictionis
2867 2490 3007 2536 suae
3039 2476 3315 2552 praelatis
3353 2491 3462 2553 pro
3503 2477 3864 2538 instantibus

1868 2575 2124 2653 negotiis
2159 2572 2490 2634 subsidium
2516 2574 2740 2650 exigat.
3784 2581 3861 2634 2⁷

1050 2672 1255 2751 [seba]
1660 2715 1676 2733 .
1738 2714 1754 2732 .
1789 2701 1870 2713 —-
1911 2669 2216 2730 Universis
2242 2667 2559 2729 abbatibus
2586 2669 2756 2747 regni
2783 2670 2875 2729 sui
2897 2668 3100 2729 scribit
3121 2667 3195 2729 de
3216 2671 3575 2748 morteregis
3600 2670 3863 2733 Heinrici

1869 2763 1975 2824 mii
2003 2767 2120 2842 sui,
2152 2771 2212 2824 et
2236 2770 2308 2825 ut
2334 2767 2462 2842 eJus
2486 2767 2769 2842 exequias
2796 2765 3046 2825 solemni
3072 2766 3192 2824 ritu
3218 2764 3533 2826 celebrent.
3781 2776 3858 2828 28

1049 2865 1252 2945 [febr]
1585 2908 1603 2927 .
1655 2907 1675 2928 .
1736 2910 1754 2927 .
1793 2893 1869 2906 —
1909 2861 2211 2923 Fidelibus
2237 2862 2361 2922 suis
2389 2868 2455 2921 ut
2478 2862 2591 2921 sibi
2619 2861 2969 2922 condoleant
2993 2878 3100 2938 pro
3126 2861 3324 2923 dolore
3347 2879 3527 2940 quem
3547 2864 3771 2942 patitur
3794 2865 3861 2925 in

1867 2967 2056 3022 morte
2084 2960 2326 3022 Henrici
2354 2962 2729 3040 primogeniti
2756 2960 2865 3022 sslii
2892 2962 3007 3023 sui.
3779 2971 3858 3025 29

1059 3060 1238 3137 [febr.
1324 3100 1755 3126 .......
1788 3090 1868 3102 -
1906 3060 2276 3137 Margaretae
2303 3061 2480 3118 nurui
2508 3075 2650 3119 suae
2675 3065 2923 3118 mortem
2952 3058 3189 3120 Henrici
3215 3055 3514 3136 quondam
3540 3060 3697 3136 regis
3719 3057 3858 3120 Ro-

1011 3159 1291 3235 exeunt.]
1867 3171 2180 3214 manorum
2207 3152 2315 3213 sslii
2344 3156 2437 3214 sui
2464 3156 2722 3231 nuntiat,
2751 3171 2996 3215 monens
3015 3155 3179 3232 quod
3198 3156 3263 3215 in
3289 3152 3521 3215 duobus
3545 3154 3685 3215 filiis
3706 3172 3859 3233 quos

1866 3250 1941 3310 de
1968 3254 2097 3326 ipsa
2124 3250 2363 3327 reliquit
2389 3251 2851 3311 consolationem
2878 3259 3163 3314 assumat.
3778 3263 3856 3315 30

1061 3344 1237 3420 [febr.
1665 3391 1683 3410 .
1735 3394 1750 3409 .
1788 3378 1864 3390 —
1906 3347 2133 3422 Populo
2161 3346 2525 3407 Messanensi
2570 3353 2821 3407 mortem
2867 3348 3103 3409 nem-ici
3145 3348 3255 3409 sslii
3294 3351 3391 3410 sui
3425 3351 3685 3428 nuntiat,
3715 3366 3852 3412 cum

1008 3444 1288 3520 exeunt.]
1864 3442 2102 3518 magnIs
2127 3440 2390 3501 defuncti
2414 3445 2741 3519 praeconiis
2766 3459 2943 3520 quem
2972 3460 3171 3522 regem
3189 3446 3429 3507 Siciliae
3453 3446 3726 3523 appellat.
3775 3456 3850 3508 32

1394 3539 1676 3621 Poggius.
1786 3569 1865 3582 —
1902 3538 2211 3599 Universis
2235 3556 2343 3615 per
2375 3540 2720 3599 comitatum
2750 3539 3100 3619 Haynoniae
3132 3549 3193 3603 et
3226 3558 3332 3619 per
3365 3543 3675 3619 imperium
3705 3560 3853 3605 eon-

1861 3636 2085 3695 stitutis
2113 3635 2361 3694 mandat
2394 3641 2462 3695 ut
2501 3651 2623 3695 non
2651 3639 2993 3713 permittant
3021 3635 3279 3698 Jobanni
3313 3645 3375 3699 et
3398 3640 3689 3700 Balduino
3711 3640 3852 3702 flius

1857 3729 2190 3792 Bouchardi
2216 3732 2293 3791 de
2310 3732 2566 3792 Avesnis
2593 3739 2654 3792 et
2674 3734 3037 3813 Margaretae
3052 3735 3127 3795 de
3148 3736 3449 3815 Fiandria,
3467 3737 3687 3814 quibus
3700 3739 3850 3818 legi-

1858 3831 2006 3889 tima
2041 3830 2264 3890 natalia
2297 3829 2575 3904 Indulsit,
2614 3831 2691 3892 ab
2729 3832 2846 3893 illis
2879 3833 2956 3893 de
2992 3832 3388 3911 Dmnuapetra
3422 3835 3713 3897 damnum
3751 3838 3850 3898 vel

1858 3928 2139 4004 injuriam
2166 3929 2434 4006 irrogari.
3769 3943 3844 3994 33

1017 4021 1254 4099 [mart]
1650 4067 1665 4084 .
1726 4018 1750 4086 .'
1776 4055 1858 4070 —
1894 4023 2110 4086 Scribit
2136 4025 2532 4086 cardinalibus
2562 4042 2625 4086 se
2644 4031 2917 4103 paratum
2944 4043 3074 4088 esse
3095 4027 3173 4088 ad
3190 4027 3533 4090 liberandos
3554 4035 3618 4090 et
3630 4031 3844 4090 remit·

1855 4121 2065 4183 tendos
2106 4124 2443 4199 episcopum
2489 4124 2895 4185 Penestrinum
2939 4130 3001 4185 et
3048 4124 3326 4187 Ottonem
3374 4126 3732 4188 cardinalem
3773 4134 3846 4188 ut

1854 4219 2129 4279 intersint
2159 4220 2425 4279 electioni
2451 4220 2670 4297 papali.
3764 4230 3843 4285 35

1054 4315 1235 4390 [circa
1315 4354 1665 4379 ......
1723 4361 1741 4380 .
1775 4345 1853 4358 -
1892 4315 2208 4391 Reginensi
2245 4316 2522 4391 episcopo
2559 4314 2791 4391 scribit,
2823 4314 3201 4395 congaudens
3243 4317 3406 4394 quod
3436 4324 3680 4395 nepotes
3712 4321 3845 4397 ejus

1044 4409 1245 4485 april.]
1852 4412 1958 4486 qui
1988 4409 2322 4471 defecerant
2370 4410 2670 4472 reduxerit
2714 4412 2792 4472 ad
2832 4411 3011 4473 ssdem
3051 4415 3383 4490 pristinam,
3432 4414 3721 4494 jubetque
3766 4423 3842 4477 ut

1855 4508 2000 4566 visis
2025 4507 2121 4568 his
2144 4508 2352 4568 litterIs
2376 4511 2575 4570 venire
2601 4509 2678 4571 ad
2706 4512 2931 4569 curiam
2955 4509 3210 4571 festinet.
3762 4520 3835 4575 37

1039 4603 1232 4680 apr-ili.
1389 4598 1659 4682 Neapoli.
1776 4636 1855 4650 —-
1892 4605 2182 4667 Mannum
2226 4607 2419 4667 filium
2464 4608 2765 4686 quondam
2809 4608 3115 4669 Orlandini
3163 4607 3511 4671 habitatoris
3553 4610 3839 4673 Cortonae

1852 4702 2155 4781 publicum
2183 4704 2556 4766 tabellionem
2584 4707 2817 4783 imperii
2845 4708 3168 4768 constituit.
3758 4717 3833 4772 38

1026 4803 1060 4854 3
1086 4798 1226 4856 maii
1393 4797 1658 4876 Neapoli.
1775 4832 1856 4842 —
1896 4801 2234 4864 Mantuanis
2261 4802 2467 4864 scribit
2500 4820 2564 4865 se
2599 4804 2677 4864 ad
2708 4802 3051 4865 electionem
3073 4806 3221 4866 novi
3244 4803 3542 4883 pontificis
3568 4805 3732 4867 velut
3756 4805 3838 4867 ad
