4525 6031
753 666 957 726 lxmcr.
990 664 1084 741 7.]
1648 660 2046 726 HISTORIA
2090 660 2687 725 DIPLOMATch.
3458 660 3582 726 655

754 796 1178 892 presentiam
1221 795 1464 866 utilem
1506 794 1788 868 instanti
1831 795 2308 890 promovendo
2349 796 2631 887 negotio
2677 795 3038 867 nobiscum
3082 795 3457 866 retinentes
3489 795 3582 867 ad

759 926 1072 1009 tempus,
1122 935 1212 985 ne
1269 915 1499 1006 aliqua
1550 913 1782 984 medio
1834 924 2144 1008 tempore
2193 914 2460 1009 possint
2507 914 2910 1005 contingere
2962 912 3160 984 vobis
3218 913 3584 986 inferentia

754 1039 1130 1129 lesionem,
1175 1038 1481 1110 nobilem
1526 1038 1756 1108 virum
1794 1039 1877 1109 R.
1910 1038 2019 1109 de
2076 1037 2387 1131 Suppino
2430 1038 2752 1109 comitem
2797 1038 3198 1109 Romaniole
3253 1037 3581 1110 dilectum

757 1159 1036 1233 fidelem
1056 1170 1399 1250 nostrum,
1424 1159 1512 1232 de
1532 1158 2038 1255 cujus‘experta
2067 1159 2413 1263 probitate
2437 1159 2875 1252 confidimus,
2894 1162 3095 1252 cujus
3121 1160 3586 1236 sinceritatem

757 1284 1015 1357 nullius
1068 1284 1528 1378 suggestionis
1577 1283 1971 1381 perversio,
2020 1283 2283 1356 nullius
2341 1284 2757 1357 conditionis
2807 1286 3143 1380 impulsus
3192 1287 3586 1380 nulliusque

757 1408 952 1480 labes
984 1405 1446 1502 corruptionis
1482 1417 1723 1479 contra
1750 1397 2197 1481 devotionem
2228 1408 2532 1482 Ecclesie
2564 1429 2648 1480 ac
2678 1408 3082 1484 fidelitatem
3113 1420 3420 1481 nostram
3457 1411 3586 1482 ali-

760 1531 1014 1625 quibus
1041 1531 1269 1627 potuit
1295 1531 1584 1602 maculis
1611 1530 2003 1624 denigrare,
2037 1531 2521 1603 constituimus
2551 1531 2960 1603 excellentie
2993 1543 3226 1604 nostre
3255 1532 3588 1605 vicarium

761 1656 832 1727 in
858 1656 1174 1750 partibus
1198 1655 1644 1745 Lombardie,
1689 1654 1938 1727 eodem
1972 1655 2390 1728 cancellario
2420 1665 2659 1728 nostro
2695 1628 3184 1736 nichilominus
3225 1678 3264 1728 e
3295 1657 3589 1750 vestigio

760 1767 1223 1875 properante3
1256 1778 1574 1880 fidelitati
1606 1787 1836 1851 vestre
1879 1779 2096 1851 nostri
2140 1780 2458 1851 culminis
2502 1781 2910 1852 auctoritate
2958 1780 3367 1852 mandantes
3405 1790 3485 1852 ut
3526 1783 3593 1853 ei

765 1913 1096 1996 tanquam
1130 1902 1333 1975 nobis
1366 1903 1438 1972 in
1476 1904 1800 1975 omnibus
1839 1924 1978 1995 que
2014 1902 2107 1974 ad
2147 1904 2506 1999 imperiale
2548 1904 2933 1976 dominium
2971 1904 3320 1999 pertinent
3359 1906 3590 1978 inten-

763 2025 969 2100 datis·
1005 2026 1149 2099 Nos
1189 2026 1375 2098 enim
1412 2026 1612 2099 firma
1648 2037 1719 2099 et
1753 2037 1902 2099 rata
1935 2047 2211 2123 semper
2240 2027 2654 2100 habebimus
2691 2029 2950 2120 banna,
2989 2038 3272 2120 statuta,
3307 2040 3588 2102 senten-

768 2150 895 2258 tias
940 2160 1012 2222 et
1052 2161 1380 2246 precepta
1418 2173 1556 2243 que
1601 2172 1726 2224 sua
1771 2151 2295 2245 circumspectio
2346 2153 2626 2225 duxerit
2666 2153 3110 2247 proferenda,
3158 2162 3228 2228 et
3268 2175 3361 2228 ex
3403 2176 3592 2225 nunc

766 2275 916 2369 ipsa
948 2284 1025 2346 ut
1060 2275 1133 2345 in
1166 2276 1476 2345 futurum
1502 2275 1801 2346 validius
1838 2275 2297 2347 observentur
2322 2276 2663 2371 presentis
2691 2278 2929 2371 scripti
2959 2276 3209 2350 robore
3234 2276 3594 2349 confirma·

766 2420 946 2470 mus.
983 2398 1098 2471 Sic
1148 2399 1384 2492 itaque
1433 2398 1566 2470 sibi
1612 2398 1684 2468 in
1734 2419 2031 2493 persona
2083 2411 2321 2471 nostra
2362 2400 2559 2471 velut
2605 2401 2728 2470 uni
2777 2422 2869 2471 ex
2913 2400 3293 2472 carioribus
3337 2401 3592 2474 nostris

767 2522 1098 2594 membris
1125 2523 1404 2616 plenam
1434 2521 1903 2594 obedientiam
1931 2521 2267 2594 exhibere
2298 2523 2555 2594 curetis
2580 2523 2821 2617 sicque
2843 2523 2915 2593 in
2936 2544 3233 2618 persona
3261 2532 3498 2594 nostra
3527 2525 3592 2600 ei

769 2646 1107 2719 honorem
1135 2645 1450 2718 debitum
1484 2645 1927 2740 impendatis,
1963 2655 2044 2717 ut
2069 2667 2229 2717 cum
2259 2646 2333 2716 in
2356 2646 2821 2741 partibusillis
2845 2646 3265 2740 presentiam
3282 2657 3594 2719 nostram

766 2769 1012 2876 adesse
1063 2770 1465 2863 contigerit,
1517 2769 1755 2842 fractis
1808 2770 2159 2865 repagulis
2200 2790 2342 2864 que
2391 2770 2753 2864 hucusque
2805 2779 3218 2866 conceptum
3264 2770 3596 2875 veniendi

767 2893 1196 2989 propositum
1232 2891 1677 2964 retardarunt
1707 2913 1792 2966 ac
1822 2890 2116 2965 inimicis
2146 2892 2515 2966 victoriose
2561 2905 2800 2966 nostro
2839 2893 3130 2988 imperio
3171 2893 3587 2986 subjugatis,

765 3019 1109 3111 gradatim
1140 3019 1521 3110 quemlibet
1551 3019 1745 3091 velut
1776 3038 2058 3090 suorum
2086 3018 2494 3091 meritorum
2519 3018 2844 3111 suffragia
2873 3020 3339 3113 poposcerint,
3380 3020 3597 3113 gratis

768 3142 1123 3214 beneflciis
1154 3154 1226 3215 et
1257 3140 1485 3235 dignis
1517 3141 1897 3215 honoribus
1927 3122 2350 3213 attollamus.

865 3269 1116 3340 Datum
1147 3266 1218 3336 in
1255 3266 1498 3338 castris
1535 3262 1635 3363 [in
1667 3265 2030 3339 obsidione
2057 3262 2301 3362 Aquis]
2314 3317 2735 3338 ......

881 3806 1100 3890 Circa
1170 3806 1538 3887 kalendas
1608 3805 1943 3889 octobris
2000 3805 2269 3890 Petrus
2322 3807 2729 3890 Becherius
2802 3807 3316 3891 marchionem
3381 3808 3601 3891 Lan-

774 3937 969 4019 ciam
1006 3964 1184 4020 cum
1226 3938 1500 4019 militia
1533 3936 1808 4049 Papiae
1844 3938 1923 4019 in
1961 3939 2340 4022 civitatem
2377 3939 2889 4022 Vercellarum
2909 3939 3382 4029 introduxit.
3427 3940 3605 4025 Post

774 4068 963 4152 haec
1006 4068 1416 4179 imperator
1458 4069 1591 4178 qui
1629 4080 1791 4152 erat
1838 4071 2043 4179 apud
2102 4071 2369 4155 Casale
2387 4132 2411 4177 ,
2465 4071 2844 4153 civitatem
2902 4059 3415 4154 vercellarum
3458 4073 3600 4157 in-

776 4204 1027 4286 travit.
1110 4204 1244 4286 Ubi
1319 4214 1833 4288 convenerunt
1902 4213 2156 4287 comes
2229 4203 2654 4286 Sabaudiae
2721 4213 2800 4286 et
2864 4228 3118 4285 comes
3185 4203 3608 4289 Frandalae

780 4332 1262 4445 (Flandriae)
1308 4345 1387 4419 et
1435 4335 1565 4418 alii
1606 4336 1923 4419 comites
1974 4346 2051 4421 et
2098 4336 2578 4419 marchiones
2630 4335 2935 4418 illarum
2988 4335 3322 4443 partium
3375 4347 3608 4445 atque

778 4468 1040 4550 nuncii
1082 4468 1593 4576 plurimorum
1630 4494 1903 4579 regum
1946 4478 2027 4552 et
2078 4468 2448 4552 comitum
2491 4466 3073 4552 occidentalium
3091 4529 3115 4574 ,
3157 4467 3292 4575 qui
3341 4493 3609 4555 omnes

694 4670 706 4682 .
780 4599 1299 4682 marchionem
1361 4599 1900 4686 Montisferrati
1958 4600 2341 4683 mandatis
2396 4600 2872 4710 imperatoris
2925 4624 3190 4708 parere
3234 4598 3603 4687 fecerunt.

783 4732 1125 4815 Chronic.
1169 4736 1261 4814 de
1298 4735 1455 4814 reb.
1506 4733 1589 4816 in
1622 4736 1800 4816 Ital.
1835 4732 2085 4843 qestis,
2129 4749 2211 4841 p.‘
2252 4736 2438 4817 218.

3734 3830 3934 3872 Octobri.
