4525 6031
861 660 1016 721 1046
2021 661 2267 720 INDEX
2318 661 2723 724 LOCORUM.

852 789 1049 846 Sancti
1075 791 1338 845 Brancati
1358 787 1519 860 vasso,
1548 792 1640 845 20.

851 871 1047 930 Sancti
1074 870 1399 929 columbani
1425 872 1671 941 ecclesia,
1699 875 1787 928 42.

851 955 1044 1013 Sancti
1072 955 1352 1026 Damyani
1375 953 1663 1027 pelagium,
1690 959 1816 1013 488.

851 1039 1043 1097 Sancti
1070 1039 1277 1094 Donati
1314 1037 1560 1108 ecclesia,
1593 1042 1681 1095 43.

851 1123 1044 1182 Sancti
1071 1123 1317 1178 Donnini
1341 1121 1585 1191 ecclesia,
1617 1126 1705 1178 43.

855 1206 1052 1264 Sancti
1079 1206 1321 1262 Donnini
1347 1205 1597 1277 burgum,
1633 1209 1757 1262 352.

850 1290 1046 1348 Sancti
1072 1289 1320 1345 Eustasii
1341 1290 1491 1344 vicus
1514 1291 1569 1344 in
1599 1292 1808 1363 Dyano,
1845 1291 1965 1345 437.

850 1373 1045 1430 Sancti
1071 1370 1336 1427 Frediani
1363 1373 1643 1444 (ccclesia),
1678 1374 1763 1427 42.

851 1455 1048 1512 Sancti
1075 1454 1314 1526 Galyani
1334 1454 1472 1524 fons,
1500 1459 1624 1512 450.

851 1535 1048 1593 Sancti
1072 1536 1371 1593 Gaudentii
1396 1537 1510 1595 sive
1534 1536 1836 1597 Gamundii
1861 1534 2269 1600 monasterium,

924 1620 1017 1675 524
1054 1625 1111 1676 et
1139 1626 1249 1677 not.
1281 1619 1331 1676 b.

850 1704 1045 1761 Sancti
1074 1706 1292 1777 Georqii
1322 1721 1492 1774 mons,
1525 1710 1612 1762 43.

849 1788 1047 1846 Sancti
1071 1788 1265 1844 Heliae
1290 1788 1590 1862 parrochia,
1620 1792 1740 1845 436.

849 1870 1041 1927 Sancti
1070 1871 1306 1927 Huberti
1331 1872 1617 1944 hospitale,
1650 1876 1772 1928 523.

848 1954 1043 2011 Sancti
1073 1953 1240 2011 Illari
1266 1954 1473 2025 collina,
1506 1958 1629 2011 524.

848 2038 1046 2095 Sancti
1070 2037 1336 2094 Iohannis
1362 2053 1597 2107 aremus,
1624 2040 1747 2093 450.

847 2118 1038 2176 Sancti
1060 2119 1329 2176 Iohannis
1351 2121 1799 2192 Ierosolymitani
1821 2120 2110 2192 hospitale,
2142 2122 2271 2187 780,

918 2205 1354 2274 784,847,348.

847 2288 1045 2345 Sancti
1073 2288 1342 2346 Iohannis
1371 2287 1435 2345 de
1467 2290 1567 2346 Oto
1597 2288 1808 2361 (plebs),
1842 2292 1945 2346 522
1984 2295 2040 2344 et
2072 2294 2184 2345 not.
2214 2305 2270 2344 a.

847 2373 1047 2431 Sancti
1080 2373 1346 2430 Iohannis
1392 2380 1448 2430 et
1478 2373 1678 2430 Sancti
1710 2372 1982 2445 Stephani
2017 2371 2277 2430 acclesiae

918 2456 1060 2529 apud
1088 2456 1410 2526 Bisuntium,
1440 2460 1564 2513 859.

845 2538 1040 2596 Sancti
1065 2539 1338 2596 Iohannis
1363 2541 1424 2594 in
1450 2540 1628 2596 Sarno
1652 2539 1876 2612 capella,
1908 2542 1997 2597 23.

845 2623 1047 2681 Sancti
1074 2621 1343 2678 Iohannis
1370 2621 1432 2680 dc
1461 2623 1805 2681 Sorbolarico
1830 2623 2079 2694 ecclesia,
2110 2625 2233 2679 479.

846 2705 1039 2763 Sancti
1060 2704 1283 2763 Iuliani
1309 2706 1565 2763 contrada
1592 2707 1735 2779 apud
1759 2706 2048 2774 VercellaS,
2076 2707 2199 2760 684.

846 2787 1042 2845 Sancti
1066 2788 1213 2844 Iusti
1237 2788 1299 2844 de
1323 2789 1577 2845 Blentina
1603 2789 1847 2858 ecclesia,
1873 2793 1961 2846 42.

845 2870 1042 2929 Sancti
1077 2873 1368 2928 Laurentii
1409 2871 1634 2929 ccclesia
1673 2872 1729 2927 in
1775 2872 1893 2928 loco
1932 2872 2278 2929 Massamaci-

918 2955 1085 3026 naria,
1115 2958 1204 3012 42.

845 3040 1041 3097 Sancti
1065 3041 1355 3097 Laurentii
1380 3038 1659 3113 hospitale,
1692 3043 1781 3097 20.

844 3122 1034 3180 Sancti
1054 3124 1256 3180 Lazari
1279 3125 1334 3180 in
1355 3124 1600 3180 districtu
1623 3123 1847 3194 Fulginii
1872 3123 2119 3195 ecclesia,
2144 3126 2269 3181 454.

846 3203 1042 3264 Sancti
1066 3208 1332 3264 Leonardi
1361 3206 1599 3278 ecclesia,
1629 3209 1756 3263 725.

845 3289 1042 3348 Sancti
1067 3292 1284 3347 Mamas
1308 3291 1562 3363 burgum,
1595 3293 1698 3346 520
1723 3298 1778 3346 et
1805 3296 1916 3346 not.
1951 3289 2000 3345 b.

845 3372 1040 3430 Sancti
1058 3373 1308 3430 Marcelli
1337 3376 1536 3431 Montis
1563 3373 1731 3443 collis,
1765 3376 1890 3429 450.

846 3456 1042 3514 Sancti
1064 3458 1343 3513 Marciani
1365 3456 1762 3526 commanditia,
1787 3459 1914 3511 524.

845 3539 1041 3597 Sancti
1065 3539 1309 3596 Martini
1336 3538 1399 3595 de
1427 3539 1630 3611 Greppo
1658 3538 1942 3610 hospitale,
1976 3541 2098 3594 480.

843 3620 1036 3680 Sancti
1063 3623 1323 3678 Miniatis
1350 3627 1606 3684 castrum,
1634 3623 1723 3691 79,
1756 3624 1879 3693 438,
1904 3623 2032 3679 705.

843 3705 1043 3763 Sancti
1069 3704 1294 3763 Nicolai
1321 3704 1383 3762 dc
1409 3704 1810 3771 Genestrusula,
1842 3707 1963 3760 435.

844 3788 1042 3846 Sancti
1066 3789 1228 3846 Paoli
1253 3791 1315 3846 in
1345 3788 1540 3846 Cosellc
1561 3789 1809 3859 ccclesia,
1842 3792 1929 3846 42.

850 3873 1044 3931 Sancti
1071 3873 1234 3929 Pauli
1267 3872 1496 3945 Majoris
1522 3870 1745 3928 ccclesia
1782 3870 1925 3942 apud
1955 3871 2267 3945 Neapolim,

844 4042 1042 4099 Sancti
1068 4041 1220 4097 Petri
1243 4038 1464 4095 ccclesia
1480 4080 1494 4107 ,
1523 4039 1612 4093 42.

844 4124 1039 4182 Sancti
1064 4124 1217 4179 Petri
1237 4120 1302 4177 de
1327 4121 1503 4177 Ebulo
1529 4120 1935 4192 monasterium,
1968 4123 2093 4177 437.

843 4206 1039 4264 Sancti
1063 4206 1212 4262 Petri
1235 4203 1388 4260 ultra
1408 4203 1747 4261 Iudenburch
1775 4203 2018 4275 ecclesia,
2051 4207 2177 4262 689.

845 4290 1044 4348 Sancti
1067 4290 1216 4345 Petri
1243 4290 1307 4344 in
1335 4287 1446 4343 loco
1479 4289 1720 4344 Unciano
1743 4287 1987 4357 ccclesia,
2018 4291 2106 4344 43.

844 4373 1036 4429 Sancti
1067 4372 1219 4428 Petri
1249 4373 1312 4426 in
1339 4371 1555 4426 Vissina
1584 4370 1829 4441 (ccclesia
1855 4377 1911 4428 et
1942 4370 2109 4443 villa),
2143 4374 2268 4431 522.

843 4456 1036 4514 Sancti
1061 4454 1313 4528 Philippi
1334 4452 1577 4522 ecclesia,
1611 4456 1697 4509 42.

845 4541 1042 4599 Sancti
1066 4538 1346 4596 Plamiani
1372 4544 1626 4608 castrum,
1654 4539 1873 4595 forsitan
1896 4547 2115 4611 pratum
2136 4540 2272 4597 Fla-

918 4625 1065 4682 tiani
1092 4629 1216 4679 anto
1244 4624 1512 4692 Parmam,
1544 4624 1650 4679 605
1676 4629 1734 4678 at
1755 4631 1868 4681 not.
1894 4626 1946 4679 4.

845 4707 1040 4764 Sancti
1069 4706 1322 4778 Prosperi
1352 4719 1516 4779 prope
1543 4704 1854 4761 Blcntinam
1879 4707 2064 4777 (curtis
2090 4710 2148 4762 et
2176 4720 2271 4762 ao-

849 4815 856 4823 .
915 4789 1117 4861 clema),
1147 4790 1234 4846 42.

2461 790 2659 848 Sancti
2686 787 2891 847 Sabini
2915 786 3059 854 villa,
3092 789 3218 841 524.

2456 872 2653 929 Sancti
2676 869 2989 927 Salvator-is
3011 868 3073 924 de
3098 866 3339 926 Guilleto
3362 866 3765 935 monasterium,
3793 869 3881 935 65,

2459 1038 2656 1095 Sancti
2706 1035 3017 1094 Salvator-is
3058 1033 3120 1090 de
3159 1036 3337 1090 Monte
3380 1034 3595 1089 Amiato
3637 1031 3848 1089 abbatia
3869 1075 3885 1097 â€š

2535 1125 2660 1186 420,
2692 1123 2819 1178 724.

2460 1205 2655 1263 Sancti
2677 1203 2986 1262 salvatoris
3015 1201 3078 1258 de
3116 1204 3291 1275 Papia
3319 1201 3727 1269 monasterium,
3757 1202 3883 1264 637,

2533 1290 3122 1360 652,653,920,935.

2457 1372 2653 1430 Sancti
2665 1372 2977 1430 Salvator-is
2994 1370 3234 1426 deSeaeto
3252 1367 3656 1435 monasterium,
3686 1368 3774 1433 43,
3793 1368 3813 1418 4
3829 1366 3882 1419 4,

2456 1455 2653 1513 Sancti
2677 1454 2914 1513 Secundi
2939 1453 3157 1524 podium
3182 1458 3238 1508 et
3263 1451 3511 1518 ecclesia,
3545 1452 3667 1505 450.

2455 1539 2653 1596 Sancti
2675 1539 2927 1613 Sepulcri
2952 1538 3173 1602 domus,
3197 1540 3323 1605 780,
3358 1538 3452 1591 â€™,84
3469 1576 3482 1589 .

2457 1624 2650 1680 Sancti
2670 1625 2918 1696 Spiritus
2942 1622 3201 1693 hospitale
3227 1620 3369 1694 apud
3394 1620 3625 1689 Ulmam,
3658 1620 3783 1673 434.

2454 1707 2649 1765 Sancti
2673 1709 2940 1764 Valentini
2963 1707 3133 1776 curia,
3165 1709 3287 1761 340.

2460 1792 2656 1849 Sancti
2682 1795 2799 1848 Viti
2821 1792 2885 1848 dc
2914 1790 3133 1847 Potinea
3159 1787 3567 1854 monasterium,
3597 1787 3719 1841 487.

2455 1876 2659 1933 Sancto
2690 1875 2968 1932 Ambrosio
2997 1874 3152 1947 (pons
3178 1872 3287 1944 de),
3322 1871 3446 1926 733.

2454 1958 2656 2015 Sancto
2680 1959 2893 2015 Andrea
2924 1957 3098 2030 (plebs
3129 1956 3238 2027 de),
3265 1958 3391 2011 253.

2452 2042 2658 2098 Sancto
2686 2041 2968 2099 Benedicta
2988 2040 3161 2112 (plebs
3187 2040 3297 2108 de),
3328 2041 3453 2094 253.

2452 2125 2651 2182 Sancto
2686 2127 2936 2183 Martino
2968 2124 3110 2194 (villa
3134 2123 3239 2193 de),
3269 2124 3389 2178 729.

2453 2209 2655 2266 Sancto
2672 2209 2798 2265 Sire
2828 2207 2968 2280 (villa
2997 2205 3105 2277 de),
3131 2207 3257 2262 729.

2453 2291 2690 2349 Sanctus
2714 2290 2965 2363 Anyelus,
2994 2293 3120 2345 948.

2453 2372 2689 2430 Sanctus
2715 2372 3181 2440 Bartholomaeus,
3208 2376 3504 2427 conventus
3527 2371 3678 2424 extra
3701 2381 3885 2422 muros

2526 2455 2824 2526 Ferrariae,
2854 2458 2981 2512 944.

2453 2542 2690 2600 Sanctus
2712 2540 3122 2606 Brancaaeinusâ€š
3153 2541 3276 2595 554.

2454 2625 2692 2682 Sanctus
2727 2624 3024 2680 Cassianus
3050 2627 3105 2677 et
3134 2621 3252 2692 ejus
3279 2619 3572 2688 districtus,
3596 2621 3721 2675 524.

2454 2705 2693 2762 Sanctus
2715 2705 3035 2775 Fermanus,
3067 2704 3469 2773 monasterium,
3496 2704 3601 2758 754
3630 2707 3740 2758 not.
3774 2707 3828 2756 4.

2459 2788 2700 2846 Sanctus
2731 2787 3050 2857 Fridianus,
3077 2789 3203 2845 228.

2461 2871 2699 2928 Sanctus
2723 2872 3100 2941 Geminianus,
3130 2875 3367 2926 castrum
3391 2870 3449 2925 in
3473 2869 3687 2938 Tuscia,
3715 2872 3803 2926 24.

2452 2953 2685 3012 Sanctus
2704 2955 2975 3027 Genesius,
3006 2953 3174 3023 locus,
3206 2955 3329 3008 479.

2452 3039 2683 3097 Sanctus
2714 3040 2993 3112 Georyius,
3026 3039 3196 3107 locuS,
3224 3040 3348 3095 637.

2451 3122 2686 3180 Sanctus
2715 3123 3036 3190 Germanus,
3068 3121 3275 3189 civitas,
3308 3124 3361 3188 4,
3395 3121 3485 3189 50,
3512 3122 3602 3188 65,
3633 3121 3720 3188 87,
3752 3121 3878 3187 287,

2525 3208 3277 3279 7â´s,7â´9,720,7ssâ€š777.

2453 3291 2692 3348 Sanctus
2722 3291 2995 3360 Ginesius,
3028 3291 3133 3345 754
3162 3296 3271 3345 not..
3303 3291 3354 3343 4.

2452 3374 2684 3432 Sanctus
2708 3374 3046 3447 Hippolitus,
3071 3380 3329 3442 castrum,
3358 3373 3484 3426 778.

2451 3460 2690 3517 Sanctus
2720 3459 2953 3514 Ioannes
2978 3456 3040 3512 de
3068 3458 3222 3527 Vena,
3251 3459 3339 3511 43.

2450 3542 2684 3599 Sanctus
2713 3541 3065 3609 Laurentius,
3091 3543 3214 3595 355.

2453 3626 2693 3682 Sanctus
2720 3623 3055 3694 Leonarctus,
3080 3622 3271 3692 casale,
3298 3625 3423 3677 948.

2452 3706 2684 3764 Sanctus
2711 3709 2992 3764 Martinus
3037 3708 3094 3763 in
3142 3706 3279 3763 vane
3319 3703 3579 3772 Caudina,
3621 3710 3881 3771 castrum,

2453 3872 2691 3930 Sanctus
2724 3872 3005 3930 Martinus
3023 3871 3087 3928 de
3107 3871 3366 3939 Stellone,
3401 3870 3543 3940 villa,
3569 3872 3693 3927 338.

2452 3957 2688 4015 Sanctus
2713 3956 3009 4025 Mattheus,
3042 3954 3414 4025 tenimentum,
3444 3958 3567 4024 420,
3601 3954 3725 4023 424,
3754 3955 3880 4020 422,

2452 4123 2684 4181 Sanctus
2709 4120 3002 4193 Modestus,
3023 4120 3165 4194 apud
3178 4120 3540 4177 Beneventum
3562 4126 3878 4189 convontus,

2525 4210 2629 4263 943
2653 4213 2709 4262 et
2736 4211 2849 4262 not.
2879 4209 2929 4260 4.
3656 4240 3659 4243 -

2450 4290 2685 4348 Sanctus
2716 4289 2976 4345 Nicotaus
3001 4287 3066 4344 de
3096 4286 3307 4358 Aufido,
3337 4289 3460 4342 807.

2451 4373 2697 4431 Sanctus
2726 4372 2991 4428 Nicotaus
3011 4369 3075 4427 de
3102 4372 3265 4440 Baro,
3295 4368 3535 4439 ecclesia,
3565 4371 3688 4426 462.

2447 4458 2681 4515 Sanctus
2703 4458 3052 4525 Pancratius,
3079 4455 3248 4525 locus,
3284 4456 3414 4511 777.

2447 4541 2679 4598 Sanctus
2702 4540 2929 4611 Paulus,
2959 4540 3082 4595 villa
3112 4555 3278 4612 prope
3305 4536 3698 4610 wissemburgâ€š
3725 4540 3848 4596 882.

2447 4625 2680 4683 Sanctus
2703 4625 3030 4697 Pei-cyrinus
3058 4626 3120 4678 in
3142 4621 3459 4691 Biccherna,
3489 4623 3613 4678 477.

2445 4710 2680 4767 Sanctus
2724 4712 2914 4766 Petrus
2946 4711 3009 4765 in
3041 4706 3412 4777 Columbaria,
3458 4707 3716 4776 ecclesia,
3772 4710 3876 4763 800

2519 4796 2632 4847 not.
2664 4795 2724 4849 2.
