4525 6031
691 676 893 735 luntcr.
927 672 1022 752 8.]
1595 671 1990 735 HISTORIA
2040 669 2632 734 DIPLOMATICA.
3409 669 3525 730 791

693 790 1008 904 peditum
1045 807 1329 880 ordines
1372 827 1647 879 necnon
1708 819 1781 880 et
1836 807 2311 880 archeriorum
2373 828 2467 878 ex
2524 804 2849 899 gentibus
2891 804 3146 877 diversi
3192 806 3529 878 sermonis

702 918 1286 1025 congregatorum
1317 930 1726 1003 immensam
1769 933 2042 1027 copiam
2065 984 2086 1022 ,
2132 932 2252 1025 qui
2292 931 2494 1002 istam
2534 941 2787 1001 terram
2828 930 3025 1023 quasi
3066 938 3281 1001 totam
3315 906 3525 1001 occu-

697 1066 933 1150 patam
966 1056 1346 1144 tenebant,
1382 1065 1453 1125 et
1489 1065 1792 1126 castrum
1824 1056 2367 1149 circumquaque
2394 1054 2895 1144 coarctabant,
2922 1053 3189 1125 viribus
3225 1053 3526 1147 impares

697 1180 1053 1252 intrinseci
1104 1178 1518 1250 necessitate
1565 1199 1686 1251 eos
1728 1190 2021 1272 cogente
2066 1179 2254 1252 idem
2293 1188 2597 1251 castrum
2628 1178 2832 1249 nobis
2867 1177 3305 1249 tradiderunt
3350 1188 3421 1248 et
3450 1198 3527 1249 se

697 1304 888 1399 ipsos
911 1303 1114 1397 quasi
1138 1303 1451 1397 captivos
1482 1303 1738 1375 nostris
1766 1303 2250 1377 reddiderunt.
2286 1304 2611 1376 Civitates
2641 1322 2921 1395 quoque
2941 1353 2962 1391 ‚
3000 1311 3224 1373 castra
3243 1353 3263 1390 ,
3300 1310 3524 1373 terrae

702 1438 774 1500 et
787 1448 985 1500 arces
998 1448 1177 1521 quae
1208 1427 1301 1499 ad
1325 1428 1610 1522 papales
1636 1428 1979 1500 versutias
2006 1450 2048 1500 a
2078 1430 2440 1521 majestate
2476 1436 2713 1498 nostra
2740 1425 3287 1515 declinaverant,
3322 1445 3523 1496 men·

700 1550 883 1624 dacii
914 1550 1100 1622 viam
1136 1550 1610 1645 relinquentes
1641 1551 1715 1623 in
1748 1561 2010 1623 rectam
2037 1552 2224 1624 viam
2251 1559 2416 1622 sunt
2440 1569 2844 1621 conversae.
2892 1550 3085 1621 Italia
3110 1570 3281 1621 vero
3314 1571 3524 1643 supe·

698 1674 840 1745 rior
870 1674 943 1744 in
979 1673 1353 1746 stabilitate
1402 1672 1567 1746 fidei
1616 1684 1894 1746 nostrae
1926 1674 2376 1746 corroborata
2409 1682 2551 1745 tota
2596 1673 2895 1744 libenter
2933 1673 3186 1744 nostris
3229 1673 3524 1745 oraculis

699 1819 774 1871 se
814 1797 1122 1869 inclinat.
1167 1797 1302 1882 Qui
1341 1806 1575 1870 tamen
1618 1798 1824 1870 simili
1852 1819 2088 1870 errore
2122 1798 2195 1868 in
2227 1796 2640 1869 Alemannia
2687 1796 2777 1868 ad
2816 1797 3159 1869 novitates
3191 1816 3520 1870 surrexe·

700 1931 866 1993 runt
912 1921 1082 1994 etin
1128 1922 1505 2015 reprobum
1548 1942 1832 1993 sensum
1859 1930 2256 2012 vertuntur,
2296 1920 2386 1993 de
2418 1922 2572 1993 loco
2608 1920 2681 1991 in
2716 1920 2948 1992 locum
2987 1942 3116 2015 per
3144 1922 3524 2015 potentiam

697 2045 1123 2118 dilectissimi
1174 2043 1297 2116 filii
1333 2045 1551 2118 nostri
1605 2045 1788 2137 regis
1834 2044 2131 2117 Conradi
2175 2044 2470 2118 viriliter
2500 2044 2883 2139 profugati,
2933 2044 3250 2117 invenire
3291 2047 3524 2118 locum

701 2169 823 2241 ubi
858 2169 1132 2241 latitent
1161 2192 1305 2242 non
1339 2170 1488 2261 jam
1518 2178 1836 2264 possunt.
1878 2168 1992 2240 Sic
2023 2189 2219 2262 ergo,
2251 2170 2531 2241 favente
2562 2168 2882 2258 Domino,
2920 2170 3246 2260 majestas
3286 2179 3525 2243 nostra

702 2293 982 2365 divinae
1026 2293 1509 2388 providentiae
1546 2293 1810 2366 auxilio
1849 2291 2150 2384 firmata,
2203 2303 2424 2365 totum
2467 2294 2600 2366 sibi
2635 2293 3027 2384 subjectum
3054 2293 3422 2388 imperium
3449 2295 3524 2365 in

702 2439 875 2513 pace
915 2418 1097 2510 regit
1132 2427 1203 2488 et
1248 2418 1626 2510 gubernat3
1660 2415 1852 2511 quod
1880 2415 2199 2488 affinitati
2231 2426 2391 2488 tuae
2427 2426 2500 2489 et
2541 2417 2810 2489 sincero
2838 2415 3117 2489 affectui
3147 2438 3276 2511 per
3311 2439 3523 2512 prae-

703 2549 935 2612 sentes
969 2538 1439 2633 significamus
1468 2539 1562 2611 ad
1587 2539 1944 2633 gaudium.

815 3114 1241 3213 Fridericus
1258 3179 1280 3224 ,
1336 3117 1860 3200 Romanorum
1938 3119 2379 3227 imperator,
2423 3119 2746 3226 vVatacio
2793 3122 3228 3230 imperatori
3274 3124 3558 3208 Grae·
3610 3138 3912 3194 [sommum

709 3274 976 3332 corum
1011 3263 1279 3333 notum
1317 3250 1496 3333 facit
1531 3253 1921 3361 quomodo
1956 3252 2217 3336 omnia
2255 3253 2401 3335 sibi
2450 3279 2805 3363 prospere
2848 3255 3294 3363 succedant,
3337 3257 3526 3340 dum

713 3381 972 3465 fideles
1011 3383 1130 3465 sui
1165 3383 1516 3467 victorias
1551 3385 1649 3467 de
1696 3383 2108 3467 rebellibus
2160 3385 2320 3467 suis
2373 3388 2920 3493 reportaverint
2953 3388 3032 3467 in
3072 3387 3528 3471 Lombardia

713 3515 915 3623 apud
952 3514 1347 3623 Parmam,
1403 3517 1482 3596 in
1541 3516 1879 3601 Marchia
1941 3520 2145 3625 apud
2213 3517 2627 3627 Cingulum
2681 3531 2756 3602 et
2801 3531 3064 3603 contra
3117 3520 3528 3605 Januenses

713 3645 918 3754 apud
949 3649 1310 3731 Saonam.

877 3859 1249 3938 (versionem
1275 3880 1352 3923 ex
1375 3879 1584 3941 graeco
1610 3863 1810 3923 codice
1837 3862 1981 3923 bibl.
2012 3862 2286 3923 [aurent-
2319 3862 2583 3923 Florent.
2613 3863 2774 3924 edtd.
2798 3864 3139 3939 G.W01.1,r,
3163 3868 3298 3929 Vien-
3312 3869 3525 3950 qrieclz.

949 3966 1146 4048 Briesc
1172 3967 1341 4030 Kais.
1369 3966 1601 4030 Friedr.
1633 3966 1730 4027 des
1751 3987 1886 4041 zw„
1915 3986 1978 4045 p.
2002 3976 2212 4029 26-38.
2235 3967 2329 4029 Cf.
2344 3968 2503 4046 quod
2516 3983 2696 4045 supra
2710 3972 3069 4045 notavimus,
3082 3989 3143 4049 p.
3160 3982 3275 4033 759
3287 3981 3430 4036 etr!
3441 3975 3523 4056 1.)

813 4151 1197 4225 Fridericus
1223 4154 1350 4226 Dei
1381 4153 1604 4247 gratia
1634 4155 2102 4226 Romanorum
2137 4154 2513 4249 imperator
2542 4175 2818 4248 semper
2842 4167 3210 4249 augustuS,
3250 4160 3524 4235 Jerusa-

717 4276 858 4348 lem
894 4287 965 4346 et
999 4275 1226 4348 Sicilie
1262 4299 1390 4349 rex
1411 4330 1431 4367 ,
1464 4277 1761 4350 Iohanni
1805 4280 2035 4349 Ducae
2081 4277 2573 4369 gloriosissimo
2622 4277 3038 4351 Graecorum
3084 4281 3521 4379 imperatori,

716 4395 971 4466 dilecto
1013 4416 1274 4487 genero
1318 4418 1486 4488 su0,
1538 4398 1834 4468 salutem
1866 4397 1939 4468 in
1976 4397 2270 4469 Christo.
2316 4397 2485 4467 Cum
2525 4397 2793 4469 sincero
2834 4398 3085 4471 affectu
3121 4410 3190 4474 et
3222 4405 3530 4480 evidenti

721 4520 870 4590 zelo
889 4573 908 4609 ,
945 4519 1124 4590 sicut
1150 4521 1536 4593 successive
1564 4542 1606 4592 a
1634 4520 1927 4592 dextera
1956 4521 2228 4592 Domini
2254 4519 2593 4592 beneficia
2616 4522 3023 4616 suscipimus
3055 4536 3126 4597 et
3157 4531 3531 4620 majestatis

718 4653 997 4713 nostrae
1024 4645 1334 4737 potentia
1358 4667 1485 4740 per
1505 4645 2053 4740 omnipotentem
2081 4645 2625 4719 dominationem
2664 4648 2814 4738 ejus
2845 4649 3157 4741 quotidie
3183 4653 3528 4727 favorabi-

720 4765 879 4836 liter
923 4767 1298 4859 exaltatur,
1344 4768 1439 4841 ita
1480 4791 1656 4864 puro
1691 4769 1966 4842 affectui
2000 4769 2381 4861 majestatis
2416 4780 2576 4842 tuae
2605 4791 2730 4865 per
2758 4772 3123 4846 continuas
3162 4775 3424 4851 litteras
3465 4790 3536 4852 et
