4525 6031
943 671 1062 733 728
1942 674 2368 736 FRIDERICI
2419 674 2762 736 SECUNDI
3377 674 3541 752 [Anu.
3576 674 3754 738 1249.

1046 1367 1339 1450 Interea
1380 1369 1804 1453 Fridericus
1821 1432 1845 1477 ,
1899 1371 2107 1454 filius
2160 1370 2639 1481 imperatoris
2694 1368 3105 1475 naturalia,
3156 1375 3494 1448 castrum
3544 1362 3755 1474 quod

939 1499 1364 1608 appellatur
1421 1503 1796 1613 Capragia
1851 1503 1931 1584 in
1984 1504 2296 1607 Tuscia,
2335 1503 2415 1584 in
2470 1529 2628 1613 quo
2681 1502 2906 1585 multi
2968 1526 3062 1583 ex
3100 1499 3381 1584 Guelfis
3419 1495 3753 1581 bannitis

931 1627 1355 1715 Florentiae
1405 1634 1906 1743 intraverant,
1948 1635 2372 1719 obsidebat.
2419 1637 2591 1734 Quo
2638 1645 2859 1744 capto
2900 1633 3055 1744 (1),
3102 1634 3514 1742 imperator
3562 1629 3753 1712 alios

931 1788 1024 1860 ex
1086 1765 1272 1872 ipsis
1324 1769 1562 1875 captis
1617 1769 2075 1878 suspendere
2124 1770 2303 1853 fecit
2357 1768 2478 1878 (2)
2527 1778 2603 1852 et
2665 1768 2856 1851 alios
2908 1767 2990 1848 in
3040 1764 3398 1875 Apuliam
3447 1761 3744 1844 direxit.

928 1894 1224 1979 Deinde
1263 1897 1341 1979 in
1378 1911 1601 2008 portu
1648 1902 1841 1984 Pisis
1876 1902 1956 1982 in
1993 1901 2248 2011 galeas
2293 1902 2599 1987 intravit
2646 1912 2723 1985 et
2775 1899 3081 2009 navigio
3128 1896 3455 2008 perrexit
3496 1893 3576 1975 in
3620 1919 3754 1976 re-

929 2053 1199 2136 gnum.
1246 2032 1587 2116 Chronic.
1631 2038 1723 2116 de
1763 2035 1917 2116 reb.
1960 2034 2043 2116 in
2077 2037 2257 2117 Ital.
2305 2034 2564 2143 qestis,
2610 2062 2691 2143 p.
2737 2035 2922 2115 219.

1029 2700 1493 2807 FridericuS,
1559 2700 2081 2785 Romanorum
2144 2701 2597 2807 imperator,
2652 2723 2794 2806 pro
2859 2696 3097 2807 gratis
3169 2694 3490 2780 servitiis
3553 2720 3752 2805 quae

925 2832 1071 2916 sibi
1140 2833 1461 2917 Ubertus
1534 2832 1873 2914 marchio
1963 2831 2436 2916 Pelavicinus
2514 2829 2934 2939 praestitit,
3005 2829 3253 2913 eidem
3324 2828 3747 2910 marchioni

924 2967 1167 3051 multa
1219 2976 1470 3051 castra
1520 2967 1611 3048 in·
1656 2965 2211 3075 episcopatibus
2274 2966 2628 3070 Parmae,
2687 2964 3112 3049 Placentiae
3182 2973 3259 3047 et
3331 2963 3749 3047 Cremonae

925 3101 1105 3208 sita,
1147 3126 1326 3183 cum
1363 3100 1812 3208 appenditiis
1849 3125 2115 3183 eorum
2149 3109 2224 3182 et
2261 3099 2438 3209 jure
2484 3098 2835 3207 exigendi
2887 3097 3210 3207 pedagia
3258 3122 3393 3205 per
3451 3097 3744 3180 Padum

924 3258 1220 3317 necnon
1264 3257 1442 3315 cum
1488 3234 1727 3315 mixto
1775 3242 1852 3316 et
1903 3258 2115 3315 mero
2164 3231 2483 3340 imperio
2533 3243 2609 3314 et
2658 3230 2894 3342 gladii
2944 3239 3313 3338 potestate
3330 3290 3353 3335 ,
3403 3228 3747 3313 concedit

921 3376 997 3448 et
1027 3365 1466 3471 confirmat,
1507 3390 1664 3448 non
1717 3363 2066 3449 obstante
2109 3363 2371 3474 aliquo
2420 3366 2720 3449 decreto
2762 3363 3291 3474 praesentibus
3326 3363 3735 3448 contrario.

1084 3653 1290 3733 (Edid.
1319 3653 1509 3729 Arro,
1538 3653 1700 3717 Scor.
1731 3654 1796 3717 da·
1818 3655 2069 3735 Parma,
2103 3663 2253 3717 tom.
2283 3655 2397 3733 ΙΠ,
2425 3675 2489 3735 p.
2524 3664 2665 3735 384,
2694 3659 2758 3717 in
2785 3656 3039 3735 append.
3070 3652 3608 3734 documentorum.)

1015 3895 1386 3969 Federicus
1443 3896 1680 3970 divina
1741 3898 2018 3970 favente
2071 3896 2438 3969 clementia
2507 3896 2975 3969 Romanorum
3033 3897 3412 3992 imperator
3469 3858 3744 3994 semper

919 4029 1255 4114 augustus
1274 4075 1294 4113 ,
1337 4021 1789 4117 Hyerusalem
1832 4030 1903 4094 et
1931 4020 2159 4094 Sicilie
2191 4041 2347 4093 rex.
2395 4021 2684 4094 Romani
2724 4020 2998 4116 imperii
3033 4041 3201 4094 cura
3240 4021 3444 4094 nobis
3487 4021 3741 4096 tradita

920 4146 1048 4218 Dei
1083 4145 1306 4239 gratia
1344 4144 1479 4219 hoc
1519 4143 1703 4218 inter
1737 4145 1874 4219 alia
1912 4146 2218 4242 postulat
2246 4154 2327 4218 ut
2357 4144 2790 4219 liberalitatis
2823 4154 3061 4218 nostre
3097 4145 3327 4218 sinum
3361 4147 3737 4240 oculosque

991 4402 1066 4475 (4)
1103 4400 1199 4459 vn
1217 4400 1468 4460 calendas
1489 4400 1614 4460 maii
1639 4402 1730 4476 (25
1753 4401 1977 4476 aprilis),
2009 4407 2246 4460 castrum
2275 4401 2342 4459 de
2362 4400 2584 4476 Capraia
2618 4406 2837 4475 captum
2863 4406 2965 4473 ωε,
2992 4401 3136 4460 sicut
3162 4417 3260 4459 nos
3281 4408 3462 4460 monet
3478 4400 3733 4460 Obituar.

915 4498 1142 4557 Senem.
1171 4513 1261 4572 ap.
1287 4499 1535 4571 oum,
1566 4499 1900 4571 Dammana,
1927 4518 1985 4575 p.
2013 4502 2139 4557 495.
2178 4483 2187 4489 ”

988 4596 1064 4667 (2)
1101 4597 1208 4654 Uni
1236 4602 1420 4654 tamen
1455 4611 1522 4653 ex
1556 4596 1826 4655 nobilibus
1846 4598 2197 4668 Florentinis,
2228 4595 2438 4654 scilicet
2456 4594 2694 4654 Rinierio
2719 4596 2955 4669 Zingano
2976 4596 3464 4670 Bondelmontium,
3497 4597 3737 4655 Frideri-

917 4708 1014 4751 cus
1029 4693 1081 4751 11
1096 4693 1358 4767 pepercit,
1384 4694 1477 4767 qui
1505 4700 1683 4752 tamen
1704 4693 1984 4750 oculorum
2012 4694 2213 4753 lumine
2237 4693 2464 4752 orbatus
2482 4694 2539 4750 in
2566 4694 2889 4751 monasterio
2908 4693 3113 4751 insulae
3138 4695 3333 4753 Montis
3353 4695 3548 4752 Christi
3571 4693 3737 4753 vitam

919 4787 1110 4847 finivit.
1141 4788 1222 4848 cf.
1248 4790 1395 4847 Ricc.
1427 4788 1730 4863 Malespini,
1757 4805 1849 4863 ap.
1866 4789 2182 4859 Mauros„
2203 4790 2501 4863 scriptor„
2531 4795 2573 4847 t.
2605 4789 2747 4860 vul,
2773 4806 2834 4864 p.
2863 4790 2987 4847 970.
