4525 6031
773 2336 956 2396 [snum]

1096 626 1216 686 748
2094 625 2524 687 FRIDERICI
2574 625 2922 687 SECUNDI
3540 624 3703 710 [Anu.
3740 627 3917 691 1249.

1095 771 1364 852 vestro,
1389 780 1515 857 per
1542 761 1929 834 Iohannem
1949 761 2038 834 de
2060 763 2295 834 Trecis
2325 759 2434 858 (⁴)
2459 760 2780 832 nuntium
2817 781 3022 831 suum
3054 758 3243 831 mille
3283 781 3560 833 saumas
3596 762 3923 835 frumenti

1095 895 1168 956 et
1213 885 1502 957 totidem
1539 885 1783 958 hordei
1833 886 1923 958 de
1977 884 2242 958 horreis
2288 883 2542 958 nostris
2584 894 2656 956 et
2693 885 2747 955 L
2783 882 2881 980 (a)
2923 884 3147 956 bonos
3186 884 3576 958 dextrarios
3611 885 3701 958 de
3747 887 3922 960 libe-

1096 1008 1386 1079 ralitatis
1427 1018 1663 1080 nostre
1706 1007 2189 1081 munificencia
2222 1008 2553 1099 duximus
2595 1007 3048 1081 destinandos
3072 1060 3093 1098 ,
3142 1029 3475 1081 concessa
3502 1010 3634 1081 sibi
3667 1010 3921 1085 nihilo·

1093 1132 1325 1202 minus
1364 1153 1407 1203 a
1444 1133 1804 1224 majestate
1842 1142 2079 1203 nostra
2117 1133 2395 1203 licentia
2437 1131 2628 1226 quod
2660 1132 2752 1204 ad
2787 1152 2965 1227 opus
3009 1131 3322 1223 ejusdem
3365 1132 3634 1204 comitis
3672 1155 3918 1208 neces-

1095 1254 1278 1327 saria
1319 1255 1631 1347 quelibet
1677 1255 1749 1326 in
1800 1276 2018 1348 regno
2051 1265 2293 1328 nostro
2336 1255 2555 1327 libere
2602 1256 2834 1327 valeat
2874 1277 3107 1327 emere
3158 1265 3231 1327 et
3269 1256 3677 1349 extrahere,
3716 1268 3924 1354 prout

1096 1378 1240 1449 suis
1277 1388 1348 1450 et
1393 1378 1648 1449 familie
1704 1400 1828 1449 sue
1859 1378 2102 1450 usibus
2134 1378 2389 1450 viderit
2425 1387 2843 1473 opportuna.
2880 1375 2992 1450 Ad
3042 1376 3175 1449 hec
3219 1379 3531 1472 profecto
3567 1401 3705 1474 que
3745 1380 3923 1453 dixi-

1094 1523 1251 1573 mus
1278 1553 1298 1591 ,
1341 1524 1479 1596 que
1511 1512 1746 1574 vestra
1778 1511 1851 1572 et
1871 1500 2169 1574 filiorum
2193 1513 2588 1574 vestrorum
2623 1511 2996 1594 augmenta
3024 1501 3443 1596 respiciunt,
3478 1504 3548 1574 in
3584 1513 3920 1596 quantum

1093 1625 1544 1716 negociorum
1589 1634 1661 1697 et
1694 1635 2085 1720 temporum
2112 1625 2412 1719 qualitas
2448 1626 2737 1722 patitur,
2788 1646 2920 1697 nos
2953 1625 3024 1696 in
3062 1635 3269 1698 antea
3294 1627 3475 1699 votis
3515 1627 3921 1700 ardentibus

1096 1760 1454 1846 promptos
1491 1759 1562 1821 et
1586 1749 1967 1822 benevolos
1995 1747 2391 1821 offeremus.

1203 2335 1669 2442 Fridericus,
1723 2336 2247 2419 Romanorum
2296 2335 2742 2443 imperator,
2794 2336 2956 2445 regi
3019 2333 3485 2419 Francorum
3543 2336 3923 2445 significat

1092 2470 1304 2578 quod
1357 2469 1587 2551 mittit
1637 2469 2054 2551 dextrarios
2104 2479 2178 2551 et
2223 2467 2581 2551 victualia
2625 2466 2944 2552 Alfonso
2983 2467 3198 2550 fratri
3248 2492 3391 2552 suo
3409 2528 3432 2570 ‚
3499 2469 3579 2549 in
3635 2468 3910 2553 subsi-

1093 2600 1308 2684 dium
1348 2600 1623 2684 Terrae
1658 2600 1979 2683 Sanctae
2013 2599 2543 2709 proficiscenti.

1253 2872 1448 2955 (Edit.
1481 2890 1578 2950 ap.
1609 2873 1777 2933 Petri
1801 2869 1870 2932 de
1901 2870 2040 2932 Vin.
2072 2873 2268 2951 epist„
2302 2871 2401 2932 lib.
2434 2872 2558 2944 111,
2595 2887 2728 2947 cap.
2762 2872 2996 2951 xx1113
3024 2873 3164 2933 coll.
3193 2890 3331 2935 cum
3358 2873 3493 2935 cod.
3524 2872 3680 2937 Bibl.
3710 2874 3913 2937 Cesar.

1329 2980 1546 3053 Paris„
1562 2975 1748 3058 fonds
1770 2978 2242 3040 Saitae-Germia
2265 2973 2517 3058 Hau-lay,
2547 2987 2615 3038 n·
2641 2984 2785 3057 455,
2815 2986 3036 3040 etcum
3064 2980 3196 3041 aliis
3221 2986 3351 3042 tum
3377 2979 3753 3056 Germaniae,
3782 2987 3917 3045 tum

1330 3087 1578 3165 Angliae
1614 3086 1967 3162 codicibus.)

1191 3317 1665 3416 [Fredericus‚
1706 3328 1877 3407 etc.,
1915 3317 2060 3409 regi
2101 3318 2518 3389 Francorum
2541 3369 2561 3407 ,
2595 3313 2793 3414 etc.].
2828 3318 3115 3411 Semper
3141 3316 3512 3406 hactenus,
3555 3330 3637 3390 ut
3677 3321 3920 3414 loqua-

1093 3466 1252 3515 mur
1292 3444 1383 3515 ad
1424 3444 1719 3533 literam,
1757 3441 2087 3513 continua
2116 3441 2450 3535 propositi
2494 3440 2861 3512 tenacitate
2895 3440 3321 3514 firmavimus
3353 3443 3655 3536 qualiter
3679 3465 3806 3516 vos
3845 3455 3918 3517 et

1091 3578 1361 3639 vestros
1385 3621 1404 3659 ‚
1463 3587 1641 3661 quos
1694 3587 1868 3659 pure
1912 3564 2166 3636 mentis
2201 3565 2565 3636 affectione
2599 3563 2988 3658 diligimuS,
3022 3566 3252 3661 operis
3281 3566 3620 3639 evidentis
3645 3567 3917 3640 indiciis

1092 3690 1437 3763 honorare
1471 3711 1855 3786 possemus.
1906 3689 1980 3759 In
2013 3689 2213 3780 cujus
2258 3689 2596 3783 propositi
2642 3698 2836 3761 tanto
2868 3689 3113 3760 fortius
3151 3690 3631 3785 prosecutione
3665 3691 3917 3786 persis-

1096 3815 1303 3886 timus
1326 3868 1347 3906 ,
1399 3815 1541 3885 imo
1592 3811 1942 3883 robustius
1994 3811 2386 3882 animamur
2429 3822 2691 3904 quanto
2735 3834 2862 3886 vos
2906 3812 3131 3885 crucis
3173 3813 3541 3906 negocium
3586 3813 3657 3884 in
3704 3816 3912 3887 Terre

1093 3947 1328 4012 sancte
1362 3936 1657 4009 servitiis
1704 3933 1826 4030 (de
1865 3936 2065 4027 cujus
2110 3956 2443 4007 succursu
2475 3935 2683 4007 celeri
2716 3957 2840 4030 pre
2875 3936 3126 4008 ceteris
3156 3937 3345 4009 orbis
3372 3946 3553 4009 terre
3580 3937 3912 4034 principi-

1175 4155 1259 4235 (a)
1303 4153 1471 4215 Alias
1498 4151 1638 4225 Lx;
1665 4155 1729 4211 in
1754 4151 1888 4212 cod.
1922 4157 2099 4223 8567,
2128 4150 2476 4226 simpliciter
2499 4147 2708 4210 decem.

1163 4451 1234 4525 (4)
1272 4451 1386 4508 Hoc
1420 4463 1618 4508 nomen
1653 4446 1902 4504 addimus
1948 4462 2017 4502 ex
2054 4443 2285 4502 codicib.
2333 4443 2473 4501 Bibl.
2517 4442 2950 4502 Guelferbitanae
2999 4451 3057 4501 et
3093 4446 3572 4504 mediomontanae.
3613 4446 3910 4506 «Iohannem

1091 4552 1255 4608 istum
1283 4548 1350 4604 de
1377 4546 1562 4603 Traeis
1590 4560 1686 4602 seu
1723 4543 1946 4600 Treucis
1974 4557 2142 4598 unum
2169 4542 2338 4598 fuisse
2374 4557 2443 4598 ex
2481 4540 2776 4599 baronibus
2810 4539 3034 4599 Francis
3076 4542 3130 4599 in
3159 4543 3318 4618 Syria
3353 4544 3653 4601 constitutis
3692 4559 3911 4619 compe·

1090 4647 1261 4703 rimus
1287 4660 1353 4700 ex
1379 4643 1548 4712 Pauli,
1577 4641 1707 4700 God.
1737 4639 1876 4714 dipl.
1909 4639 1971 4695 dn·
1994 4639 2190 4709 Malta,
2238 4637 2334 4694 ubi
2360 4638 2773 4696 instrumentum
2802 4637 3085 4695 exhibetur
3121 4656 3229 4713 quo
3252 4640 3519 4699 lohannes
3545 4647 3602 4699 et
3626 4641 3809 4700 Simon
3840 4643 3910 4701 de

1085 4741 1307 4800 Treucis
1335 4738 1705 4812 Hospitalariis
1731 4735 2021 4809 quamdam
2046 4734 2389 4792 donatiouem
2415 4733 2715 4792 conferunt.
2742 4734 2867 4793 Dat.
2889 4734 3060 4807 Acon,
3089 4739 3121 4792 3
3156 4737 3344 4811 aprilis
3374 4739 3536 4796 ⁴245.
