4525 6031
717 660 921 721 Iunior.
952 656 1046 738 6.]
1608 658 2005 723 HISTORIA
2051 658 2648 723 mPLOMATch.
3421 662 3544 726 639

719 795 854 867 lem
892 816 1021 891 pro
1062 804 1261 891 parte
1306 804 1377 867 et
1420 795 1704 868 nomine
1740 796 2159 877 venerabilis
2196 796 2699 894 archiepiscopi
2731 798 3098 872 memorati
3142 808 3214 871 et
3251 799 3543 873 ecclesie

718 940 843 989 sue
874 919 1185 1012 predicte
1225 919 1358 990 sub
1395 918 1727 991 fidelitate
1765 929 1838 991 et
1869 919 2132 994 honore
2168 931 2407 994 nostro
2437 919 2739 994 fideliter
2774 922 3229 1014 custoditum3
3264 933 3334 995 et
3377 923 3542 1017 quia

714 1040 901 1113 dicto
928 1042 1257 1136 magistro
1287 1042 1592 1115 obeunte
1625 1054 1695 1115 et
1724 1045 1986 1117 malitia
2017 1046 2346 1141 temporis
2374 1045 2607 1118 adhuc
2633 1045 3189 1141 perdurante,de
3217 1047 3544 1142 benepla-

716 1167 853 1238 cito
881 1177 1121 1247 nostro
1152 1168 1488 1261 processit
1514 1176 1593 1239 ut
1616 1180 1919 1241 castrum
1948 1171 2170 1264 ipsum
2191 1223 2211 1260 ,
2241 1171 2466 1242 donec
2498 1171 2680 1241 inter
2708 1191 2838 1241 nos
2867 1180 2937 1241 et
2963 1179 3269 1243 sanctam
3296 1172 3542 1243 Roma-

715 1312 878 1361 nam
907 1291 1270 1363 ecclesiam
1300 1300 1595 1363 matrem
1623 1302 1930 1365 nostram
1961 1314 2104 1388 pax
2132 1303 2202 1366 et
2228 1294 2601 1366 concordia
2628 1295 3064 1384 reformetur,
3090 1316 3217 1389 pro
3249 1305 3440 1390 parte
3471 1305 3543 1368 et

715 1415 996 1487 nomine
1050 1415 1236 1487 dicte
1287 1416 1577 1487 ecclesie
1623 1418 2055 1490 Salernitane
2101 1421 2299 1512 cujus
2353 1429 2459 1492 est
2505 1429 2574 1491 et
2604 1418 3102 1513 archiepiscopi
3132 1420 3534 1513 supradicti,

714 1562 874 1611 cum
907 1539 1235 1636 expensis
1271 1540 1737 1612 mediocribus
1778 1541 1992 1637 ipsius
2025 1544 2312 1615 ecclesie
2346 1566 2472 1638 per
2503 1543 2914 1615 castellanos
2950 1550 3021 1613 et
3056 1543 3434 1615 servientes
3465 1544 3540 1614 in

714 1663 864 1758 ipso
903 1663 992 1736 de
1031 1664 1363 1735 mandato
1405 1673 1643 1736 nostro
1674 1674 1746 1737 et
1776 1687 2118 1737 consensu
2154 1667 2319 1738 dicti
2352 1666 2849 1762 archiepiscopi
2888 1668 3249 1761 ponendos
3284 1666 3541 1739 debeat

716 1787 1076 1879 custodiri,
1116 1788 1208 1860 ad
1242 1789 1819 1883 supplicationem
1851 1791 2098 1884 prefati
2132 1791 2631 1888 archiepiscopi
2662 1813 2871 1883 quam
2902 1801 3190 1886 propter
3219 1814 3341 1862 sue
3373 1789 3537 1863 fidei

714 1912 1083 2005 puritatem
1117 1914 1352 1984 favore
1385 1922 1622 1985 nostro
1656 1922 1727 1984 et
1748 1914 2193 1986 exauditione
2215 1916 2533 1988 novimus
2565 1937 2715 1986 esse
2746 1915 3056 2007 dignam,
3086 1925 3156 1987 et
3186 1915 3276 1986 ad
3296 1936 3538 2010 perpe-

718 2045 906 2106 tuam
942 2037 1283 2107 cautelam
1317 2037 1423 2108 sui
1447 2049 1515 2108 et
1549 2037 1839 2110 ecclesie
1873 2060 1996 2109 sue
2030 2039 2367 2133 predicte,
2406 2038 3166 2134 statuimusutpropter
3181 2038 3314 2111 hoc
3336 2041 3528 2111 nulla

713 2159 1146 2257 prescriptio,
1169 2161 1439 2231 nullum
1465 2161 1948 2255 prejudicium,
1984 2163 2176 2234 nulla
2209 2162 2390 2234 actio
2414 2164 2529 2234 vel
2567 2162 2891 2257 exceptio
2930 2172 3171 2235 contra
3205 2163 3432 2257 ipsum
3466 2173 3536 2237 et

714 2285 1072 2357 ecclesiam
1111 2306 1309 2357 suam
1346 2296 1487 2357 tam
1534 2307 1745 2381 super
1783 2286 2204 2382 proprietate
2255 2286 2543 2359 dominii
2589 2308 2803 2379 quam
2844 2307 3054 2380 super
3100 2286 3533 2381 possessione

712 2408 928 2504 ipsius
959 2409 1191 2499 castri,
1225 2412 1707 2501 vassallorum,
1746 2409 2173 2501 reddituum,
2209 2410 2723 2504 possessionum
2753 2417 2823 2481 et
2855 2409 3165 2481 omnium
3188 2412 3532 2483 bonorum

714 2534 1160 2605 existentium
1184 2534 1254 2605 in
1289 2535 1441 2630 ipso
1471 2544 1780 2629 tempore
1810 2534 2043 2629 aliquo
2069 2543 2466 2627 generetur.
2504 2534 2720 2605 Immo
2750 2534 3073 2605 volumus
3110 2543 3177 2605 et
3205 2534 3533 2626 jubemus

710 2667 789 2729 ut
825 2660 1057 2731 statim
1093 2682 1306 2753 quam
1353 2659 1532 2730 inter
1566 2636 1948 2754 predictam
1981 2670 2289 2730 sanctam
2327 2660 2708 2731 Romanam
2741 2658 3104 2729 ecclesiam
3133 2668 3203 2730 et
3236 2680 3363 2730 nos
3390 2682 3534 2755 pax

713 2792 783 2853 et
800 2783 1171 2855 concordia
1191 2784 1697 2855 fueritauctore
1723 2783 2016 2856 Domino
2032 2784 2428 2873 reformata,
2457 2791 2758 2853 castrum
2781 2782 3007 2877 ipsum
3034 2804 3193 2854 cum
3209 2784 3532 2858 omnibus

712 2907 913 2978 bonis
940 2886 1083 2983 suis
1115 2908 1206 2979 ad
1234 2929 1481 2979 manus
1508 2918 1576 2980 et
1607 2917 2020 3003 potestatem
2046 2890 2212 2981 dicti
2243 2905 2740 3003 archiepiscopi
2765 2917 2836 2978 et
2860 2906 3148 2978 ecclesie
3172 2929 3296 2978 sue
3318 2909 3533 3001 gratis

712 3008 960 3103 e'fsine
988 3033 1210 3128 pretio
1243 3035 1352 3105 vel
1393 3034 1852 3106 conventione
1880 3034 2111 3126 aliqua
2145 3055 2272 3127 per
2303 3054 2431 3104 nos
2464 3032 2578 3104 vel
2611 3053 2736 3127 per
2771 3032 3067 3104 heredes
3100 3041 3374 3105 nostros
3404 3056 3529 3106 seu

710 3178 837 3252 per
866 3178 1376 3252 quemcumque
1402 3157 1614 3228 alium
1641 3157 2076 3229 detentorem
2104 3157 2319 3252 ipsius
2345 3156 2562 3228 libere
2588 3165 2658 3227 et
2683 3156 2831 3228 sine
2863 3156 3266 3230 difficultate
3293 3158 3530 3252 aliqua

711 3289 1124 3372 revertatur,
1155 3281 1247 3352 ad
1277 3303 1487 3373 quam
1519 3282 1607 3352 de
1632 3282 1793 3374 jure
1820 3281 2129 3353 noscitur
2158 3282 2533 3376 pertinere.
2562 3281 2762 3353 Unde
2790 3281 2885 3353 ad
2918 3282 3320 3354 memoriam
3348 3283 3530 3354 futu-

713 3426 945 3477 rorum
979 3414 1050 3476 et
1075 3407 1416 3476 cautelam
1444 3406 1732 3477 ecclesie
1760 3406 2153 3502 supradicte
2182 3427 2469 3501 presens
2495 3404 2828 3500 scriptum
2850 3403 3000 3478 fieri
3020 3406 3350 3499 jussimus
3376 3429 3527 3480 ma-

704 3528 975 3622 jestatis
1000 3539 1235 3600 nostre
1267 3529 1490 3622 sigillo
1523 3529 1726 3602 solito
1757 3530 2154 3623 sigillatum.

806 3654 1058 3725 Datum
1108 3652 1297 3747 apud
1360 3653 1596 3725 Casale
1658 3654 1891 3728 Sancti
1955 3653 2187 3727 Evasii
2220 3650 2350 3751 (a),
2390 3674 2575 3727 anno
2615 3653 2888 3725 Domini
2938 3655 3032 3729 M.
3066 3653 3188 3729 CC.
3225 3657 3519 3745 XLVIII,

709 3778 925 3852 XXIV
945 3776 1133 3871 julii,
1168 3776 1544 3850 indictione
1574 3778 1709 3850 VP.

812 4331 1295 4413 Innocentius
1350 4356 1548 4439 papa
1587 4331 1670 4414 C.
1713 4330 1969 4414 comiti
2007 4332 2103 4413 de
2157 4330 2490 4440 Friburg
2533 4279 3069 4438 promissiones
3120 4357 3255 4440 per
3305 4332 3521 4414 Hen-

706 4463 949 4544 ricum
984 4463 1413 4572 Rasponem
1448 4464 1843 4572 quondam
1870 4462 2015 4570 ipsi
2039 4462 2315 4569 factas,
2347 4462 2768 4571 specialiter
2794 4489 3021 4571 super
3045 4465 3518 4549 restitutione

706 4607 1129 4680 castrorum
1176 4595 1705 4708 Nuwenburg,
1749 4594 2168 4705 Offenburg
2203 4607 2279 4680 et
2314 4597 2783 4707 Ortenberg,
2823 4597 3246 4682 confirmat.

788 4768 873 4851 (a)
916 4772 988 4832 In
1015 4772 1181 4849 copta
1206 4771 1437 4851 legitur,
1468 4771 1569 4833 sed
1603 4771 1789 4848 male,
1820 4770 2027 4834 Sancti
2054 4768 2331 4834 Gema-vii.

3631 4349 3868 4462 aaa·
