4525 6031
676 640 880 701 luntcr.
912 639 1004 715 ·1.]
1565 634 1961 697 HISTORIA
2010 635 2601 698 DIPLOMATICA.
3373 636 3496 698 ’125

680 774 821 845 rius
852 770 1291 866 supradictus
1321 769 1565 842 volens
1587 770 1997 842 mandatum
2028 771 2195 843 dicti
2238 769 2501 842 domini
2527 769 2873 842 Frederici
2908 791 3068 842 cum
3104 772 3497 846 reverentia

677 892 974 967 fideliter
1011 892 1420 987 adimplere,
1458 890 1551 963 ad
1582 889 1846 963 dictum
1881 901 2185 965 castrum
2211 892 2302 965 de
2340 892 2711 965 Arcidosso
2754 892 3212 987 personaliter
3238 894 3501 967 accessi

624 1009 629 1010 ⁷
679 1025 752 1088 et
788 1016 1175 1088 Iohannem
1214 1035 1403 1086 nunc
1438 1015 1897 1086 camerarium
1937 1015 2105 1088 dicti
2139 1015 2348 1087 castri
2373 1014 2654 1087 nomine
2707 1013 2877 1086 dicti
2917 1015 3231 1086 comunis
3262 1027 3333 1088 et
3371 1038 3500 1111 pro

676 1139 827 1236 ipso
859 1159 1155 1211 comune
1196 1159 1354 1210 cum
1388 1137 1536 1232 ipse
1568 1138 1988 1209 camerarius
2031 1160 2175 1210 non
2208 1138 2450 1211 fecerit
2495 1136 2587 1209 ad
2632 1137 3040 1232 petitionem
3079 1160 3308 1209 meam
3339 1160 3504 1211 con·

676 1261 909 1333 silium
956 1262 1124 1334 dicti
1165 1260 1480 1333 comunis
1519 1261 1965 1354 congregari,
2017 1283 2150 1335 nec
2199 1260 2373 1333 alias
2399 1271 2878 1358 competentes
2914 1282 3250 1358 personas
3296 1283 3500 1359 repe·

681 1384 941 1474 rierim,
976 1385 1184 1457 citavi
1206 1394 1286 1456 ut
1316 1383 1480 1456 hinc
1506 1385 1599 1457 ad
1628 1394 1786 1456 octo
1819 1385 1968 1457 dies
1995 1385 2413 1480 peremtorie
2438 1406 2674 1456 coram
2710 1384 2994 1457 domino
3020 1385 3386 1458 Frederico
3414 1385 3505 1459 de

684 1507 1051 1582 Antiochia
1097 1508 1167 1578 in
1214 1508 1458 1579 Tuscia
1510 1507 1772 1580 vicario
1822 1508 2129 1601 generali
2189 1530 2317 1605 per
2372 1507 2551 1580 duos
2615 1507 2916 1580 sindicos
2970 1510 3085 1580 vel
3130 1530 3352 1579 unum
3387 1508 3505 1579 vel

682 1641 954 1704 actores
1011 1631 1385 1704 instructos
1420 1630 1674 1703 debeat
1704 1652 2108 1726 comparere
2134 1685 2154 1722 ,
2214 1631 2289 1702 in
2343 1652 2553 1703 causa
2611 1631 2923 1727 predicta
2978 1640 3186 1725 prout
3235 1632 3506 1723 justum

682 1754 891 1828 fuerit
952 1776 1438 1850 processurus,
1508 1776 1719 1849 quam
1781 1755 2180 1828 citationem
2237 1755 2516 1850 publice
2576 1755 2707 1826 feci
2766 1755 2839 1826 in
2890 1754 3081 1827 dicto
3141 1764 3369 1826 castro
3416 1754 3505 1827 de

682 1877 1055 1950 Arcidosso
1087 1879 1159 1950 in
1210 1879 1443 1974 platea
1479 1880 1768 1951 ecclesie
1806 1879 2027 1952 sancti
2072 1878 2414 1952 Leonardi
2434 1932 2455 1970 ‚
2512 1888 2838 1972 presente
2883 1878 3069 1949 dicto
3125 1878 3505 1950 camerario

686 2009 757 2073 et
803 2003 1245 2098 presentibus
1276 2002 1583 2075 Orlando
1629 2003 1950 2093 Uliverii,
2002 2002 2411 2075 Riccardino
2457 2001 2796 2074 Hericone
2835 2001 3206 2090 Cruccioli,
3257 1985 3506 2077 Pisano

683 2126 948 2218 Pisani,
979 2136 1050 2198 et
1076 2126 1303 2198 Pietro
1333 2126 1830 2219 Brigentionis,
1864 2128 2170 2200 Ventura
2195 2125 2418 2197 Rubei
2453 2135 2524 2196 et
2553 2126 2765 2197 Paulo
2797 2125 3286 2217 Bonensegne,
3322 2128 3504 2199 Bon-

684 2249 969 2341 canbio,
1034 2248 1342 2323 Iohanne
1388 2250 1706 2345 porcario
1745 2251 2039 2323 balitore
2083 2260 2155 2322 et
2190 2248 2604 2320 Renovardo
2650 2258 2722 2319 et
2753 2247 3085 2320 Tattedeo
3117 2246 3260 2320 filio
3303 2248 3455 2339 ejus
3479 2301 3501 2341 ,

684 2373 1013 2465 magistro
1044 2374 1225 2445 Dato
1254 2383 1324 2445 et
1349 2373 1834 2445 Bartholomeo
1861 2372 2090 2445 Verde
2116 2382 2189 2443 et
2215 2373 2424 2442 Junta
2454 2372 2665 2443 fratre
2692 2372 2844 2465 ejus
2863 2423 2884 2461 ,
2919 2370 3315 2443 hominibus
3342 2371 3511 2444 dicti

685 2497 917 2586 castri,
958 2507 1029 2570 et
1056 2518 1291 2569 coram
1327 2497 1679 2569 Ranuccio
1717 2495 2099 2568 Arrenduti
2141 2506 2211 2567 et
2239 2494 2763 2566 Lambertuccio
2795 2493 3112 2566 Donadei
3148 2494 3237 2566 de
3271 2496 3507 2568 Monte

685 2621 1007 2710 Latrone,
1059 2619 1151 2691 ad
1205 2619 1336 2692 hec
1382 2620 1672 2691 testibus
1724 2620 1989 2692 vocatis
2040 2629 2110 2691 et
2148 2619 2447 2710 rogatis,
2498 2618 2569 2688 in
2603 2638 2789 2690 anno
2817 2617 3093 2690 Domini
3140 2617 3507 2691 millesimo

686 2741 1161 2815 ducentesimo
1194 2743 1726 2837 quadragesimo
1758 2763 1946 2814 nono
1968 2796 1988 2833 ,
2027 2741 2405 2815 indictione
2443 2741 2737 2837 septima
2771 2751 2841 2825 et
2871 2741 2985 2811 die
3024 2749 3272 2833 quarta
3294 2741 3501 2832 junii.

713 2868 732 2886 ⁶
779 2868 927 2961 Ego
957 2868 1253 2939 Iacobus
1277 2867 1589 2939 notarius
1617 2866 1707 2939 de
1736 2864 2065 2938 mandato
2099 2865 2268 2938 dicti
2295 2865 2558 2937 domini
2587 2863 2929 2937 Frederici
2960 2863 3216 2935 dictam
3251 2863 3512 2937 citatio·

685 3012 845 3063 nem
877 2992 1154 3087 publice
1187 2991 1318 3064 feci
1348 3001 1417 3063 et
1448 3012 1603 3063 eam
1636 2990 1878 3086 scripsi
1912 3001 1982 3062 et
2013 2988 2388 3084 publicavi.

782 3108 1073 3208 Signum
1104 3115 1241 3187 mei
1269 3115 1503 3186 Jacobi
1532 3115 1783 3188 notarii
1811 3113 2217 3209 supradicti.

780 3239 1106 3312 Preterea
1138 3239 1270 3310 sub
1302 3238 1549 3310 eodem
1583 3260 1768 3310 anno
1799 3237 2167 3309 millesimo
2200 3235 2678 3307 ducentesimo
2706 3232 3238 3326 quadragesimo
3278 3253 3502 3325 non0,

692 3362 1067 3435 indictione
1102 3361 1397 3457 septima
1429 3372 1500 3433 et
1530 3361 1645 3433 die
1677 3362 1919 3454 quinta
1958 3360 2138 3454 junii
2160 3412 2182 3452 ,
2235 3380 2366 3452 ego
2398 3359 2695 3429 Iacobus
2732 3356 3042 3429 notarius
3074 3355 3511 3451 supradictus

687 3508 780 3558 ex
824 3495 1021 3581 parte
1053 3491 1125 3555 et
1171 3483 1500 3555 mandato
1555 3484 1723 3557 dicti
1768 3484 2033 3557 domini
2076 3482 2422 3554 Frederici
2441 3535 2462 3573 ‚
2515 3480 2793 3573 injunxi
2828 3480 3113 3553 domino
3150 3480 3512 3553 Manfredo

687 3609 921 3681 abbati
983 3608 1384 3683 monasterii
1425 3609 1660 3681 Sancti
1706 3607 2085 3680 Salvatoris
2124 3616 2203 3677 ut
2245 3606 2503 3678 debeat
2550 3626 2676 3700 per
2723 3625 2799 3676 se
2850 3604 2966 3676 vel
3003 3625 3130 3700 per
3171 3603 3516 3676 sindicum

686 3733 1015 3805 idoneum
1048 3754 1451 3826 comparere
1499 3732 1569 3803 in
1609 3731 1903 3803 termino
1936 3728 2333 3825 supradicto
2369 3750 2604 3800 coram
2641 3728 2910 3823 prefato
2948 3725 3229 3800 domino
3261 3726 3517 3800 Frede-

685 3856 829 3929 rico
856 3857 928 3928 in
959 3857 1205 3928 Tuscia
1236 3855 1575 3951 imperiali
1605 3854 1864 3926 vicario
1891 3853 2199 3947 generali
2228 3874 2356 3948 pro
2389 3871 2597 3923 causa
2628 3850 3136 3945 prenominata.

784 3981 934 4065 Que
986 3980 1270 4073 quidem
1338 3982 1517 4051 facta
1586 3981 1869 4050 fuerunt
1940 3978 2013 4048 in
2095 3976 2286 4049 curia
2347 3975 2599 4048 Montis
2665 3974 2980 4045 Latronis
3005 4027 3026 4065 ‚
3077 3973 3516 4069 presentibus

686 4104 1076 4178 Alamanno
1109 4106 1382 4176 notario
1416 4114 1488 4175 et
1519 4104 1763 4175 Buono
1793 4101 2144 4173 Benefacti
2177 4100 2267 4172 de
2304 4101 2539 4171 Monte
2567 4100 2892 4187 Latrone,
2935 4095 3029 4169 ad
3054 4097 3186 4169 hec
3224 4094 3517 4168 testibus

689 4228 958 4300 vocatis
993 4238 1063 4300 et
1103 4228 1389 4321 rogatis».
1787 4315 1790 4318 q

783 4352 871 4423 Et
902 4372 1033 4443 ego
1059 4352 1357 4424 Iacobus
1384 4350 1696 4422 notarius
1732 4348 2118 4444 predictam
2150 4346 2535 4441 jussionem
2564 4344 2653 4418 de
2681 4343 3014 4418 mandato
3047 4341 3215 4416 dicti
3251 4341 3517 4415 domini

686 4473 1030 4547 Frederici
1064 4475 1196 4547 feci
1226 4474 1393 4547 etin
1422 4474 1771 4569 publicam
1804 4474 2098 4545 formam
2136 4470 2402 4563 redegi.

786 4597 1074 4691 Signum
1115 4598 1254 4671 mei
1283 4597 1520 4671 Jacobi
1549 4597 1801 4672 notarii
1838 4594 2241 4691 supradicti.

850 4842 955 4904 VI.
998 4859 1103 4904 rm
1127 4861 1172 4903 2.
3114 4843 3189 4896 92
