4525 6031
676 651 878 714 lamet.
911 653 998 728 7.]
1570 649 1966 712 HISTORIA
2008 650 2612 714 DIPLOMATICA.
3147 731 3154 740 ι
3385 646 3506 708 733

788 1087 1215 1172 Fridericus
1233 1147 1257 1190 ,
1336 1087 1855 1169 Romanorum
1916 1087 2366 1195 imperator,
2445 1086 2695 1170 Ticcio
2767 1086 2864 1169 de
2937 1087 3146 1170 Colle
3229 1086 3507 1171 vicario

686 1222 938 1305 Sancti
981 1219 1268 1319 Quirici
1303 1228 1378 1301 et
1412 1218 1890 1328 episcopatus
1944 1218 2300 1302 Senensis
2358 1220 2677 1302 mandat
2718 1227 2805 1300 ut
2839 1218 3289 1301 sententiam
3327 1245 3510 1302 suae

684 1378 1012 1462 magnae
1080 1354 1336 1435 curiae
1405 1351 1503 1432 ad
1574 1350 2144 1460 requisitionem
2216 1350 2515 1434 abbatis
2599 1350 2850 1432 Sancti
2924 1349 3336 1433 Salvatoris
3416 1350 3512 1433 de

684 1486 938 1569 Monte
986 1484 1289 1566 Amiato
1323 1493 1589 1568 contra
1632 1483 1997 1567 Jacobum
2042 1483 2466 1566 Baroncelli
2519 1491 3088 1592 procuratorem
3138 1482 3512 1565 Frederici

685 1627 758 1700 et
814 1617 1134 1728 Peponis
1195 1617 1475 1702 civium
1534 1616 1980 1699 Senensium
2044 1641 2271 1726 super
2319 1625 2568 1700 castro
2622 1615 2838 1699 Plani
2897 1616 3369 1726 Castagnarii
3432 1614 3512 1697 in

686 1749 1027 1833 favorem
1062 1749 1406 1859 ejusdem
1444 1747 1741 1831 abbatis
1792 1747 2061 1853 latam,
2102 1774 2243 1859 pro
2281 1774 2373 1832 eo
2423 1748 2633 1858 quod
2676 1748 2756 1828 in
2810 1747 3336 1857 appellationis
3382 1747 3513 1828 in-

688 1883 964 1966 stantia
1010 1893 1345 1993 propter
1422 1882 1661 1992 partis
1746 1882 2106 1966 adversae
2169 1881 2345 1964 licet
2426 1881 2880 1991 appellantis
2952 1881 3512 1968 contumaciam

686 2015 1136 2100 confirmata
1172 2015 1429 2120 fuerit,
1479 2014 1560 2096 in
1596 2015 1971 2123 praesenti
2008 2014 2319 2123 exsequi
2355 2039 2512 2097 non
2539 2014 2871 2098 omittat.

851 2256 1194 2332 (Memorat.
1223 2272 1320 2332 ap.
1352 2253 1685 2326 Bonam,
1714 2253 1936 2337 Requi.
1968 2253 2203 2333 imper„
2230 2271 2291 2331 p.
2323 2262 2617 2330 208=209,
2642 2263 2711 2313 n⁶
2743 2252 2946 2330 1162.)

784 2469 1037 2539 Datum
1066 2464 1394 2559 Neapoli,
1428 2463 1757 2537 vicesimo
1789 2463 2035 2556 quinto
2063 2462 2266 2552 maii,
2297 2463 2591 2558 septima
2618 2463 3020 2536 indictione.

799 2997 1141 3080 Exeunte
1184 3020 1448 3078 mense
1491 2994 1724 3078 madii
1768 2995 2284 3080 Bononienses
2329 3055 2348 3076 .
2384 3055 2402 3075 .
2441 3057 2460 3077 .
2504 2992 2876 3077 hostiliter
2930 2993 3297 3103 albergati
3338 3001 3518 3076 sunt

697 3132 905 3239 apud
978 3128 1398 3212 Castellum
1451 3128 1832 3212 Francum
1850 3189 1875 3235 ,
1951 3128 2287 3213 volentes
2348 3129 2742 3211 devastare
2793 3127 3278 3211 MutinenseS.
3347 3129 3517 3226 Quo

692 3263 957 3346 audito
994 3287 1041 3345 a
1074 3288 1255 3370 rege
1290 3261 1525 3344 Encio
1561 3262 1695 3370 qui
1730 3273 1892 3344 erat
1937 3261 2017 3342 in
2058 3262 2468 3367 Cremona,
2511 3270 2817 3368 accepta
2850 3260 3271 3369 quantitate
3305 3259 3522 3342 mili·-

691 3397 840 3478 tiae
880 3396 1295 3479 Cremonae
1328 3405 1406 3478 et
1441 3393 1601 3477 suis
1634 3394 2045 3502 militibus,
2086 3420 2222 3502 per
2256 3404 2567 3503 pontem
2620 3395 2717 3475 de
2765 3393 3099 3477 Bersello
3141 3393 3520 3477 transiens

694 3530 1067 3613 Mutinam
1111 3528 1497 3638 equitavit.
1542 3528 1639 3611 Et
1682 3527 1807 3610 die
1855 3529 2210 3612 mercurii
2259 3528 2392 3610 VH
2444 3527 2811 3610 kalendas
2853 3526 3083 3635 junii,
3121 3553 3302 3611 cum
3335 3527 3521 3635 ipsis

694 3662 1300 3747 Bononiensibus
1343 3720 1364 3742 .
1407 3721 1426 3741 .
1468 3722 1488 3741 .
1532 3685 1689 3742 non
1724 3659 1990 3768 procul
2027 3685 2073 3741 a
2108 3670 2338 3769 ponte
2371 3660 2469 3742 de
2515 3659 2792 3742 Sancto
2831 3656 3242 3742 ‘Ambrosio
3290 3686 3522 3768 prae-

697 3795 930 3877 liatus
981 3793 1167 3898 fuit,
1225 3803 1299 3875 et
1356 3792 1598 3875 fracta
1650 3792 1921 3874 militia
1979 3791 2179 3901 regis
2239 3792 2753 3875 Bononienses
2813 3802 3175 3900 ceperunt
3229 3793 3518 3874 dictum

698 3950 957 4035 regem
1002 3951 1179 4007 cum
1228 3923 1587 4006 omnibus
1640 3923 2011 4006 militibus
2059 3950 2243 4007 suae
2293 3924 2624 4007 cohortis
2677 3933 2750 4004 et
2803 3924 3002 4005 circa
3058 3923 3177 4005 CC
3240 3925 3550 4008 milites'

696 4217 999 4297 nenSeS,
1038 4199 1183 4272 etc.
1231 4188 1572 4272 Chronic.
1616 4191 1708 4269 de
1744 4190 1899 4269 reb.
1943 4189 2025 4269 in
2062 4191 2238 4270 Ital.
2281 4186 2533 4296 qastis,
2574 4213 2654 4297 p.
2697 4189 2882 4271 219.

803 4700 1288 4789 Innocentius
1331 4733 1529 4816 papa
1574 4707 1896 4791 Henrico
1946 4707 2349 4819 Frajapani
2386 4711 2645 4819 palatii
2687 4712 3211 4798 Lateranensis
3259 4714 3517 4798 comiti

778 4840 789 4845 “
859 4839 966 4900 VI.
1008 4854 1118 4897 Pan
1139 4856 1182 4899 a.
3124 4857 3197 4911 93

3630 1103 3851 1200 aum·

3627 2987 3851 3045 mamm&

534 4067 542 4075 '
698 4060 1149 4159 Cremonae,
1193 4055 1390 4137 inter
1425 4080 1620 4165 quos
1656 4055 1800 4139 fuit
1844 4055 2115 4139 Bosius
2150 4058 2248 4139 de
2287 4055 2614 4139 Dovaria
2659 4065 2733 4136 et
2775 4055 2899 4136 XL
2943 4054 3223 4138 milites
3268 4056 3514 4139 Muti-

3633 4708 3836 4762 Lugduni
3845 4739 3861 4763 ,

3650 4763 3707 4807 2⁹
3723 4764 3848 4805 mati.
