4525 6031
1269 798 1713 904 INDEX
1804 799 2992 910 DOCUMENTORUM

954 1016 1163 1090 QUAE
1202 1017 1287 1077 m
1330 1016 1486 1075 noc
1532 1017 1939 1076 VOLUMINE
1982 1019 2484 1081 EXHIBENTUR
2528 1023 2699 1080 SIVE
2743 1022 3303 1081 MEMORANTUR.

707 1587 975 1709 Q

737 1873 947 1953 [sept]
1013 1839 1038 1936 ‚⁹
1080 1915 1098 1933 .
1146 1917 1166 1935 .
1214 1916 1231 1934 .
1282 1917 1299 1935 .
1347 1917 1365 1935 .

738 2551 1365 2630 [sept.]......

711 2843 955 2906 octobri.
1100 2842 1344 2921 Fogiae.

695 3038 958 3101 decemb.
1081 3032 1372 3119 [rogiae]

1578 1595 1968 1668 Fridericus
2000 1597 2109 1683 ΙΙ,
2158 1600 2612 1670 Romanorum
2644 1600 3035 1691 imperator,
3074 1599 3451 1671 Jerusalem

2201 1723 2265 1783 et
2308 1712 2588 1784 Siciliae
2634 1736 2765 1784 rem
2804 1740 2827 1782 .-

1428 1918 1445 1935 .
1476 1904 1560 1917 —
1597 1872 1903 1933 Ludovico
1919 1873 2285 1935 Francorum
2307 1879 2432 1953 regi
2451 1892 2560 1953 pro
2581 1876 2924 1937 liberatione
2940 1877 3337 1954 praelatorum
3356 1878 3550 1938 Fran-

1556 1970 1683 2029 ciae
1716 1970 2069 2047 supplicanti
2103 1973 2418 2048 respondet
2455 1990 2518 2033 se
2557 1974 2621 2032 in
2655 1980 2910 2050 angusto
2952 1975 3215 2034 detinere
3253 1974 3405 2035 velle
3445 1979 3550 2051 qui

1554 2063 1632 2125 ad
1660 2064 1887 2126 Cesaris
1917 2069 2218 2144 angustias
2243 2068 2608 2128 nitebantur.
2787 2094 2799 2104 ·
3327 2071 3474 2148 Pag.
3512 2081 3538 2132 1

1348 2209 1363 2227 .
1426 2210 1443 2227 .
1473 2194 1557 2207 —
1597 2162 1845 2224 Cuidam
1877 2163 2265 2225 Alemanniae
2300 2167 2551 2244 principi
2587 2167 2792 2228 scribit
2825 2182 3073 2226 monens
3106 2165 3267 2242 quod
3303 2182 3439 2226 cum
3472 2183 3548 2227 ex

1554 2260 1804 2321 adverso
1851 2261 2186 2322 turbatores
2225 2265 2388 2339 pacis
2433 2269 2493 2322 et
2540 2266 2767 2341 imperii
2807 2265 3256 2342 insurrexerint,
3305 2272 3548 2340 experta

1554 2357 1704 2418 fides
1728 2359 2064 2434 principum
2092 2374 2298 2419 eorum
2322 2359 2630 2420 conatibus
2656 2360 2885 2430 obviet,
2915 2362 3268 2438 nuntiatque
3301 2376 3365 2420 se
3404 2377 3547 2420 mox

1553 2454 1618 2513 in
1642 2452 2020 2513 Germaniam
2048 2469 2285 2530 gressus
2312 2469 2451 2514 suos
2480 2470 2922 2515 conversurum.
3510 2465 3541 2516 3

1426 2598 1441 2615 .
1473 2582 1555 2597 -
1592 2553 1821 2611 Marino
1836 2551 1910 2610 de
1923 2550 2114 2611 Ebulo
2127 2553 2348 2611 vicario
2367 2554 2594 2629 imperii
2617 2570 2652 2613 a
2670 2552 2852 2629 Papia
2878 2556 3146 2630 superius
3172 2559 3380 2613 notum
3406 2553 3549 2614 facit

1552 2649 1850 2726 quomodo
1877 2651 2128 2709 miratur
2154 2648 2316 2725 quod
2341 2665 2462 2709 non
2491 2649 2604 2708 sibi
2632 2648 3055 2727 significaverit
3080 2666 3359 2727 prospera
3389 2666 3546 2711 nova

1551 2744 1627 2806 de
1653 2745 1922 2822 partibus
1946 2746 1983 2805 J
1985 2762 2196 2808 anuae.
3424 2756 3540 2808 897

1473 2874 1553 2889 -
1590 2843 1874 2904 Bicbzam
1899 2843 2143 2903 viduam
2163 2844 2427 2903 Heinrici
2454 2845 2686 2903 comitis
2704 2842 2779 2904 de
2798 2842 3129 2921 Ortenberg
3155 2848 3215 2904 et
3239 2841 3397 2903 fllios
3418 2845 3546 2920 ejus

1551 2940 1664 3001 sub
1692 2956 1802 3001 sua
1830 2941 2069 3019 speciali
2097 2943 2455 3018 protectione
2482 2942 2710 3019 recipit.
3506 2950 3540 3002 6

1470 3069 1552 3081 —
1587 3037 1898 3097 Oidissono
1924 3037 2125 3097 abbati
2154 3036 2353 3097 Sancti
2382 3037 2706 3098 Salvatoris
2732 3038 2806 3097 de
2834 3038 3016 3098 Sexto
3034 3039 3399 3115 episcopatus
3420 3039 3544 3099 Lu-

1551 3136 1685 3194 cani
1712 3132 2026 3194 confirmat
2045 3135 2164 3194 duo
2192 3135 2498 3212 privilegia
2520 3134 2597 3194 ab
2624 3134 3075 3211 imperatoribus
3100 3135 3371 3196 Conrado
3397 3137 3456 3196 II
3481 3142 3543 3197 et

1549 3230 1808 3292 Henrico
1843 3231 1936 3290 111
1969 3232 2285 3293 Benedicto
2322 3233 2588 3309 ejusdem
2623 3236 2961 3294 monasterii
2997 3232 3199 3293 abbati
3239 3235 3541 3309 quondam

1548 3327 1801 3389 indulta.
3466 3340 3490 3390 ι
3507 3340 3531 3391 1

695 3428 940 3490 decemb
942 3466 1438 3490 ........
1471 3454 1551 3469 -
1590 3422 1970 3502 Privilegium
2000 3441 2036 3483 a
2074 3431 2243 3501 patre
2283 3442 2392 3486 suo
2427 3425 2683 3486 Henrico
2724 3433 2891 3486 sexto
2928 3427 3277 3504 imperatore
3314 3430 3543 3489 civitati

1547 3522 1820 3601 Eugubio
1852 3539 2199 3583 concessum
2228 3531 2474 3584 renovat
2501 3531 2561 3584 et
2588 3524 2919 3585 confirmat.
3467 3534 3538 3586 14

717 3629 796 3683 29
818 3620 945 3684 dec.
1008 3662 1438 3683 .......
1469 3650 1549 3665 -
1591 3621 1709 3680 Pro
1756 3621 1939 3698 gratis
1986 3622 2241 3680 servitiis
2286 3637 2437 3698 quac
2482 3622 2753 3682 homines
2799 3623 3071 3700 Tragurii
3087 3667 3103 3690 ,
3158 3623 3234 3684 de
3272 3623 3542 3700 partibus

1547 3717 1876 3777 Dalmatiae
1903 3718 2061 3777 ultra
2094 3734 2280 3790 mare,
2311 3717 2423 3777 sibi
2450 3718 2727 3778 exhibere
2753 3719 3133 3796 studuerunt,
3165 3722 3250 3780 eis
3271 3721 3542 3782 concedit

1548 3819 1619 3872 ut
1643 3813 1866 3890 ubique
1893 3831 1995 3893 per
2020 3830 2269 3891 regnum
2289 3814 2520 3874 Siciliae
2545 3815 2695 3874 salvi
2721 3821 2781 3874 et
2801 3817 2991 3875 securi
3015 3815 3289 3877 incedant
3313 3819 3373 3875 in
3400 3833 3537 3893 per-

1548 3910 1710 3968 sonis
1736 3915 1795 3968 et
1828 3907 2004 3968 rebus
2032 3924 2258 3968 corum.
3238 3964 3243 3967 .
3419 3919 3529 3971 901

756 4001 912 4086 [dec.
1005 4048 1437 4071 .......
1470 4035 1545 4049 ——
1586 4003 1806 4066 Scribit
1839 4006 2147 4081 capitaneo
2184 4005 2352 4081 regni
2378 4003 2452 4062 de
2480 4008 2668 4063 morte
2693 4005 3106 4081 imperatricis,
3140 4011 3209 4066 ut
3236 4009 3367 4082 ejus
3393 4023 3538 4068 exe·

692 4102 964 4178 exeunt.]
1548 4103 1724 4179 quias
1750 4119 1852 4178 per
1872 4101 2349 4178 jurisdictionem
2375 4117 2542 4160 suam
2572 4101 2753 4160 faciat
2778 4100 3083 4161 celebrari.
3462 4114 3534 4165 15

754 4194 905 4279 [dec.
1006 4239 1436 4259 .......
1467 4231 1551 4245 -
1587 4199 1958 4276 Encycllcam
1973 4200 2157 4257 mittit
2166 4199 2517 4275 justiciariis
2538 4200 2705 4276 regni
2733 4214 2910 4275 super
2936 4201 3241 4260 exactione
3256 4204 3535 4277 pecuniae

692 4294 974 4369 excunt.]
1545 4304 1606 4358 et
1630 4297 1872 4357 collecta
1899 4296 2273 4371 imponenda.
3460 4309 3533 4360 16

749 4387 906 4472 [dec.
1006 4430 1436 4454 .......
1465 4426 1548 4440 -
1586 4392 1802 4455 Scribit
1837 4391 2361 4452 communitatibus
2396 4392 2563 4470 regni
2601 4397 2669 4452 ut
2695 4390 2811 4453 sibi
2853 4391 3207 4453 subveniant
3252 4394 3328 4454 ad
3373 4396 3535 4456 solu·

691 4490 973 4565 exeunt.]
1544 4493 1769 4551 tionem
1796 4490 2128 4550 debitorum
2156 4491 2220 4549 in
2247 4489 2418 4549 celeri
2446 4489 2850 4550 recollectione
2874 4491 3181 4566 pecuniae.
3459 4503 3529 4554 17

741 4580 924 4666 [anno
1005 4627 1435 4649 .......
1463 4618 1546 4632 -
1579 4586 1828 4645 Benziao
1859 4584 2166 4663 (Boleslao)
2199 4585 2440 4645 silesiae
2465 4585 2603 4644 duci
2629 4586 2899 4646 rescribit
2923 4586 3084 4663 quod
3111 4593 3407 4664 gratanter
3433 4589 3533 4650 lit-

690 4681 958 4757 exeunt]
1542 4689 1698 4742 teras
1719 4685 1846 4758 ejus
1869 4683 2177 4758 acceperit,
2202 4686 2261 4740 et
2290 4682 2340 4740 si
2366 4696 2520 4757 quae
2547 4683 2610 4739 in
2630 4682 2877 4759 imperio
2895 4686 2954 4742 et
2974 4685 3171 4760 regnis
3195 4685 3320 4744 suis
3341 4684 3532 4745 eidem

1541 4784 1711 4856 grata
1737 4778 2063 4850 resideant,
2094 4778 2147 4837 ei
2175 4776 2425 4836 libenter
2450 4776 2648 4837 offert.
3411 4787 3529 4841 900
