4525 6031
808 638 1006 698 lantcr.
1039 639 1132 715 7.]
1701 636 2098 699 HISTORIA
2146 636 2743 701 DIPLOMATICA.
3499 634 3624 697 679

806 772 1045 868 populi
1073 782 1143 844 et
1169 779 1400 843 motus
1425 771 1644 842 multa
1678 770 2148 844 misericordia
2181 794 2394 868 super
2422 794 2580 845 eum
2599 826 2619 864 ,
2644 772 3039 845 insultantis
3052 771 3374 866 superbie
3389 771 3628 842 extol-

809 897 1087 968 lentiam
1119 894 1418 987 dejicere
1451 916 1534 967 ac
1569 895 1818 967 tiranni
1850 895 2140 967 furentis
2172 896 2375 968 ferire
2402 896 2626 968 voluit
2654 896 3022 968 feritatem.
3041 896 3269 981 Quare
3297 895 3366 964 in
3399 895 3627 988 ipsum

806 1020 921 1111 qui
960 1041 1117 1091 cum
1154 1018 1224 1089 in
1260 1019 1524 1091 honore
1557 1028 1741 1091 esset
1780 1019 2005 1091 noluit
2035 1018 2421 1112 intelligere
2452 1029 2534 1106 ut
2561 1020 2743 1092 bene
2761 1019 3180 1112 ageret,sed
3194 1018 3627 1112 iniquitatem

806 1144 1134 1216 continue
1171 1145 1514 1217 meditans
1545 1146 1785 1239 peJ'ora
1817 1166 2092 1239 semper
2122 1154 2450 1240 operatus
2465 1144 2723 1235 extitit,
2761 1145 3049 1237 dignum
3079 1154 3150 1216 et
3174 1144 3436 1234 justum
3472 1141 3625 1213 exi-

805 1268 1127 1359 gentibus
1180 1267 1670 1340 nichilominus
1714 1268 2162 1364 quammultis
2207 1268 2360 1340 aliis
2406 1267 2826 1360 gravissimis
2872 1268 3013 1340 suis
3054 1266 3276 1361 culpis
3315 1286 3489 1359 quas
3537 1265 3632 1338 ad

807 1411 1092 1485 presens
1102 1391 1372 1463 silentio
1385 1390 1864 1483 relinquimus,
1884 1400 1989 1462 est
1996 1390 2336 1482 judicium
2352 1391 2731 1483 jaculatum
2755 1417 2774 1481 3
2790 1390 2917 1463 sed
2932 1399 3118 1461 certe
3141 1388 3453 1460 nondum
3470 1388 3634 1463 licet

806 1514 1038 1586 forsan
1080 1514 1463 1605 tremuerit,
1494 1536 1536 1586 a
1564 1514 1765 1586 solita
1799 1514 2226 1607 malignitate
2253 1514 2547 1609 quievit,
2566 1515 2735 1610 quin
2756 1515 2984 1611 potius
3012 1523 3343 1608 tanquam
3378 1514 3447 1585 in
3469 1534 3629 1608 pro·

805 1637 1095 1710 fundum
1115 1639 1454 1709 malorum
1478 1637 1862 1728 demersus,
1883 1637 2262 1732 desperans
2279 1638 2573 1711 ulterius
2596 1650 2667 1711 et
2682 1648 3133 1712 contemnens
3152 1638 3222 1709 in
3238 1645 3631 1709 extremum

806 1762 1239 1857 precipitium
1263 1762 1762 1834 committendo
1788 1763 2212 1834 incessanter
2234 1762 2580 1835 deteriora
2608 1762 2949 1857 prioribus
2980 1772 3160 1834 totus
3185 1760 3354 1831 abit.
3375 1761 3633 1831 Verum

805 1884 968 1976 quia
1001 1885 1448 1980 principalius
1469 1886 1563 1958 ad
1589 1907 1718 1956 nos
1746 1894 2016 1979 spectat
2046 1886 2135 1958 de
2168 1886 2417 1980 prefati
2451 1886 2885 1980 reparatione
2915 1884 3108 1975 regni
3137 1882 3425 1955 sollicite
3453 1883 3634 1974 cogi·

811 2016 985 2099 tare,
1004 2030 1161 2079 cum
1196 2020 1460 2101 quanto
1492 2010 1860 2104 specialius
1887 2009 1981 2081 ad
2012 2010 2481 2105 Apostolicam
2508 2010 2758 2082 Sedem
2793 2009 3096 2104 pertinet
3121 2029 3204 2079 ac
3231 2007 3363 2080 sibi
3399 2007 3638 2079 existit

807 2132 1125 2227 vicinius,
1167 2143 1358 2205 tanto
1391 2133 1606 2228 ipsius
1641 2132 1981 2228 profectui
2021 2144 2093 2205 et
2140 2134 2347 2206 saluti
2378 2133 2816 2207 affectuosius
2847 2132 3208 2205 intendere
3245 2108 3631 2222 teneamur,

809 2267 1097 2351 pensato
1136 2266 1401 2329 attente
1445 2257 1638 2353 quod
1681 2257 1812 2328 nisi
1847 2258 2182 2348 Ecclesia,
2221 2279 2379 2330 cum
2411 2256 2500 2329 sit
2534 2268 2785 2346 mater,
2827 2257 3035 2351 plena
3062 2276 3188 2328 sua
3220 2255 3536 2328 libertate
3565 2262 3639 2327 et

808 2381 1215 2453 auctoritate
1248 2382 1318 2452 in
1354 2403 1572 2474 regno
1594 2385 1745 2477 ipso
1771 2380 2100 2474 gaudeat,
2139 2380 2231 2455 ad
2258 2391 2566 2475 optatam
2601 2381 2775 2453 illud
2806 2380 3092 2452 letitiam
3121 2400 3481 2472 resurgere
3509 2378 3637 2452 vix

808 2504 1095 2596 valebit,
1122 2516 1194 2577 et
1212 2505 1268 2577 si
1286 2506 1592 2600 perfecte
1611 2505 1760 2600 ipsa
1780 2514 2286 2577 restauraretur
2303 2504 2589 2596 ibidem,
2623 2504 2807 2575 illius
2834 2503 3233 2576 reformatio
3266 2503 3532 2575 facilius
3565 2512 3638 2575 et

808 2629 1104 2700 celerius
1149 2630 1637 2722 subsequetur,
1674 2628 2108 2724 providimus
2147 2628 2295 2701 fore
2323 2629 2510 2699 clero
2544 2637 2615 2698 et
2650 2626 2960 2698 ecclesiis
2987 2625 3298 2719 ejusdem
3336 2626 3534 2718 regni
3556 2635 3638 2698 ut

809 2753 899 2825 ad
927 2754 1191 2825 bonum
1225 2763 1297 2824 et
1325 2753 1619 2825 liberum
1648 2762 1902 2825 statum
1942 2752 2258 2843 adjutore
2290 2750 2589 2823 Domino
2620 2750 3069 2841 reducantur,
3090 2750 3226 2823 cito
3245 2759 3317 2822 et
3337 2750 3635 2823 efficaci-

812 2887 917 2949 ter
947 2877 1517 2968 succurrendum3
1541 2877 1899 2971 presertim
1917 2876 2081 2970 quia
2099 2884 2332 2948 nostra
2361 2873 2695 2947 interesse
2716 2874 3096 2946 dinoscitur
3117 2874 3207 2947 de
3221 2895 3438 2966 regno
3452 2873 3631 2968 ipso,

808 3025 965 3080 cum
995 3002 1084 3075 sit
1115 3002 1413 3098 speciale
1446 3002 1630 3076 sedis
1661 3002 1975 3096 ejusdem
2010 3011 2081 3074 et
2113 3024 2277 3095 rege
2312 3022 2501 3073 nunc
2527 3009 2785 3091 careat,
2822 3008 3206 3072 memorato
3237 3000 3311 3072 F.
3353 3007 3636 3071 senten-

814 3127 1063 3198 tialiter
1087 3127 1207 3198 illo
1238 3128 1536 3223 privato,
1576 3128 1792 3198 libere
1827 3125 2177 3198 ordinare.
2214 3126 2391 3198 Hinc
2421 3136 2527 3197 est
2559 3125 2748 3218 quod
2781 3147 2909 3197 nos
2940 3124 3029 3196 de
3047 3124 3338 3195 fratrum
3364 3133 3640 3196 nostro-

812 3272 964 3321 rum
985 3251 1273 3323 consilio
1307 3250 1806 3323 deliberatione
1857 3249 2218 3344 prehabita
2258 3249 2611 3342 diligenti,
2661 3247 3189 3321 constitutiones
3229 3269 3472 3319 omnes
3512 3267 3639 3319 seu

813 3383 1094 3465 statuta,
1119 3374 1617 3463 ordinationeS,
1649 3373 2161 3466 dispositiones,
2183 3373 2534 3464 jussiones
2548 3372 2954 3444 etuniversa
2976 3371 3134 3444 talia
3160 3371 3232 3442 in
3252 3371 3641 3464 derogatio-

812 3519 973 3569 nem
1014 3498 1126 3569 vel
1178 3497 1634 3591 prejudicium
1667 3496 2027 3586 libertatis,
2062 3495 2540 3585 immunitatis,
2571 3496 3002 3568 auctoritatis
3051 3505 3122 3567 et
3141 3495 3642 3587 jurisdictionis

812 3620 1273 3692 ecclesiastice
1305 3631 1426 3693 aut
1458 3641 2056 3714 quorumcumque
2079 3619 2346 3712 jurium
2379 3619 3000 3692 ecclesiasticorum
3045 3640 3087 3691 a
3124 3620 3441 3714 predicto
3474 3622 3638 3692 Fre·

814 3744 1047 3817 derico
1080 3753 1243 3816 ante
1275 3746 1386 3815 vel
1419 3754 1579 3839 post
1609 3743 2114 3838 depositionem
2144 3743 2361 3837 ipsius
2392 3744 2648 3835 edicta,
2689 3764 2965 3816 necnon
2998 3753 3069 3814 et
3096 3744 3441 3836 quaslibet
3470 3764 3637 3815 con·

812 3868 1216 3940 suetudines
1260 3878 1501 3940 contra
1544 3868 1673 3939 hec
1706 3868 1778 3937 in
1820 3867 2068 3939 eodem
2112 3887 2330 3957 regno
2371 3866 2463 3938 ab
2503 3866 2656 3962 ipso
2693 3869 2804 3938 vel
2850 3867 2993 3938 suis
3034 3866 3639 3962 predecessoribus

813 3993 1039 4064 Sicilie
1074 3992 1353 4084 regibus
1389 3991 1817 4063 introductas
1845 3990 2071 4062 irritas
2100 3990 2388 4062 omnino
2420 4001 2492 4063 et
2520 4010 2778 4061 vacuas
2809 3989 3264 4063 decernentes
3284 4044 3304 4082 ,
3350 3990 3639 4081 singulis

814 4117 1029 4213 ipsius
1070 4118 1264 4210 regni
1296 4116 1604 4190 ecclesiis
1642 4126 1782 4189 tam
1823 4115 2250 4188 secularibus
2287 4136 2493 4207 quam
2528 4113 2990 4205 regularibus,
3024 4112 3538 4185 cathedralibus
3566 4120 3639 4183 et

812 4242 964 4314 aliis
1001 4263 1273 4314 necnon
1312 4253 1383 4313 et
1418 4241 1740 4314 domibus
1768 4240 2104 4331 religiosis
2136 4239 2480 4325 civitates,
2518 4245 2770 4327 castra,
2810 4237 3037 4324 villaS,
3081 4245 3322 4324 terraS,
3361 4236 3633 4331 predia,

814 4367 1311 4460 possessiones„
1333 4364 1677 4456 homines,
1701 4366 2066 4453 vassallos,
2093 4362 2413 4435 affidatos
2437 4371 2507 4435 et
2523 4370 2758 4433 cetera
2780 4362 2964 4433 bona
2985 4372 3056 4433 et
3065 4362 3226 4453 jura
3243 4361 3496 4454 quibus
3518 4382 3638 4435 eas

811 4489 997 4559 idem
1026 4489 1430 4562 Fredericus
1458 4489 1570 4561 vel
1601 4510 1727 4583 per
1753 4486 2231 4583 inquisitiones
2261 4495 2385 4558 aut
2408 4484 2888 4558 concessiones
2915 4507 3038 4558 seu
3063 4485 3498 4558 venditiones
3522 4486 3635 4558 vel

810 4613 1215 4685 concambia
1247 4612 1392 4685 sive
1429 4634 1870 4707 quocumque
1899 4612 2036 4685 alio
2064 4611 2275 4684 modo
2300 4609 2644 4701 destituit,
2676 4606 2995 4705 plenarie'
3010 4609 3433 4681 restituimus
3458 4609 3636 4681 inte·‘

811 4756 934 4827 gre
960 4736 1052 4808 ab
1085 4736 1249 4832 ipsis
1267 4759 1423 4809 cum
1458 4737 1782 4811 omnibus
1798 4736 2234 4832 pertinentiis
2262 4745 2333 4807 et
2351 4735 2626 4828 juribus
2646 4733 2790 4807 suis
2812 4733 2902 4807 de
2921 4742 3154 4808 cetero
3176 4732 3591 4828 possidenda
3611 4758 3634 4825 3
