4525 6031
684 601 887 661 [noim.
920 598 1013 677 6.]
1591 599 1987 662 HISTORIA
2038 599 2631 662 mPLOMATch.
3124 652 3127 655 ,
3397 602 3520 664 597

684 731 894 802 iidem
947 731 1308 805 Mantuani
1352 741 1424 803 et
1476 732 1950 806 Ferrarienses
2007 733 2326 808 infideles
2374 734 2594 806 nostri
2647 756 2774 829 per
2819 737 3099 808 alveum
3144 734 3312 807 Padi
3357 757 3518 807 cum

670 856 1128 928 ‘multitudine
1182 855 1469 928 navium
1522 855 2016 952 discurrerent,
2056 869 2128 931 et
2169 858 2658 931 Parmensibus
2711 859 3177 952 proditoribus
3224 860 3511 951 nostris,

680 1001 885 1072 quoS,
918 980 1255 1075 impedito
1291 979 1392 1051 eis
1422 1001 1549 1073 per
1580 980 1971 1076 predictum
2003 993 2292 1077 pontem
2323 981 2556 1053 navali
2587 981 2925 1071 subsidio,
2945 983 3092 1073 jam
3119 983 3263 1052 fere
3290 982 3520 1073 adjec-

684 1102 872 1173 tione
899 1124 1037 1175 non
1073 1103 1347 1175 modica
1375 1125 1609 1174 rerum
1637 1105 2186 1177 necessariarum
2218 1103 2602 1195 indigentia
2635 1104 3055 1193 cohartarat,
3092 1104 3419 1175 victualia
3448 1113 3519 1175 et

681 1225 818 1298 alia
850 1226 1241 1299 necessaria
1271 1226 1621 1321 copiosius
1654 1228 2162 1318 ministrarent;
2193 1228 2634 1300 considerato
2678 1226 2869 1319 quod
2907 1227 3039 1297 nisi
3083 1239 3403 1321 reparato
3447 1236 3520 1298 et

682 1350 861 1421 bene
902 1349 1174 1422 munito
1218 1359 1458 1443 ponte,
1496 1351 1683 1423 viam
1719 1373 1847 1446 per
1885 1352 2148 1424 Padum
2194 1352 2518 1423 omnibus
2554 1350 2779 1423 modis
2813 1351 3112 1421 navibus
3154 1351 3516 1423 claudere-

684 1494 1010 1565 muS,nos
1037 1473 1110 1543 in
1140 1473 1503 1546 obsidione
1522 1475 1765 1545 Parme
1794 1496 2062 1546 moram
2090 1474 2427 1545 inutiliter
2456 1473 2914 1564 traheremuS,
2933 1483 3221 1567 pontem
3249 1473 3322 1544 in
3344 1493 3519 1565 qua-

683 1596 842 1666 dam
872 1595 1192 1667 strictura
1222 1596 1418 1688 Padi,
1455 1598 1673 1692 captis
1707 1598 1899 1692 prius
1929 1620 2140 1693 super
2160 1598 2427 1670 Padum
2454 1620 2581 1693 per
2606 1599 3045 1670 Ravennates
3074 1608 3145 1668 et
3170 1596 3516 1669 Mutinen-

682 1740 793 1790 ses
825 1717 1068 1792 fideles
1100 1731 1377 1794 nostros
1407 1722 1683 1793 circiter
1715 1732 1996 1793 centum
2043 1721 2350 1794 hostium
2392 1732 2784 1793 nostrorum
2824 1720 3146 1810 navibuS,
3183 1742 3323 1791 una
3355 1741 3516 1790 cum

683 1842 1115 1936 hominibuS,
1164 1846 1412 1936 armis,
1463 1846 1916 1937 victualibuS,
1972 1857 2042 1918 et
2096 1846 2424 1918 omnibus
2474 1846 2818 1918 contentis
2866 1846 2937 1915 in
2993 1845 3128 1935 εἰς,
3173 1867 3316 1916 non
3367 1844 3517 1915 sine

683 1967 952 2059 magnis
979 1964 1336 2040 laboribus
1361 1980 1432 2040 et
1459 1971 1786 2066 expensis
1822 1971 2109 2043 fecimus
2143 1971 2489 2042 fabricari.
2532 1971 2747 2041 Ponte
2787 1991 3067 2062 quoque
3104 1969 3255 2063 ipso
3298 1970 3518 2039 fossa·

687 2090 770 2163 tis
811 2102 882 2162 et
921 2093 1464 2188 propugnaculis
1514 2115 1597 2165 ac
1644 2094 1944 2165 strenuis
2006 2094 2529 2166 defensionibus
2592 2094 3055 2186 omnibusque
3112 2092 3519 2164 necessariis

684 2215 782 2287 sic
809 2217 1104 2305 munito,
1139 2218 1332 2310 quod
1360 2218 1555 2289 nullo
1586 2228 1856 2312 poterat
1885 2217 2189 2289 hostium
2218 2218 2501 2312 ingenio
2530 2220 2645 2290 vel
2672 2217 2937 2291 viribus
2968 2216 3320 2311 occupari,
3351 2217 3517 2288 Par-

683 2361 956 2412 menses
988 2340 1308 2412 videntes
1337 2363 1463 2436 per
1489 2343 1915 2436 completum
1945 2352 2234 2436 pontem
2269 2343 2671 2437 optimeque
2699 2342 3071 2432 munitum,
3095 2340 3225 2412 sibi
3250 2340 3519 2412 navalis

683 2463 972 2534 subsidii
1023 2464 1094 2534 in
1150 2486 1290 2557 quo
1339 2464 1899 2537 defendebantur
1962 2465 2269 2536 maxime
2327 2487 2525 2561 spem
2570 2465 2997 2558 ademptam,
3036 2462 3342 2555 quadam
3404 2462 3516 2535 die

685 2595 1015 2679 tanquam
1046 2586 1137 2658 de
1165 2588 1308 2660 vita
1343 2586 1719 2685 desperati,
1758 2588 1831 2658 in
1867 2587 2258 2659 animorum
2286 2588 2552 2659 rabiem
2580 2587 2991 2676 incidentes,
3018 2588 3380 2677 elegerunt
3405 2585 3519 2657 vel

680 2731 809 2804 per
845 2731 1153 2804 pugnam
1194 2711 1686 2801 succumbere,
1730 2712 1843 2784 vel
1885 2713 2166 2783 favente
2207 2711 2310 2782 eis
2349 2710 2771 2807 prosperiori
2813 2712 3090 2781 fortuna
3133 2708 3220 2780 de
3264 2709 3519 2781 nostris

682 2836 1004 2907 manibus
1035 2834 1470 2907 liberari.Ad
1493 2836 1889 2907 instantiam
1903 2832 2001 2931 (a)
2032 2835 2475 2928 quorundam
2499 2833 2999 2924 Parmensium,
3014 2833 3135 2926 qui
3152 2832 3516 2903 nobiscum

683 2961 984 3033 Victorie
1013 2960 1086 3031 in
1114 2959 1347 3055 specie
1376 2958 1688 3031 fidelium
1719 2958 2099 3056 proditorie
2128 2958 2607 3049 morabantur,
2642 2957 2732 3030 de
2766 2958 3012 3030 Parma
3044 2955 3158 3029 die
3165 3008 3510 3028 .....

689 3137 1199 3158 .......
1260 3095 1399 3157 tam
1433 3085 1687 3156 milites
1715 3106 1924 3176 quam
1958 3085 2335 3180 populares
2366 3083 2829 3156 communiter
2861 3091 3201 3154 exeuntes
3232 3080 3326 3151 ad
3356 3080 3518 3152 Vic-

688 3207 961 3298 toriam,
998 3230 1128 3303 per
1158 3208 1492 3279 insultum
1524 3208 1707 3280 circa
1741 3206 1986 3279 horam
2022 3207 2296 3278 tertiam
2330 3207 2560 3278 locum
2591 3206 2821 3300 ipsum
2856 3207 3140 3276 fuerunt
3168 3204 3512 3297 aggressi,

685 3342 756 3401 et
780 3342 1157 3425 antequam
1185 3333 1388 3404 nobis
1418 3353 1501 3403 ao
1533 3330 1856 3404 fidelibus
1881 3332 2138 3405 nostris
2162 3330 2563 3424 hujusmodi
2588 3330 3001 3425 proditionis
3029 3329 3287 3421 ignaris
3324 3329 3521 3400 dare—

688 3466 799 3526 tur
827 3455 919 3528 ad
953 3477 1148 3528 arma
1188 3457 1501 3551 spacium
1539 3455 1915 3546 redeundi,
1951 3465 2172 3528 totum
2214 3455 2447 3527 locum
2484 3456 2712 3549 ipsum
2759 3454 2950 3547 globi
2985 3454 3171 3546 ignei
3205 3453 3515 3546 undique

686 3591 1139 3676 occuparunt,
1163 3580 1582 3673 quibusdam
1611 3581 1822 3653 rebus
1853 3590 1924 3652 et
1951 3580 2406 3673 vectigalibus
2433 3580 2688 3651 nostris
2710 3579 2889 3651 datis
2916 3579 2989 3649 in
3016 3578 3337 3651 manibus
3359 3577 3520 3649 hos-

690 3704 858 3775 tium
885 3704 959 3775 in
1000 3704 1456 3800 direptionem
1501 3715 1573 3776 et
1602 3705 1920 3800 predam.
1948 3706 2025 3775 In
2054 3726 2354 3799 persona
2384 3727 2554 3776 vero
2589 3714 2863 3794 nostra,
2897 3703 3344 3798 pergratiam
3377 3704 3515 3774 Re·

686 3828 1067 3922 demptoris
1099 3829 1345 3919 nostri,
1385 3850 1545 3900 cum
1577 3829 1812 3900 multis
1838 3827 2162 3902 fidelibus
2194 3829 2448 3900 nostris
2481 3829 2655 3899 salvi
2687 3827 3060 3915 evasimus,
3098 3826 3516 3919 quibusdam

691 3952 1112 4048 pauperibus
1152 3963 1223 4024 et
1257 3952 1528 4024 levibus
1563 3952 1906 4048 personis,
1947 3975 2122 4047 quas
2161 3953 2324 4043 fuge
2356 3951 2737 4046 presidium
2770 3951 3039 4023 salvare
3072 3970 3211 4020 non
3248 3948 3509 4043 potuit,

683 4075 753 4146 in
792 4076 1191 4170 captivitate
1225 4075 1540 4148 deductis
1571 4088 1694 4149 aut
1726 4098 1853 4173 per
1883 4098 2132 4150 manus
2172 4075 2477 4150 hostium
2519 4074 2876 4147 trucidatis
2919 4123 3506 4145 ........

784 4198 1100 4297 (Caetera
1128 4197 1444 4298 desunt.)
3045 4209 3052 4216 ’

766 4462 848 4542 (a)
893 4462 966 4522 In
994 4462 1297 4524 codlcibus
1325 4461 1409 4523 ad
1429 4463 1800 4524 instructum.

844 4816 948 4878 VI.
991 4830 1169 4877 Par-2.
1274 4843 1277 4844 ⁷
3118 4822 3194 4875 76
