4525 6031
1044 612 1169 674 620
2050 615 2477 677 Fntnssmct
2528 614 2876 677 sEctmnl
3488 614 3655 693 [Anu.
3689 615 3866 677 1248.

1046 745 1268 826 nachi
1312 745 1784 827 Cassinensis
1820 746 1900 825 in
1937 747 2326 854 publicam
2357 746 2686 829 formam
2729 744 2972 855 redigi
3016 735 3306 828 faciunt
3352 747 3643 829 litteras
3680 747 3865 830 Ste-

1044 877 1278 984 phani
1315 877 1646 985 Jaquinti
1686 880 1783 960 de
1816 878 2046 985 Baro,
2087 879 2435 989 magistri
2473 878 2871 960 camerarii
2909 887 3153 960 terrae
3187 878 3542 987 Ydrunti,
3583 880 3866 989 quibus

1040 1010 1304 1118 vigore
1352 1011 1693 1090 mandati
1756 1010 2173 1118 imperialis
2215 1011 2438 1119 cujus
2496 1022 2711 1093 tenor
2759 1008 3149 1113 inseritur,
3190 1021 3265 1092 et
3310 1023 3480 1119 post
3532 1012 3867 1121 inquisi-

1042 1142 1326 1223 tionem
1397 1140 1717 1243 factam,
1800 1144 2117 1225 mandat
2183 1143 2503 1225 Iohanni
2568 1141 2805 1250 judici
2864 1142 2959 1224 de
3035 1142 3322 1247 Cretio,
3389 1145 3862 1251 procuratori

1038 1271 1293 1354 curiae
1329 1273 1405 1353 in
1446 1274 1812 1379 Tarento,
1853 1285 1940 1355 ut
1991 1301 2036 1355 a
2081 1275 2613 1383 procuratione
2649 1272 3005 1356 ecclesiae
3056 1275 3308 1356 Sancti
3359 1273 3556 1357 Petri
3610 1275 3864 1384 impe-

1037 1404 1247 1486 rialis
1276 1407 1370 1487 de
1391 1406 1714 1488 Tarento
1754 1408 1849 1488 ad
1894 1433 2240 1489 mensam
2262 1405 2839 1490 conventualem
2869 1406 3394 1489 Cassinensem
3419 1408 3860 1515 pertinentis

1036 1538 1132 1622 de
1178 1550 1472 1620 caetero
1518 1538 1859 1621 desistat.

1198 1726 1445 1804 (laedit.
1476 1745 1553 1786 ex
1580 1728 1824 1790 archivo
1854 1734 2112 1788 monast.
2144 1726 2402 1803 Cassia„
2450 1725 2591 1787 Cod.
2618 1723 2886 1806 diplom„
2919 1735 2967 1788 t.
3002 1728 3080 1805 V,
3110 1727 3298 1787 chart.
3328 1726 3391 1788 S.
3424 1728 3586 1787 Petr.
3614 1730 3852 1805 impet-‚3

1272 1850 1629 1911 pergamena
1657 1851 1793 1893 vero
1817 1850 2027 1911 parum
2053 1840 2313 1893 correcte
2338 1836 2690 1918 transcripta
2711 1836 2945 1894 videtur
2969 1840 3030 1893 ct
3055 1836 3116 1893 in
3146 1832 3501 1911 quibusdam
3528 1833 3670 1894 locis
3695 1852 3858 1895 erosa

1272 1937 1410 2015 cst.)

1124 2098 1249 2168 Die
1286 2098 1635 2170 dominico
1670 2101 2049 2207 penultimo
2080 2101 2337 2171 mensis
2367 2101 2669 2193 augusti,
2709 2109 2907 2170 sexte
2943 2098 3365 2188 indictionis,
3407 2120 3536 2171 nos
3565 2100 3852 2172 Guillel·

1029 2243 1185 2292 mus
1217 2221 1306 2293 de
1344 2223 1599 2294 Parisio
1633 2234 1703 2293 et
1736 2223 2254 2295 Bartholomeus
2283 2223 2371 2295 de
2402 2224 2774 2315 Turgusio,
2796 2223 3191 2317 imperiales
3221 2223 3496 2314 judices
3535 2234 3850 2295 contrac-

1030 2353 1223 2416 tuum
1254 2346 1324 2415 in
1354 2347 1673 2437 Tarento,
1706 2348 2007 2442 presenti
2035 2348 2292 2442 scripto
2321 2350 2619 2418 fatemur
2637 2347 2828 2441 quod
2849 2348 3061 2418 frater
3074 2348 3446 2439 Gregorius
3464 2348 3851 2420 Casinensis

1026 2468 1406 2541 monachus
1436 2479 1507 2540 et
1532 2471 1722 2564 prior
1752 2472 2041 2542 ecclesie
2074 2473 2308 2543 Sancti
2338 2472 2519 2542 Petri
2558 2471 2646 2542 de
2679 2472 2977 2542 Tarento
3008 2471 3311 2542 ostendit
3350 2472 3553 2542 nobis
3591 2471 3853 2543 litteras

1026 2592 1262 2664 domni
1318 2594 1652 2688 Stephani
1702 2595 2004 2687 Jaquinti
2056 2594 2145 2665 de
2205 2596 2384 2666 Baro
2447 2594 2824 2688 imperialis
2887 2594 3196 2685 magistri
3257 2594 3614 2665 camerarii
3665 2606 3846 2667 terre

1026 2718 1363 2806 Ydrunti,
1430 2719 1860 2789 transmissas
1896 2718 2113 2810 judici
2157 2717 2458 2788 Johanni
2501 2718 2589 2788 de
2630 2717 2866 2808 judice
2913 2717 3091 2789 Creti
3137 2718 3568 2812 procuratori
3615 2739 3846 2790 rerum

1026 2842 1217 2912 curie
1245 2842 1317 2912 in
1344 2843 1681 2930 Tarent03
1714 2863 2010 2933 quarum
2050 2841 2479 2911 continentia
2514 2841 2669 2911 talis
2697 2850 2803 2911 est
2846 2864 2864 2907 ε

1122 2964 1451 3036 Prudenti
1500 2965 1651 3036 viro
1703 2962 1999 3036 Iohanni
2033 2963 2253 3056 judici
2301 2963 2390 3036 de
2430 2964 2654 3036 Cretio
2708 2965 3138 3058 procuratori
3182 2965 3372 3036 curie
3416 2965 3506 3037 de
3547 2966 3844 3038 Tarento

1020 3091 1246 3161 amico
1275 3111 1428 3178 su0,
1462 3088 1847 3182 Stephicius
1877 3087 2029 3184 (sic)
2062 3089 2391 3181 Jaquintii
2441 3089 2530 3161 de
2575 3091 2791 3179 Baro,
2829 3090 3159 3181 magister
3198 3091 3620 3161 camerarius
3664 3098 3844 3162 terre

1023 3213 1350 3302 Ydrunti,
1370 3212 1662 3282 salutem
1694 3221 1766 3282 et
1795 3233 2104 3283 amorem
2132 3213 2506 3284 sincerum.
2531 3212 2942 3306 Recepimus
2975 3233 3207 3284 sacras
3236 3214 3630 3307 imperiales
3657 3213 3843 3285 litte·

1022 3357 1136 3406 ras
1162 3336 1234 3405 in
1264 3334 1449 3405 bunc
1476 3335 1762 3405 modum
1801 3359 1949 3403 :-
1984 3335 2406 3425 FridericuS,
2442 3336 2569 3406 Dei
2600 3337 2858 3426 gratia,
2901 3347 3072 3424 etc.‚
3103 3337 3430 3428 magistro
3462 3338 3840 3408 camerario

1022 3470 1202 3530 terre
1229 3458 1557 3547 Ydrunti,
1582 3469 1715 3528 etc.
1754 3459 2182 3530 Venerabilis
2204 3469 2590 3530 conventus
2615 3459 3011 3530 monasterii
3036 3459 3421 3531 Casinensis
3444 3470 3835 3532 nostrorum

1016 3580 1327 3654 fidelium
1365 3583 1760 3654 transmissa
1792 3582 2075 3654 culmini
2107 3592 2346 3654 nostro
2376 3583 2616 3677 petitio
2650 3583 3052 3654 continebat
3083 3583 3276 3675 quod
3306 3604 3466 3654 cum
3499 3584 3632 3678 ipsi
3665 3605 3841 3655 sem-

1017 3727 1143 3800 per
1178 3706 1549 3778 habuerint
1580 3717 1650 3777 et
1686 3706 1944 3778 babere
1972 3707 2462 3778 consueverint
2488 3729 2582 3778 ex
2608 3707 2898 3800 antiquo
2930 3707 3271 3799 quasdam
3305 3707 3738 3779 obedIentias
3770 3718 3839 3777 et

1014 3829 1261 3901 domus
1291 3853 1415 3925 pro
1450 3830 1859 3900 utilitatibus
1891 3839 2278 3901 conventus
2308 3831 2619 3921 ejusdem
2651 3830 2909 3901 divisas
2930 3850 2972 3900 a
2993 3830 3447 3924 proventibus
3474 3840 3547 3901 et
3563 3831 3836 3922 juribus

1010 3954 1481 4047 spectantibus
1513 3954 1604 4024 ad
1636 3955 1986 4040 abbatem,
2011 3954 2084 4023 in
2119 3953 2373 4046 quibus
2403 3954 2691 4025 abbates
2721 3954 2840 4046 qui
2874 3976 3000 4048 pro
3037 3964 3346 4048 tempore
3387 3954 3517 4047 ipsi
3552 3975 3831 4025 monas·

1013 4078 1185 4148 terio
1220 4078 1625 4172 prefuerunt
1655 4097 2012 4169 nunquam
2044 4076 2440 4146 habuerunt
2469 4076 2903 4168 questionem
2932 4097 3092 4146 cum
3125 4077 3251 4165 eiS,
3284 4075 3612 4148 videlicet
3639 4073 3830 4146 infir-

1009 4201 1341 4290 marium,
1379 4201 1816 4289 vestiarium,
1865 4200 2340 4288 cellararium,
2381 4199 2774 4287 sacristam,
2828 4200 3321 4289 camerarium,
3370 4198 3710 4294 hospitale
3763 4209 3835 4270 et

1006 4323 1344 4415 quasdam
1375 4346 1485 4394 res
1511 4322 1681 4393 alias
1708 4322 1800 4393 ad
1828 4346 1992 4395 usus
2024 4322 2238 4417 ipsius
2262 4333 2647 4394 conventus
2670 4322 3060 4415 specialiter
3074 4321 3410 4394 hactenus
3431 4322 3824 4416 deputatas,

1006 4457 1077 4517 et
1102 4447 1175 4517 in
1209 4446 1620 4519 obedientiis
1647 4446 1814 4540 ipsis
1840 4456 1911 4517 et
1937 4446 2145 4518 rebus
2167 4463 2444 4539 semper
2464 4446 2872 4539 prefuerunt
2892 4444 3213 4516 monachi
3235 4455 3622 4518 conventus
3649 4448 3832 4538 ejus-

1004 4570 1166 4641 dem
1221 4592 1348 4664 pro
1387 4571 1748 4641 voluntate
1802 4590 1964 4659 sua,
2011 4578 2121 4659 tu,
2167 4577 2444 4640 mortuo
2491 4566 2847 4661 Stephano
2899 4566 3254 4660 quondam
3307 4568 3561 4639 abbate
3614 4568 3829 4662 ipsius

1001 4693 1581 4787 monasterii,quo
1601 4692 2018 4763 monasterio
2044 4692 2195 4786 ipso
2219 4700 2513 4764 vacante
2545 4689 2755 4782 hujus
2780 4691 2967 4763 bona
2991 4711 3121 4785 pro
3148 4698 3345 4786 parte
3372 4691 3563 4763 curie
3590 4699 3827 4765 nostre
