4525 6031
713 1303 743 1343 e
760 1279 877 1355 sumt

1026 631 1148 693 '144
2022 632 2449 697 summum
2496 633 2847 698 SECUNDI
3467 633 3633 713 [An.
3668 633 3847 698 1249.

1141 1248 1571 1332 Gualterius
1614 1250 1711 1331 de
1759 1249 2056 1358 Capua,
2105 1258 2446 1359 receptor
2505 1248 2918 1359 imperialis
2974 1251 3055 1330 in
3103 1248 3415 1355 Tuscia,
3461 1249 3559 1331 de
3606 1274 3847 1330 man-

1031 1379 1213 1462 dato
1236 1379 1593 1464 Friderici
1620 1381 1716 1463 de
1734 1381 2129 1465 Antiochia
2155 1382 2557 1466 confitetur
2582 1382 2952 1490 recepisse
2984 1408 3029 1463 a
3057 1381 3473 1464 camerario
3502 1407 3850 1465 commu-

1028 1511 1150 1594 nis
1195 1514 1548 1598 Senensis
1593 1513 1834 1596 CCCL
1872 1513 2110 1595 libras
2152 1514 2639 1598 denariorum
2678 1541 2819 1624 pro
2852 1514 3370 1597 aestimatione
3405 1513 3598 1596 LXX
3634 1540 3849 1595 mar-

1030 1673 1296 1732 carum
1333 1646 1625 1756 argenti
1664 1673 1859 1755 quas
1894 1646 2187 1728 dictum
2211 1673 2619 1730 commune
2654 1646 2944 1730 solvere
2979 1655 3276 1728 tenetur
3311 1646 3733 1730 annuatim.

1193 1940 1441 2019 (Inedit.
1462 1956 1559 2017 ap.
1589 1939 1817 2002 archiv.
1848 1956 2066 2001 comm.
2095 1939 2368 2019 senens„
2395 1955 2690 2019 pergam„
2713 1945 2758 2001 t.
2791 1940 2869 2016 V,
2893 1949 2963 1999 n⁰
2988 1937 3157 2018 438.)

1124 2201 1329 2273 Anno
1359 2200 1636 2273 Domini
1666 2201 2033 2272 millesimo
2063 2199 2490 2291 CCXLVIIII,
2527 2199 2902 2272 indictione
2933 2200 3093 2287 VH,
3131 2198 3246 2271 die
3295 2200 3354 2271 11
3394 2220 3618 2271 nonas
3650 2201 3839 2292 julii.

1026 2327 1174 2416 Ego
1210 2325 1537 2417 magister
1562 2324 1952 2396 Gualterius
1983 2322 2073 2395 de
2102 2324 2362 2418 Capua,
2393 2334 2711 2417 receptor
2738 2333 2808 2395 et
2840 2332 3262 2418 expensator
3295 2323 3591 2419 pecunie
3625 2322 3846 2418 impe-

1025 2448 1213 2519 rialis
1260 2447 1329 2518 in
1368 2447 1649 2534 Tuscia,
1693 2468 1736 2518 a
1771 2446 1972 2519 vobis
2009 2446 2294 2519 domino
2328 2447 2722 2518 Incontrato
2766 2445 3070 2518 Tolomei
3115 2446 3495 2517 camerario
3533 2447 3849 2518 comunis

1027 2571 1352 2643 Senensis
1401 2570 1698 2642 solventi
1740 2571 2021 2643 nomine
2063 2578 2136 2642 et
2182 2570 2334 2641 vice
2376 2569 2593 2663 ipsius
2630 2569 2945 2640 comunis
2969 2621 2989 2659 ,
3026 2568 3358 2663 parabola
3397 2578 3469 2640 et
3502 2591 3849 2642 consensu

1026 2694 1467 2766 dominorum
1497 2693 1787 2765 Renaldi
1813 2693 2055 2784 Alexi,
2091 2691 2357 2764 Guinisi
2386 2694 2691 2763 Venture
2728 2701 2799 2763 et
2826 2692 3161 2764 Guidonis
3186 2692 3422 2765 Jacobi
3455 2703 3850 2785 exquamor

1027 2817 1464 2913 provisorum
1497 2814 1662 2886 dicti
1695 2814 2009 2885 comunis
2042 2824 2113 2884 et
2141 2813 2381 2885 habita
2407 2812 2766 2885 voluntate
2798 2814 3080 2905 majoris
3104 2814 3319 2908 partis
3345 2814 3613 2886 consilii
3642 2815 3842 2887 Cam-

1028 2961 1209 3036 pane
1232 2993 1252 3032 ,
1283 2940 1492 3032 juxta
1523 2948 1927 3033 preceptum
1955 2937 2211 3008 factum
2242 2958 2371 3034 per
2401 2937 2674 3008 licteras
2705 2936 2966 3008 domini
2992 2937 3327 3031 Friderigi
3360 2937 3448 3011 de
3478 2938 3847 3012 Antiochia

1029 3063 1293 3136 domini
1329 3062 1764 3158 imperatoris
1793 3061 1952 3153 filii,
1992 3062 2169 3133 sacri
2210 3061 2479 3157 imperii
2524 3061 2595 3131 in
2649 3061 2892 3132 Tuscia
2937 3062 3282 3155 capitanei
3326 3064 3706 3154 generalis,
3752 3064 3844 3136 de

1029 3187 1382 3260 solvendis
1433 3185 1642 3258 michi
1685 3186 1933 3257 marcis
1975 3207 2149 3277 quas
2194 3206 2489 3256 comune
2530 3186 2837 3256 Senense
2882 3184 3154 3256 solvere
3197 3194 3471 3257 tenetur
3504 3186 3843 3281 imperiali

1028 3332 1302 3383 camere
1335 3310 1693 3382 annuatim
1714 3362 1735 3400 ,
1769 3330 1912 3380 non
1942 3330 2067 3402 spe
2107 3309 2340 3379 future
2376 3306 2872 3380 numerationis
2903 3305 3237 3380 confiteor
3266 3310 3609 3403 recepisse
3653 3321 3727 3382 et
3769 3311 3844 3382 in

1024 3435 1317 3507 veritate
1344 3432 1558 3505 habui
1589 3444 1661 3504 et
1688 3433 1919 3527 recepi
1948 3431 2146 3503 CCCL
2176 3432 2387 3503 libras
2418 3431 2863 3503 denariorum
2898 3431 3336 3522 Senensium,
3372 3455 3498 3529 pro
3530 3433 3844 3507 extima-

1028 3558 1215 3630 tione
1260 3556 1696 3650 septuaginta
1733 3576 2124 3626 marcarum
2155 3555 2424 3647 argenti
2464 3555 2557 3627 ad
2603 3554 2944 3626 rationem
2984 3563 3264 3625 centum
3301 3556 3681 3628 solidorum
3716 3579 3844 3654 pro

1024 3682 1335 3776 qualibet
1380 3701 1612 3752 marca
1632 3732 1653 3770 ,
1710 3700 1885 3772 quas
1922 3680 2188 3752 dictum
2229 3699 2525 3750 comune
2568 3680 2838 3750 solvere
2876 3687 3148 3750 tenetur
3186 3679 3528 3773 imperiali
3567 3701 3843 3753 camere

1023 3804 1418 3894 annuatim,
1476 3813 1544 3874 et
1579 3803 1650 3872 in
1700 3801 1808 3872 his
1848 3802 2172 3873 renuntio
2219 3801 2617 3896 exceptioni
2665 3822 2804 3871 non
2848 3811 3210 3872 numerate
3258 3810 3330 3873 et
3375 3823 3519 3874 non
3563 3812 3841 3898 recepte

1023 3929 1315 4026 pecunie
1367 3939 1440 4000 et
1480 3948 1623 3999 non
1669 3927 2143 3998 estimatarum
2186 3946 2580 3997 marcarum
2629 3934 2701 3995 et
2739 3925 2838 3996 rei
2882 3925 3068 3997 dicto
3109 3925 3319 3998 modo
3354 3948 3495 3997 non
3536 3937 3730 4018 geste
3770 3936 3843 3998 et

1020 4053 1212 4127 omni
1233 4053 1412 4144 juris
1446 4060 1518 4123 et
1551 4050 1720 4143 legis
1750 4050 2040 4122 auxilio.
2077 4048 2331 4121 Actum
2372 4048 2594 4137 SeniS,
2627 4069 2860 4120 coram
2896 4047 3182 4120 domino
3207 4048 3498 4120 Alberto
3532 4049 3833 4140 Ranerii,

1021 4175 1305 4248 domino
1346 4173 1808 4246 Bonricovero
1827 4174 2065 4265 judice
2089 4225 2110 4263 ,
2159 4171 2501 4244 Palmerio
2547 4169 2718 4244 Vive
2768 4180 2839 4243 et
2884 4171 3195 4242 Romano
3239 4172 3508 4245 notario
3555 4183 3628 4244 et
3685 4172 3840 4245 aliis

1022 4298 1313 4370 testibus
1342 4295 1805 4391 presentibus,

1117 4423 1267 4512 Ego
1300 4419 1597 4493 Iacobus
1626 4417 1982 4512 quondam
2020 4417 2299 4489 Ranerii
2326 4416 2416 4489 de
2448 4415 2830 4503 Quinciano
2861 4415 3171 4487 notarius
3202 4416 3530 4511 predictis
3560 4418 3838 4489 interfui

1022 4554 1095 4618 et
1129 4565 1215 4617 ea
1245 4553 1527 4635 rogatus
1552 4540 1795 4637 scripsi
1828 4550 1899 4612 et
1931 4540 2304 4636 publicavi.
