4525 6031
728 663 1053 748 1⁸1„ch
1617 652 2007 717 msroam
2054 653 2644 717 mnouAncA.
3423 665 3545 728 7⁰3

728 803 935 877 tionis
962 798 1307 890 condigne
1335 794 1577 867 merita
1612 792 2102 888 prestolentur.
2134 791 2475 864 Fidelitati
2512 807 2626 864 tue
2658 791 2868 886 igitur
2899 793 3205 867 districte
3252 799 3547 896 precipi-

726 948 885 998 mus
917 933 1262 1018 quatenus
1303 918 1755 1015 prescriptam
1799 916 2214 1010 beneplaciti
2265 915 2481 988 nostri
2521 916 2811 989 formam
2846 939 2970 1012 per
2992 919 3543 1011 jurisdictionem

728 1062 916 1125 tuam
947 1048 1327 1144 prudenter
1356 1055 1427 1119 et
1453 1041 1742 1116 sollicite
1776 1039 2113 1136 publices,
2151 1049 2225 1113 et
2252 1041 2626 1134 exequaris
2651 1040 3021 1115 efficaciter
3051 1043 3496 1139 publicatam.

1842 1349 3117 1363 mffl—ffl—-fi

832 1634 1300 1737 Fridericus‚
1360 1635 1879 1719 Romanorum
1940 1634 2379 1742 imperator,
2440 1632 2905 1742 quibusdam
2969 1633 3321 1718 fidelibus
3379 1636 3544 1720 suis

722 1766 1273 1877 (verisimiliter
1308 1770 1404 1851 de
1453 1767 1947 1873 Alemannis)
1989 1767 2291 1850 nuntiat
2327 1791 2408 1848 se
2462 1766 2783 1876 negotiis
2819 1766 3318 1852 Lombardiae
3353 1768 3541 1851 feli-

722 1901 910 1982 citer
956 1900 1380 2010 dispositis,
1437 1910 1689 2010 partes
1740 1900 2058 1984 Tusciae
2106 1899 2527 2008 providisse
2571 1901 3063 2009 repetendae,
3109 1901 3390 1987 abinde
3439 1905 3543 1986 ad

725 2032 1134 2117 Teutoniae
1167 2044 1420 2142 partes
1458 2057 1766 2144 gressus
1802 2055 1985 2116 suos
2015 2032 2469 2115 directurus,

886 2264 1133 2344 (laedit.
1162 2280 1238 2326 ex
1281 2265 1414 2325 cod.
1450 2264 1607 2326 Bibl.
1648 2264 1845 2326 Cesar.
1890 2262 2144 2325 vindeb.
2190 2260 2522 2346 Philoloqm
2557 2263 2739 2336 dicto,
2769 2275 2837 2324 u⁰
2875 2273 3028 2339 305,
3059 2265 3164 2326 fol.
3205 2275 3315 2329 126
3345 2284 3538 2347 verso,

960 2375 1130 2451 cujus
1155 2378 1387 2434 textum
1415 2372 1800 2433 crassioribus
1826 2372 2057 2432 mendis
2087 2372 2599 2450 expurgavimus.)
3069 2377 3072 2380 '

817 2575 1261 2666 Fredericus,
1294 2584 1429 2648 etc.
1467 2576 1554 2648 Ut
1592 2586 1820 2648 vestre
1855 2573 2244 2647 devotionis
2275 2572 2616 2663 auditum,
2650 2568 2881 2672 [sicut]
2915 2573 3061 2646 fore
3094 2574 3538 2667 confidimus,

720 2702 928 2797 plana
988 2701 1077 2772 de
1139 2691 1583 2795 processuum
1643 2707 2039 2772 nostrorum
2100 2698 2467 2769 eventibus
2527 2697 2868 2770 certitudo
2930 2696 3271 2789 gratificet
3322 2709 3394 2772 et
3453 2700 3543 2774 de
3657 2789 3662 2794 ⁵

721 2824 1042 2921 proximo
1084 2822 1395 2919 potentie
1429 2831 1661 2896 nostre
1695 2821 2019 2915 suffragio
2052 2818 2322 2893 firmam
2354 2822 2555 2894 vohis
2596 2818 2918 2893 fiduciam
2950 2833 3414 2917 representet,
3450 2824 3542 2897 ad

720 2950 1031 3023 notitiam
1073 2958 1377 3022 vestram
1401 2945 1506 3044 (a)
1543 2946 1849 3021 veridico
1893 2946 2052 3019 stilo
2090 2944 2538 3042 perducimus
2570 2943 2761 3041 quod
2790 2944 2859 3017 in
2884 2945 3154 3039 Ligurie
3197 2947 3539 3043 partibus,

719 3074 789 3144 in
823 3075 1079 3167 quibus
1107 3075 1302 3146 velut
1342 3073 1413 3143 in
1459 3095 1691 3144 rerum
1731 3073 1982 3167 pelago
2021 3071 2417 3164 navigando
2457 3071 2749 3143 feliciter
2781 3093 3046 3143 moram
3081 3073 3281 3145 nobis
3323 3073 3544 3146 mixta

718 3198 1110 3271 necessitati
1143 3197 1596 3270 commoditas
1630 3196 2010 3291 persuasit,
2063 3195 2358 3287 negotiis
2398 3195 2652 3267 nostris
2683 3196 2776 3267 ad
2807 3196 3135 3292 placitum
3177 3198 3545 3270 salubriter

718 3322 1083 3412 ordinatiS,
1103 3331 1247 3393 tum
1283 3338 1409 3417 per
1438 3321 1850 3392 affinitatum
1873 3320 2149 3391 vincula
2171 3320 2312 3412 jam
2347 3329 2701 3392 contracta
2729 3342 2888 3393 cum
2916 3322 3166 3395 comite
3198 3324 3543 3395 Sabaudie

718 3446 809 3517 de
837 3444 978 3517 filia
1006 3467 1130 3516 sua
1157 3444 1516 3517 Ment’redo
1540 3445 1645 3539 (l)
1678 3455 1749 3515 et
1780 3465 1939 3515 cum
1973 3444 2253 3526 Ezelino
2287 3444 2375 3515 de
2412 3444 2720 3517 Romano
2750 3443 2840 3516 de
2874 3454 3080 3539 nepte
3112 3467 3237 3517 sua
3270 3446 3354 3517 H.
3397 3446 3543 3540 regi

718 3570 1031 3642 Sardinie
1053 3569 1155 3667 (2)
1190 3568 1461 3643 dilectis
1486 3568 1645 3639 filiis
1678 3567 1925 3640 nostris
1959 3567 2448 3640 matrimoniali
2481 3569 2716 3641 federe
2748 3569 3113 3664 copulatis,
3154 3578 3299 3641 tum
3333 3571 3541 3645 etiam

718 3717 844 3791 per
878 3696 1255 3767 multorum
1291 3693 1718 3788 provisiones
1759 3701 1831 3764 et
1865 3701 2299 3764 sacramenta
2341 3693 2679 3765 nobilium
2718 3714 2800 3764 ac
2842 3693 3199 3765 civitatum
3241 3694 3543 3788 regionis

719 3821 1035 3912 ejusdem
1085 3817 1629 3913 quamplurium,
1682 3817 1778 3888 ita
1821 3816 2014 3910 quod
2063 3817 2365 3912 partium
2418 3815 2723 3912 ipsarum
2773 3815 3050 3908 negotia
3122 3815 3541 3912 presentiam

720 3954 1025 4016 nostram
1076 3940 1368 4013 ulterius
1416 3961 1557 4012 non
1604 3937 1995 4032 requirunt,
2039 3937 2237 4038 [dum
2272 3934 2342 4038 a]
2374 3936 2643 4034 prefato
2686 3936 2830 4011 filio
2880 3942 3120 4012 nostro
3150 3941 3239 4012 H.
3274 3961 3359 4012 ac
3389 3941 3543 4013 aliis

801 4117 885 4199 (a)
933 4119 1003 4189 ln
1031 4117 1162 4179 cod.
1197 4115 1571 4199 etjuseitiam
1596 4120 1891 4193 nostram,
1910 4115 2088 4176 male.

789 4409 865 4483 (⁴)
903 4409 1025 4468 vid.
1057 4425 1242 4484 supra,
1268 4426 1325 4484 p.
1358 4411 1485 4481 664,
1512 4412 1625 4466 not.
1656 4411 1709 4465 l.

787 4508 862 4582 (2)
899 4507 1011 4566 Res
1034 4522 1211 4582 usque
1236 4524 1386 4565 nunc
1410 4506 1665 4566 historiae
1692 4506 2075 4581 scriptoribus,
2100 4510 2158 4563 et
2181 4502 2286 4580 ipsi
2314 4503 2477 4562 ctiam
2492 4502 2685 4563 Verrio
2713 4503 3000 4578 incognita.
3029 4504 3335 4564 Adelasiam
3361 4511 3544 4566 autem

719 4621 886 4681 quam
902 4608 1193 4664 annol238
1203 4605 1625 4680 desponsaverat
1646 4604 1834 4662 Entius
1856 4602 1926 4662 ab
1954 4619 2018 4662 eo
2041 4603 2371 4677 repudiatam
2400 4602 2567 4661 tuisse
2593 4602 2942 4675 arbitramur,
2972 4619 3078 4661 non
3099 4618 3234 4661 vero
3250 4603 3363 4663 vita
3379 4603 3544 4663 mac-

717 4713 850 4775 tam,
880 4718 1049 4778 quum
1082 4702 1140 4760 in
1166 4703 1389 4777 epistola
1417 4704 1709 4762 Alexandri
1735 4704 1827 4773 tv,
1852 4703 1963 4760 dat.
1988 4705 2023 4759 2
2044 4702 2120 4759 id.
2149 4700 2362 4775 augusti
2391 4716 2536 4760 anno
2557 4703 2719 4773 ⁴255,
2749 4700 2927 4760 adhuc
2951 4707 3178 4761 vocetur
3204 4702 3547 4777 Torriumjet

716 4801 923 4861 Galluri
951 4801 1161 4878 regina.
1187 4803 1396 4876 Requi.
1428 4818 1555 4862 ann.
1577 4801 1622 4875 1,
1650 4801 1808 4879 epist.
1837 4804 1942 4860 585
1969 4806 2025 4858 et
2048 4802 2175 4858 586.

3669 1644 3883 1750 ‚95:533
