4525 6031
761 2091 815 2134 ln
836 2091 999 2134 mul·

717 2156 983 2241 paug-nm

780 2251 838 2293 26
857 2229 1009 2304 jum!

1114 697 1234 756 780
2110 693 2538 756 nmmum
2588 693 2935 756 SECUNDI
3556 693 3718 777 [Anu.
3756 694 3928 757 1250.

1117 824 1590 910 Gualterium
1628 826 1724 908 de
1770 826 2037 910 Palear
2085 826 2438 909 comitem
2493 827 2591 907 de
2634 824 3067 933 Manupello
3111 834 3188 908 et
3239 823 3432 906 sacri
3479 824 3775 934 imperii
3822 827 3929 932 [in

1112 959 1475 1063 Marchia]
1529 958 1897 1042 vicarium
1956 959 2392 1068 generalem
2442 957 2724 1040 civitati
2779 957 3195 1040 Fermanae
3243 957 3442 1041 facta
3498 957 3923 1041 confirmat.

1276 1173 1615 1253 (Memorat.
1642 1192 1741 1253 ap.
1768 1175 2089 1253 Romana,
2119 1175 2343 1256 Reque.
2376 1175 2610 1253 imper„
2640 1172 3086 1233 uneinreihbare
3111 1172 3342 1245 attiche,
3371 1189 3433 1249 p.
3467 1172 3789 1251 Lxxxv.)

1213 1362 1466 1432 Datum
1513 1361 1583 1432 in
1616 1360 1877 1455 campis
1912 1382 2130 1456 prope
2162 1362 2418 1431 Lacum
2462 1357 2801 1429 Pensilem
2838 1354 2972 1452 (⁴),
3008 1377 3195 1430 anno
3241 1357 3583 1429 dominice
3614 1357 3929 1430 incarna-

1116 1484 1324 1557 tionis
1353 1485 1574 1557 MCCL
1578 1534 2329 1556 ..........

1227 2069 1627 2152 Gervasius
1661 2069 1756 2149 de
1791 2068 2145 2171 Martina,
2187 2064 2601 2175 imperialis
2630 2065 3084 2175 justitiarius
3124 2065 3641 2174 Capitanatae,
3673 2064 3930 2171 vigore

1118 2201 1531 2309 imperialis
1570 2200 1910 2282 mandati
1955 2198 2174 2308 cujus
2212 2209 2429 2281 tenor
2472 2199 2861 2305 inseritur,
2906 2199 3263 2281 Cunterio
3317 2196 3687 2307 imperiali
3741 2221 3926 2277 cas-
4030 2208 4037 2221 '

1122 2332 1400 2416 tellano
1465 2333 1735 2441 Trojae
1784 2342 1858 2413 et
1903 2324 2142 2440 judici
2199 2330 2529 2413 Scalioni
2585 2333 2682 2413 de
2743 2331 2977 2438 Fogia
3025 2332 3341 2412 mandat
3395 2341 3481 2412 ut
3529 2328 3929 2438 hospitalia

1119 2491 1314 2576 quae
1350 2467 1626 2547 domus
1672 2464 1924 2546 Sancti
1968 2463 2335 2547 Johannis
2369 2463 3018 2573 lerosolymitani,
3061 2463 3604 2546 monasterium
3654 2463 3928 2545 Montis

1116 2598 1449 2709 Virginis
1494 2608 1567 2679 et
1613 2599 1890 2679 domus
1948 2597 2204 2679 Sancti
2262 2595 2601 2704 Sepulcri
2658 2595 2941 2677 habent
2995 2596 3072 2675 in
3128 2595 3394 2705 Troja,
3433 2621 3588 2678 non
3614 2594 3926 2678 ulterius

1118 2729 1558 2836 molestent,
1605 2730 1710 2811 ita
1761 2740 2013 2810 tamen
2068 2728 2279 2837 quod
2329 2727 2628 2810 nullum
2688 2728 3148 2811 monachum
3193 2727 3312 2809 vel
3368 2728 3782 2811 confratres
3831 2728 3926 2811 de

1118 2863 1343 2973 Troja
1379 2862 1789 2969 [oriundos]
1827 2852 2214 2941 remanere
2251 2859 2329 2940 in
2367 2858 2723 2942 domibus
2768 2859 2953 2968 ipsis
2990 2860 3452 2968 permittant.

1282 3078 1525 3157 (Inedit.
1560 3095 1634 3137 ex
1662 3077 1824 3137 arch.
1859 3084 2112 3137 monast.
2143 3077 2364 3136 Montis
2394 3077 2597 3162 virg„
2618 3094 2691 3136 ex
2721 3093 2983 3156 pergam.
3014 3080 3254 3156 origin„
3282 3087 3350 3137 n⁰
3378 3087 3480 3155 73,
3515 3080 3632 3139 vol.
3674 3078 3831 3156 12⁴.)

1216 3268 1294 3337 In
1323 3265 1604 3336 nomine
1630 3265 1901 3336 Domini
1933 3265 2149 3336 nostri
2177 3265 2389 3336 Jhesu
2413 3262 2700 3355 Christi,
2719 3285 2906 3336 anno
2924 3264 3416 3338 incarnationis
3446 3263 3758 3357 ejusdem
3777 3264 3924 3335 mil-

1122 3390 1363 3461 lesimo
1388 3388 1859 3460 ducentesimo
1875 3388 2477 3482 quinquagesimo,
2503 3388 2884 3482 imperante
2906 3409 3074 3460 vero
3102 3389 3385 3461 domino
3416 3400 3657 3461 nostro
3680 3389 3924 3461 Frede-

1122 3513 1262 3585 rico
1287 3512 1414 3584 Dei
1441 3512 1662 3605 gratia
1684 3511 2131 3583 invictissimo
2160 3513 2629 3585 Romanorum
2664 3512 3080 3607 imperatore
3101 3535 3378 3608 semper
3393 3527 3687 3607 augusto
3705 3566 3725 3604 ,
3741 3533 3922 3585 anno

1121 3635 1498 3725 tricesimo,
1555 3636 1750 3727 regni
1807 3636 2176 3705 Ierusalem
2222 3656 2407 3705 anno
2452 3635 2780 3707 vicesimo
2825 3636 3071 3728 quinto
3103 3647 3174 3708 et
3215 3637 3411 3729 regni
3460 3638 3688 3710 Sicilie
3737 3658 3921 3710 anno

1117 3759 1692 3855 quinquagesimo
1737 3759 1936 3830 tertio
1959 3811 1977 3847 ,
2019 3757 2133 3829 die
2166 3759 2405 3829 martis
2438 3760 2742 3831 secundo
2786 3760 3042 3830 mensis
3071 3761 3345 3853 augusti
3368 3813 3388 3851 ,
3424 3772 3669 3833 octavo
3700 3761 3920 3834 indic·

1120 3885 1321 3956 tionis
1345 3937 1365 3974 ‚
1404 3883 1591 3978 apud
1624 3882 1931 3970 Troiam,
1965 3904 2092 3953 nos
2118 3882 2458 3953 Minerrus
2490 3882 2862 3977 imperialis
2893 3884 3099 3976 Fogie
3122 3884 3347 3975 judex
3380 3894 3450 3956 et
3472 3885 3808 3978 Rogerius
3832 3885 3920 3957 de

1117 4008 1375 4080 Gailico
1405 4007 1717 4100 ejusdem
1749 4016 1819 4077 et
1850 4005 2099 4101 Apulie
2117 4005 2454 4097 notariuS,
2472 4007 2815 4102 presentis
2834 4006 3070 4101 scripti
3091 4007 3268 4079 serie
3284 4008 3718 4081 declaramus
3734 4008 3925 4104 quod

1115 4133 1462 4226 dompnus
1491 4130 1826 4203 Martinus
1849 4130 2269 4202 venerabilis
2298 4130 2682 4202 monachus
2727 4130 3123 4202 monasterii
3152 4132 3403 4202 Sancte
3430 4131 3644 4202 Mario
3674 4130 3924 4204 Montis

1103 4257 1471 4348 virginum
1514 4276 1641 4348 pro
1680 4263 1877 4348 parte
1928 4255 2142 4349 ipsius
2173 4255 2570 4327 monasterii
2608 4254 2892 4327 domino
2932 4253 3257 4327 Cunterio
3298 4254 3636 4350 imperiali
3675 4256 3921 4326 castel-

1117 4380 1277 4450 lano
1317 4378 1515 4450 Troie
1553 4388 1623 4448 et
1661 4376 1882 4469 judici
1919 4376 2254 4448 Scalionis
2287 4377 2377 4448 de
2423 4377 2632 4468 Fogia
2661 4428 3655 4450 .............
3712 4398 3924 4472 super

1117 4502 1499 4575 custodiam
1537 4511 1755 4589 terre,
1792 4499 2049 4591 egregii
2080 4499 2207 4569 viri
2241 4499 2501 4571 domini
2531 4501 2840 4573 Gervasii
2872 4500 2960 4573 de
2988 4501 3282 4574 Martina
3312 4501 3687 4597 imperialis
3712 4502 3920 4594 justi-

1191 4807 1264 4883 (t)
1300 4807 1513 4864 Scilicet
1541 4811 1688 4878 Lago
1713 4803 1908 4875 Pesole,
1941 4803 1995 4858 in
2025 4801 2328 4861 Basilicam.
