4525 6031
620 2972 672 3015 ln
693 2972 856 3014 etutd-

675 3025 797 3079 apud

601 3079 848 3131 Ingethetm
860 3106 876 3130 .

593 3133 646 3176 la
666 3133 889 3176 februarii.

967 655 1093 717 692
1965 655 2393 719 rmnmttcl
2443 657 2790 720 sncuNDt
3407 656 3571 739 [Arm.
3609 658 3784 720 1249.

967 792 1316 864 civitatem
1351 802 1424 865 et
1452 793 1779 866 diocesim
1810 801 1998 866 tuam
2027 795 2477 889 solempniter
2504 793 2818 890 publices
2849 801 2920 866 et
2947 793 3156 865 facias
3184 793 3545 889 publicari,
3568 794 3792 868 donec

966 917 1340 990 vexatione
1385 917 1811 991 intellectum
1861 938 1988 989 suo
2032 918 2303 990 auditui
2348 919 2694 990 tribuente
2735 918 2829 989 ad
2872 917 3210 989 unitatem
3255 918 3788 990 ecclesiasticam

966 1051 1356 1115 revertatur
1383 1051 1452 1113 et
1483 1051 1725 1114 contra
1760 1042 2149 1137 predictum
2176 1044 2249 1115 F.
2284 1052 2614 1136 tanquam
2646 1042 3120 1115 adversarium
3153 1041 3316 1115 fidei
3355 1053 3425 1114 et
3456 1042 3793 1114 libertatis

966 1165 1426 1237 ecclesiastice
1449 1167 1933 1238 subversorem
1950 1166 2292 1261 recipiens
2321 1167 2595 1258 signum
2625 1166 2872 1257 crucis,
2894 1166 3227 1257 ecclesiis„
3266 1167 3699 1238 monasteriis
3721 1175 3794 1238 et

965 1288 1119 1361 aliis
1151 1288 1282 1383 piis
1313 1290 1479 1361 locis
1508 1311 1592 1362 ac
1617 1290 1883 1362 clericis
1911 1291 2316 1363 earumdem
2344 1290 2640 1363 civitatis
2668 1301 2738 1363 et
2769 1290 3062 1362 diocesis
3092 1290 3342 1382 injuste
3373 1291 3605 1362 ablata
3642 1312 3788 1362 res·

971 1410 1172 1482 tituat
1225 1420 1296 1483 et
1343 1411 1433 1484 de
1486 1412 1807 1508 dampnis
1866 1425 1936 1486 et
1992 1413 2259 1506 injuriis
2311 1414 2631 1508 irrogatis
2685 1413 3224 1485 satisfactionem
3280 1423 3788 1509 competentem

968 1535 1334 1625 exhibeat,
1371 1545 1451 1607 ut
1487 1545 1786 1609 tenetur.
1826 1537 1940 1610 Ad
1969 1536 2100 1610 bec
2126 1538 2451 1610 volumus
2477 1549 2558 1610 ¹et
2588 1538 2710 1610 tibi
2744 1537 3153 1611 auctoritate
3187 1538 3614 1632 presentium
3644 1537 3785 1610 dis-

968 1660 1168 1732 tricte
1221 1660 1646 1753 injungimus
1695 1670 1777 1733 ut
1825 1671 2067 1733 contra
2123 1662 2351 1756 ipsum
2405 1662 2656 1734 ducem
2713 1671 3042 1757 tanquam
3097 1660 3433 1733 adversus
3482 1662 3788 1734 Ecclesie

966 1783 1440 1856 adversarium
1469 1784 1911 1857 manifestum
1938 1785 2011 1857 in
2039 1786 2243 1858 dictis
2273 1785 2551 1858 civitate
2582 1807 2665 1858 ac
2701 1785 2957 1857 diocesi
2987 1786 3278 1857 verbum
3311 1786 3538 1858 crucis
3566 1786 3795 1881 predi-

969 1929 1085 1980 ces
1119 1917 1189 1979 et
1218 1908 1430 1981 facias
1463 1908 1831 2003 predicari,
1864 1931 2018 1981 eam
2059 1909 2194 1981 illis
2226 1910 2348 2002 qui
2394 1910 2618 1982 crucis
2649 1919 3004 2005 assumpto
3040 1909 3399 2003 signaculo
3430 1931 3790 2004 processe-

968 2032 1109 2104 rint
1138 2041 1380 2104 contra
1405 2054 1565 2104 eum
1603 2033 1675 2105 in
1702 2033 2101 2127 hujusmodi
2146 2034 2457 2127 nequitia
2489 2034 2997 2128 persistentem,
3033 2056 3316 2106 suorum
3347 2043 3787 2128 peccatorum

967 2156 1248 2228 veniam
1277 2156 1725 2228 concedendo
1756 2178 1894 2250 que
1926 2157 2441 2229 transeuntibus
2471 2157 2543 2227 in
2575 2159 2782 2229 Terre
2799 2158 3049 2229 Sancte
3078 2156 3465 2229 subsidium
3494 2157 3565 2227 in
3593 2178 3791 2249 gene-

971 2279 1098 2351 rali
1125 2280 1416 2353 concilio
1445 2291 1551 2352 est
1581 2301 1935 2353 concessa.

1069 2406 1320 2478 Datum
1349 2404 1697 2498 Lugduni,
1718 2406 1861 2478 VIII
1889 2405 2048 2478 idus
2076 2406 2429 2498 februarii,
2458 2427 2644 2478 anno
2670 2406 2812 2479 V10.

1370 2695 1716 2708 m
1734 2697 2131 2708 ——--->-⁴-—-——-—-—
2141 2697 3354 2709 -mm—m——m

1078 2967 1552 3079 WillelmuS,
1627 2970 2149 3055 Romanorum
2219 2996 2401 3081 rex,
2468 2971 2906 3056 Innocentio
2970 2998 3210 3082 papae
3264 2972 3789 3082 juramentum

972 3114 1303 3216 praestat
1337 3108 1547 3217 quod
1576 3132 1869 3190 ¹omnes
1918 3106 2432 3218 possessiones
2469 3116 2543 3189 et
2571 3106 2750 3216 jura
2784 3107 3173 3190 Romanae
3221 3105 3596 3188 Ecclesiae
3650 3128 3791 3211 pro

973 3266 1195 3350 posse
1268 3239 1787 3323 manutenebit
1839 3241 2060 3350 eique
2117 3240 2260 3323 erit
2326 3239 2632 3349 adjutor
2688 3242 2787 3323 ad
2847 3266 3173 3350 regnum
3231 3238 3529 3323 Siciliae
3590 3237 3788 3321 reti-

970 3374 1308 3457 nendum
1345 3384 1422 3455 et
1455 3373 2047 3455 defendendum.

1130 3587 1322 3666 (Edit.
1353 3605 1451 3667 ap.
1483 3590 1714 3666 Pura,
1744 3589 2002 3650 Menum.
2040 3589 2236 3652 Germ.
2266 3588 2500 3668 histor„
2528 3596 2577 3651 t.
2608 3589 2718 3667 IV,
2752 3607 2813 3668 p.
2848 3588 3016 3669 365.)

1065 3781 1143 3852 ln
1197 3777 1479 3852 nomine
1534 3788 1772 3851 sancte
1829 3787 1901 3850 et
1960 3777 2320 3851 individue
2373 3776 2747 3850 Trinitatis.
2805 3777 2951 3867 Ego
2991 3775 3380 3848 Willelmus
3413 3775 3535 3846 Dei
3572 3775 3792 3866 gratia

966 3908 1433 3979 Romanorum
1463 3927 1591 3977 rex
1615 3912 1687 3974 et
1717 3924 1994 3997 semper
2013 3913 2380 3995 augustuS,
2414 3902 2536 3974 tibi
2566 3901 2847 3974 domino
2878 3921 3034 3973 meo
3057 3899 3488 3971 sanctissimo
3517 3909 3588 3969 et
3616 3899 3794 3993 patri

967 4030 1321 4104 carissimo
1354 4030 1755 4102 Innocentio
1790 4051 1970 4124 pape
2003 4029 2093 4101 IV
2137 4027 2410 4121 tuisque
2448 4027 2962 4098 successoribus
3008 4036 3078 4096 et
3113 4024 3416 4096 Ecclesie
3446 4026 3787 4113 Romane,

968 4155 1404 4252 presentibus
1444 4154 1848 4248 subscriptis
1895 4153 2322 4249 principibus
2366 4152 2636 4247 imperii
2680 4162 2751 4223 et
2791 4150 3173 4237 nobilibus,
3209 4149 3551 4243 spondeo,
3587 4148 3790 4243 polli-

967 4300 1156 4371 ceor,
1191 4281 1520 4376 promitto
1556 4289 1627 4350 et
1648 4279 1811 4371 juro
1849 4278 2040 4373 quod
2067 4299 2311 4350 omnes
2342 4276 2839 4371 possessiones,
2872 4275 3173 4346 honores
3202 4283 3272 4343 et
3296 4274 3456 4365 jura
3482 4272 3792 4343 Romane

965 4405 1269 4478 Ecclesie
1328 4425 1454 4498 pro
1516 4424 1717 4496 posse
1777 4425 1935 4473 meo
1989 4402 2173 4472 bona
2227 4399 2364 4471 fide
2420 4410 2778 4495 protegam
2832 4411 2902 4470 et
2946 4398 3266 4470 servabo.
3322 4395 3794 4468 Possessiones

965 4539 1205 4601 autem
1239 4549 1415 4621 quas
1446 4526 1751 4598 Ecclesia
1779 4526 2088 4598 Romana
2116 4524 2559 4619 recuperavit
2590 4525 2841 4595 liberas
2878 4534 2948 4595 et
2982 4522 3252 4617 quietas
3280 4520 3409 4592 sibi
3448 4519 3790 4591 dimittam

967 4662 1041 4727 et
1070 4653 1290 4748 ipsam
1322 4651 1416 4723 ad
1448 4672 1566 4723 eas
1600 4649 1994 4723 retinendas
2032 4649 2218 4720 bona
2250 4649 2390 4722 fide
2416 4649 2715 4742 juvab03
2757 4669 2931 4741 quas
2958 4657 3193 4718 autem
3239 4645 3552 4718 nondum
3594 4665 3792 4716 recu-

967 4777 1268 4873 peravit,
1294 4775 1573 4870 adjutor
1606 4797 1727 4847 ero
1762 4774 1854 4847 ad
1876 4773 2460 4868 recuperandum,
2493 4783 2564 4846 et
2582 4783 3147 4869 recuperatarum
3174 4770 3561 4845 secundum
3589 4789 3789 4865 posse
