4525 6031
1759 663 2387 729 ADDITAMENTA.
3365 667 3491 728 937

654 798 1045 910 potestati,
1103 797 1422 880 consilio
1458 808 1533 880 et
1563 798 2089 881 communitati
2128 801 2223 882 de
2264 799 2592 882 Cortona
2630 798 2946 880 mandat
2981 799 3190 907 quod
3227 798 3490 882 homi-

655 932 883 1016 nibus
928 932 1025 1013 de
1069 930 1325 1012 Aretio
1355 929 1733 1039 justitiam
1776 930 2130 1014 exhibere
2166 957 2319 1014 non
2362 930 2741 1014 omittant.

817 1145 1011 1225 (Edit.
1041 1161 1135 1223 ap.
1171 1146 1347 1206 Ram
1373 1151 1433 1205 et
1458 1145 1704 1219 Cnucr,
1736 1145 1901 1206 Serio
1927 1143 2012 1206 ἅθ’
2042 1147 2222 1208 vicar.
2253 1149 2322 1206 in
2356 1146 2634 1221 Tuscana,
2671 1153 2719 1206 t.
2753 1145 2865 1217 VI,
2897 1161 2961 1221 p.
2995 1143 3123 1222 6¹.)

752 1335 1007 1405 Datum
1037 1330 1290 1423 Aretii,
1333 1332 1546 1404 XVIII
1580 1332 2029 1427 septembris,
2072 1333 2448 1407 indictione
2479 1334 2597 1407 IX.

760 1860 1227 1968 FridericuS,
1280 1862 1799 1944 Romanorum
1859 1862 2272 1969 imperator
2298 1924 2320 1966 ,
2374 1860 2684 1943 Vatacio
2738 1887 2873 1942 seu
2938 1859 3479 1969 Calojohanni,
3592 1877 3609 1928 1

649 1992 1088 2101 imperatori
1125 1995 1586 2075 Graecorum
1624 1992 1933 2099 illustri,
1964 1993 2454 2075 commendat
2489 1992 2902 2100 quemdam
2946 2002 3030 2074 ut
3066 1994 3132 2075 ei
3164 2018 3482 2076 uxorem

646 2135 722 2208 et
755 2124 955 2208 filios
989 2126 1369 2208 remittere
1413 2125 1632 2231 velit,
1673 2126 1791 2208 vel
1828 2126 2186 2207 eumdem
2233 2124 2315 2205 in
2353 2150 2575 2206 suam
2615 2124 2946 2234 gratiam
2985 2150 3367 2208 revocare.

812 2365 999 2442 (Edit.
1022 2370 1084 2425 in
1113 2366 1284 2426 Petri
1305 2364 1376 2426 do
1413 2366 1545 2427 Vin.
1576 2367 1771 2446 epist„
1796 2367 1899 2427 ltb.
1927 2367 2045 2445 111,
2074 2384 2204 2445 cap.
2227 2367 2463 2443 xx1x3
2490 2369 2626 2429 coll.
2651 2384 2786 2427 cum
2808 2368 3062 2430 codictb.
3089 2367 3243 2429 Bibl.
3275 2369 3474 2431 Cesar.

887 2473 1103 2550 Paris„
1117 2470 1302 2551 fonds
1328 2471 1814 2534 Satur-Gomara
1838 2470 2088 2550 Hau-lay,
2122 2482 2187 2532 ιι*
2214 2481 2355 2545 455,
2387 2480 2447 2534 et
2458 2470 2641 2551 fonds
2666 2474 3079 2545 Nocre-Dame,
3116 2472 3284 2552 202.)

742 2656 931 2729 Scire
966 2668 1193 2752 potest
1231 2667 1463 2731 vestre
1505 2658 1922 2731 sinceritatis
1969 2659 2329 2751 integritas
2369 2659 2598 2753 quod,
2643 2681 2800 2731 cum
2848 2659 3027 2731 inter
3062 2681 3191 2731 nos
3231 2669 3302 2731 et
3345 2683 3472 2732 vos

641 2781 879 2874 vigeat
919 2781 1308 2854 devotionis
1335 2783 1657 2874 affectuS,
1701 2797 1772 2854 et
1808 2783 2023 2854 vestri
2062 2782 2346 2854 honoris
2395 2792 2770 2875 augmenta
2819 2804 2960 2854 non
2996 2784 3226 2854 minus
3258 2806 3469 2876 quam

641 2906 921 3003 propria
960 2907 1120 2978 totis
1157 2929 1435 3002 semper
1471 2906 1834 2978 desideriis
1865 2916 2311 3001 appetamus,
2353 2906 2444 2979 ad
2487 2907 2746 2978 nullius
2789 2928 3096 3001 unquam
3140 2908 3470 3002 supplicis

582 3130 588 3135 .
637 3015 1005 3103 movemur
1046 3032 1443 3104 instantiam
1474 3032 1677 3104 vobis
1715 3053 1960 3127 preces
1990 3033 2101 3103 vel
2137 3033 2393 3125 scripta
2434 3031 2769 3124 dirigere,
2812 3054 2938 3127 per
2995 3054 3131 3127 que
3180 3033 3465 3104 forsitan

639 3156 753 3226 vel
791 3155 973 3226 fame
1010 3165 1239 3227 vestre
1276 3156 1604 3227 minorari
1634 3155 1960 3251 preconia
1998 3155 2110 3226 vel
2138 3154 2426 3226 honoris
2460 3156 2674 3227 vestri
2710 3156 2980 3247 fastigio
3016 3156 3283 3228 detrahi
3311 3179 3463 3229 cre-

639 3278 996 3370 deremus,
1038 3287 1276 3374 utpote
1313 3279 1434 3372 qui
1465 3280 1723 3351 nostris
1764 3278 2086 3374 auspiciis
2122 3278 2330 3371 adjici
2370 3280 2636 3351 ratione
2683 3281 3022 3375 probabili
3063 3290 3468 3375 reputamus

636 3401 968 3495 quicquid
1001 3403 1091 3475 de
1131 3403 1377 3474 vestris
1416 3403 1782 3474 eventibus
1816 3402 1904 3474 de
1935 3402 2203 3493 gremio
2235 3423 2566 3497 prospere
2613 3404 2888 3474 fortune
2932 3404 3266 3476 succedit.
3300 3406 3463 3477 Cre-

636 3525 884 3599 dentes
923 3526 1133 3618 igitur
1178 3578 1521 3598 .....
1566 3525 1848 3598 fidelem
1889 3536 2206 3597 nostrum
2258 3525 2548 3617 dignum
2601 3526 2856 3597 nostris
2894 3527 3084 3621 apud
3134 3550 3261 3600 vos
3301 3550 3464 3624 pre-

633 3650 830 3722 cibus
875 3649 1230 3743 adjuvari,
1279 3650 1447 3722 dum
1493 3649 1662 3721 satis
1708 3649 1977 3721 dudum
2020 3649 2273 3722 vestris
2321 3671 2397 3720 se
2442 3649 2690 3721 asserit
2723 3671 3008 3723 vacasse
3048 3652 3348 3724 servitiis
3391 3663 3465 3725 et

633 3783 938 3845 vestram
976 3774 1307 3845 meruisse
1339 3773 1631 3865 gratiam
1651 3825 1670 3861 ,
1708 3772 1931 3865 rogati
1962 3793 2190 3867 nuper
2225 3781 2490 3844 attente
2524 3793 2650 3867 pro
2684 3793 2805 3863 ec,
2837 3773 3273 3846 affectionem
3298 3797 3459 3848 ves-

636 3906 812 3969 tram
878 3892 1296 3989 requirimus
1353 3896 1767 3969 fiducialiter
1820 3906 1891 3968 et
1941 3917 2267 3987 rogamus
2316 3906 2704 3988 quatenus,
2758 3896 2817 3966 si
2871 3899 3024 3989 ejus
3070 3919 3286 3991 penes
3330 3920 3459 3970 vos

629 4020 877 4093 merita
921 4032 1160 4093 nostro
1198 4020 1470 4113 rogatui
1514 4041 1656 4093 non
1702 4019 2079 4109 obsistant,
2120 4040 2419 4090 uxorem
2470 4030 2541 4090 et
2580 4017 2759 4091 filios
2805 4040 2982 4112 quos
3026 4020 3097 4091 in
3142 4022 3457 4115 partibus

628 4144 797 4239 ipsis
841 4143 1091 4235 habet,
1140 4143 1234 4216 ad
1275 4145 1501 4239 ipsum
1543 4143 1636 4215 ad
1677 4164 1963 4239 presens
2003 4142 2152 4213 sine
2197 4140 2696 4236 impedimento
2735 4143 3177 4215 transfretare
3222 4153 3453 4217 vestra

627 4268 965 4339 serenitas
1006 4267 1343 4362 patiatur3
1389 4268 1503 4339 vel
1549 4267 1607 4337 si
1647 4267 1882 4339 forsan
1935 4265 2007 4337 id
2052 4265 2377 4356 exigente
2422 4265 2755 4359 qualitate
2792 4267 3063 4358 negocii
3111 4269 3452 4340 voluntati

625 4399 856 4462 vestre
887 4411 1030 4461 non
1063 4399 1425 4481 consonat,
1460 4390 1763 4462 eundem
1794 4398 2110 4485 paratum
2142 4389 2394 4461 vestris
2422 4388 2741 4460 inherere
2773 4390 3094 4481 servitiis,
3128 4412 3217 4461 ne
3244 4392 3449 4485 culpe

626 4535 750 4585 sue
794 4514 1101 4606 gravitas
1151 4513 1417 4586 aditum
1469 4514 1834 4610 precludat
1887 4513 2091 4586 venie
2139 4522 2211 4585 et
2265 4512 2843 4586 reconciliationis
2894 4527 3249 4606 unguenta
3299 4534 3446 4587 res-

624 4648 795 4732 puat
830 4646 989 4732 post
1035 4647 1338 4726 reatum,
1372 4637 1714 4732 presentis
1758 4645 1993 4708 nostre
2034 4634 2448 4709 hortationis
2496 4635 2787 4708 obtentu
2822 4645 2893 4707 et
2931 4637 3147 4708 nostri
3193 4636 3447 4708 amoris

621 4759 907 4850 intuitu,
938 4759 1028 4832 ad
1066 4760 1278 4832 vestri
1314 4759 1572 4831 favoris
1602 4759 1896 4853 gratiam
1933 4758 2300 4831 revocetis,

3610 1873 3842 1930 Temporis

3627 1929 3820 1983 lucent]
