4525 6031
1743 674 2373 737 Anm'rAMEN'rA.
3190 679 3215 699 ‘
3351 680 3476 743 913

644 815 722 889 et
773 763 1236 888 conventum
1292 802 1554 884 Sancti
1617 802 1937 887 Modesti
2004 803 2208 912 apud
2270 803 2785 888 Beneventum
2840 805 2920 886 in
2973 806 3187 889 nullo
3245 807 3477 890 inde-

645 937 803 1022 bite
839 945 1297 1047 aggravent,
1343 935 1593 1017 sedin
1640 935 2003 1020 omnibus
2045 961 2314 1019 eorum
2356 934 2660 1045 juribus
2713 965 2843 1022 eos
2893 950 3469 1024 manuteneant.

810 1151 1000 1231 (Edit.
1034 1168 1135 1228 ap.
1164 1150 1469 1228 Uarrum,
1499 1146 1638 1211 Ital.
1659 1167 1850 1225 sacra,
1880 1156 1929 1210 t.
1957 1151 2125 1228 VIII,
2151 1170 2212 1242 p.
2252 1160 2387 1226 129,
2419 1169 2495 1213 ex
2521 1151 2811 1214 tabulario
2836 1152 3149 1234 coenobii.)

739 1337 1169 1425 FridericuS,
1215 1336 1347 1408 Dei
1400 1335 1623 1428 gratia
1665 1337 2135 1408 Romanorum
2163 1336 2566 1431 imperator,
2598 1358 2877 1433 semper
2901 1349 3275 1430 augustuS,
3308 1340 3475 1413 Hie·

642 1463 949 1534 rusalem
982 1470 1053 1533 et
1088 1459 1315 1531 Sicilie
1348 1481 1510 1550 rex,
1556 1458 1958 1550 comitibuS,
1988 1460 2401 1550 baronibus,
2436 1460 2779 1552 magistris
2801 1461 3233 1552 justiciariis,
3263 1464 3470 1554 justi-

647 1585 865 1659 tiariis
884 1638 904 1676 ,
941 1583 1287 1675 magistris
1313 1582 1742 1673 camerariis,
1768 1583 2162 1654 camerariis
2178 1636 2198 1672 ,
2223 1583 2512 1675 bajulis,
2540 1584 2924 1678 catapanis,
2947 1586 3464 1678 comestabulis,

643 1706 1063 1797 castellaniS,
1074 1704 1429 1796 judicibus
1461 1715 1533 1776 et
1561 1704 1905 1777 universis
1925 1705 2068 1777 suis
2094 1703 2420 1777 fidelibus
2436 1727 2562 1800 per
2581 1727 2873 1797 regnum
2890 1707 3117 1779 Sicilie
3139 1711 3469 1782 constitu-

647 1830 1077 1923 tiS,gratiam
1097 1851 1295 1901 suam
1324 1838 1395 1900 et
1419 1829 1676 1900 bonam
1696 1830 2155 1900 voluntatem.
2193 1831 2304 1900 Ex
2332 1831 2617 1922 querela
2650 1831 3071 1901 venerabilis
3101 1831 3371 1903 abbatis
3397 1843 3470 1905 et

644 1964 1029 2026 conventus
1069 1953 1304 2025 Sancti
1335 1952 1630 2023 Modesti
1663 1950 1799 2048 (l),
1830 1951 2139 2025 fidelium
2177 1965 2599 2041 nostrorum,
2633 1974 2859 2047 nuper
2876 1963 3110 2024 nostra
3130 1956 3469 2028 serenitas

639 2076 985 2148 intellexit
1011 2074 1204 2168 quod
1238 2093 1364 2145 vos
1396 2094 1517 2145 eos
1549 2073 1620 2144 in
1653 2073 1995 2165 collectiS,
2036 2073 2517 2145 exactionibus
2549 2082 2619 2144 et
2648 2073 2949 2165 angariis
2958 2128 3458 2148 .......

641 2198 1278 2295 procurationibuS,
1320 2195 1658 2269 trahendo
1676 2197 1749 2267 in
1769 2197 2088 2268 civilibus
2111 2207 2180 2269 et
2199 2197 2627 2268 secularibus
2649 2197 2739 2267 ad
2755 2197 3097 2288 judicium
3121 2201 3457 2289 seculare,

639 2344 773 2394 nec
791 2343 933 2393 non
959 2330 1029 2392 et
1045 2320 1199 2392 aliis
1215 2320 1687 2414 multipliciter
1708 2319 2057 2391 offenditis
2078 2329 2151 2391 et
2179 2319 2485 2412 gravatis
2500 2372 2520 2408 ,
2559 2319 2751 2412 quod
2787 2329 3052 2391 tantum
3071 2336 3304 2394 nostre
3319 2323 3465 2394 dis·

637 2446 850 2541 plicet
879 2444 1122 2540 pietati
1153 2453 1417 2536 quanto
1453 2443 1779 2514 abbatem
1821 2452 1892 2514 et
1921 2442 2298 2514 monachos
2331 2453 2402 2514 et
2428 2443 2925 2513 monasterium
2956 2443 3181 2537 ipsum
3213 2446 3284 2516 in
3322 2447 3466 2519 suis

640 2568 1077 2640 libertatibus
1104 2576 1175 2638 et
1203 2566 1587 2637 rationibus
1604 2567 1930 2636 volumus
1949 2565 2373 2637 conservari.
2414 2567 2673 2638 Verum
2705 2567 2868 2658 quia
2888 2567 3040 2658 ejus
3060 2568 3315 2639 intuitu
3339 2589 3465 2663 per

641 2714 851 2787 quem
896 2691 1190 2762 feliciter
1241 2689 1541 2762 vivimus
1599 2698 1671 2759 et
1722 2710 2125 2780 regnamuS,
2191 2699 2336 2785 tam
2381 2689 2706 2761 abbatem
2747 2688 2934 2783 ipsos
2980 2700 3050 2761 et
3083 2690 3466 2764 monachos

641 2838 852 2911 quam
882 2816 1089 2888 etiam
1116 2814 1379 2886 dictum
1409 2812 1904 2884 monasterium
1937 2835 2095 2885 cum
2129 2813 2544 2885 obedientiis
2563 2865 2583 2903 ,
2619 2812 3015 2884 hominibus
3048 2823 3120 2885 et
3140 2815 3464 2886 omnibus

637 2941 840 3013 bonis
880 2939 1023 3011 suis
1066 2946 1520 3009 manutenere
1554 2938 1878 3008 volumus
1916 2946 1986 3007 et
2027 2938 2258 3008 favere
2282 2991 2301 3028 ,
2352 2958 2485 3008 nec
2525 2937 2669 3032 pati
2701 2956 3068 3032 possumus
3100 2940 3212 3009 vel
3243 2939 3461 3010 debe·

638 3088 796 3136 mus
827 3063 1020 3158 quod
1047 3084 1090 3134 a
1121 3062 1325 3134 nobis
1351 3063 1465 3133 vel
1499 3060 1906 3132 officialibus
1936 3070 2245 3155 utsupra
2264 3114 2283 3150 ,
2317 3059 2641 3132 fidelibus
2671 3061 2926 3132 nostris
2957 3058 3136 3156 (sic),
3159 3062 3465 3135 debeant

637 3187 992 3261 molestari
1016 3242 1036 3278 ‚
1065 3208 1243 3282 quos
1287 3194 1606 3256 tenemur
1635 3184 1706 3254 in
1745 3184 2043 3278 propriis
2080 3184 2515 3255 libertatibus
2547 3194 2618 3255 et
2649 3184 3028 3255 honoribus
3061 3194 3132 3255 et
3159 3207 3251 3256 ex
3278 3207 3464 3258 com-

638 3312 849 3383 misso
888 3310 1091 3382 nobis
1132 3308 1467 3402 regimine
1517 3328 1972 3397 conservare,
2031 3306 2350 3379 fidelitati
2392 3317 2659 3398 vestre,
2698 3309 2829 3379 sub
2856 3329 3036 3401 pena
3072 3308 3462 3380 amissionis

637 3435 858 3528 gratie
884 3442 1155 3523 nostre,
1203 3431 1513 3503 districte
1550 3429 2000 3526 precipiendo
2035 3430 2450 3502 mandamus
2483 3441 2829 3523 quatenus
2858 3441 3002 3501 tam
3033 3432 3357 3503 abbatem
3391 3444 3462 3504 et

636 3556 1016 3631 monachos
1068 3565 1488 3627 memoratos
1536 3575 1747 3647 quam
1786 3554 2283 3625 monasterium
2330 3553 2553 3649 ipsum
2576 3607 2596 3643 ,
2646 3554 3113 3645 obedientias,
3146 3554 3463 3628 homines

639 3691 712 3755 et
740 3680 975 3753 omnia
1013 3680 1199 3751 bona
1250 3699 1376 3750 sua
1418 3678 1490 3749 in
1540 3679 1734 3749 nullo
1766 3677 2075 3749 indebite
2117 3686 2577 3769 aggravantes
2610 3677 2745 3775 (a),
2786 3677 3256 3749 immunitates
3287 3699 3464 3771 quas

638 3814 949 3900 tempore
992 3802 1187 3895 regni
1235 3801 1583 3873 Guillelmi
1633 3801 1733 3891 11,
1789 3800 2185 3872 consobrini
2216 3800 2470 3891 nostri,
2496 3800 2757 3879 habere
2785 3800 3146 3877 consuevit
3176 3798 3326 3896 (sic)
3361 3802 3461 3872 eis

633 3927 903 4020 integre
938 3925 1363 3999 conservetis
1384 3977 1405 4015 ,
1438 3934 1510 3996 et
1542 3925 1613 3994 in
1641 3923 1965 3996 omnibus
1986 3922 2267 4014 judiciis
2285 3933 2356 3994 et
2366 3924 2640 4015 juribus
2662 3922 2805 3994 suis
2829 3922 2929 3994 sic
2955 3924 3462 3996 manuteneatis

638 4050 920 4122 eosdem
968 4049 1161 4142 quod
1201 4023 1282 4119 in*
1316 4046 1512 4118 nullo
1539 4046 1629 4118 de
1663 4054 1897 4117 cetero
1928 4066 2004 4116 se
2032 4043 2335 4115 sentiant
2356 4053 2718 4136 gravatos,
2759 4054 2830 4115 et
2859 4064 2989 4114 nos
3014 4043 3460 4117 devotionem

635 4184 938 4246 vestram
971 4172 1269 4269 amplius
1296 4169 1890 4243 commendemus.
1927 4168 2065 4239 Nos
2103 4166 2288 4237 enim
2324 4176 2517 4238 tanto
2550 4188 2669 4239 eos
2689 4166 2759 4238 in
2780 4165 3102 4239 omnibus
3129 4169 3457 4240 volumus

719 4368 802 4449 (a)
847 4369 921 4430 In
945 4371 1229 4448 impresso
1251 4366 1350 4427 hic
1372 4368 1608 4444 irrepsit
1633 4369 1712 4443 et,
1743 4363 1905 4442 quod
1931 4361 2219 4425 abundat.

707 4687 786 4759 (4)
820 4685 1204 4743 nonasterium
1231 4683 1376 4758 apud
1406 4684 1775 4742 Beneventum
1801 4682 1983 4739 situm.
2007 4680 2160 4740 Unda
2189 4679 2478 4754 conjectari
2511 4680 2633 4738 licat
2658 4679 2759 4738 has
2784 4680 2987 4739 litteras
3011 4686 3135 4754 post
3163 4681 3454 4739 Beneventi

633 4784 1087 4859 expugnationem
1112 4783 1342 4857 scriptas
1367 4781 1553 4839 fixisse.
