4525 6031
1060 634 1192 696 aas
2155 634 2796 700 nummum-ra.
2882 705 2889 716 ⁶

1072 794 1379 875 mittant
1448 795 1583 903 qui
1647 820 1905 878 coram
1986 821 2068 878 se
2139 821 2537 880 armorum
2608 792 3185 904 suspensionem
3249 791 3448 875 inter
3517 791 3897 876 civitatem

1070 951 1339 1009 eorum
1374 936 1451 1009 et
1485 927 1862 1012 Veronam
1901 938 2384 1039 pertractent.

1232 1139 1577 1221 (Memorat.
1610 1160 1709 1220 ap.
1740 1145 2058 1216 Βοεηιειι,
2093 1145 2327 1226 1169661.
2357 1144 2589 1223 imper„
2607 1160 2669 1220 p.
2698 1151 2842 1215 2⁴15,
2867 1152 2934 1202 ιι·
2967 1151 3027 1215 5,
3057 1157 3131 1202 ex
3161 1142 3326 1218 eopia
3355 1141 3537 1203 seculi
3564 1140 3713 1204 XIII
3738 1139 3899 1219 apud

1310 1247 1677 1328 Mantuam.)
1909 1267 1912 1270 ’

1167 1436 1420 1506 Datum
1448 1436 1784 1509 Cremona
1801 1490 1821 1526 ,
1851 1437 2070 1510 XXVI
2094 1436 2495 1509 novembris
2515 1489 2535 1525 ‚
2563 1434 2875 1508 secunda
2899 1433 3305 1507 indictione.

707 2049 971 2101 imum
1058 2107 1066 2112 ,
1176 2027 1643 2134 Fridericus‚
1699 2026 2221 2109 Romanorum
2270 2029 2713 2134 imperator,
2754 2025 3101 2130 [Hem-ico
3151 2024 3311 2108 filio
3360 2049 3502 2107 suo
3550 2023 3629 2105 in
3684 2022 3900 2107 Italia

721 2107 949 2157 anunm]

1059 2158 1367 2268 imperii
1418 2160 1698 2268 legato]
1745 2160 2063 2241 mandat
2117 2160 2331 2268 quod
2382 2159 2954 2267 inquisitionem
2997 2158 3160 2241 fieri
3206 2158 3433 2241 faciat
3476 2158 3573 2241 de
3622 2157 3899 2240 salario

1068 2293 1418 2401 potestati
1493 2292 1820 2375 Cesenae
1884 2292 2170 2388 soluto,
2244 2301 2322 2374 et
2381 2303 2634 2400 partes
2686 2292 2784 2374 ad
2832 2291 3303 2401 imperialem
3338 2290 3632 2374 curiam
3669 2290 3901 2373 citare

1070 2450 1226 2507 non
1255 2424 1580 2508 omittat.

1234 2641 1423 2721 (Edit.
1455 2644 1517 2701 ln
1542 2640 1710 2702 Petri
1735 2637 1806 2700 de
1841 2640 1977 2699 Vin.
2014 2640 2209 2719 epist„
2251 2640 2355 2701 llb.
2389 2639 2468 2719 V,
2508 2658 2640 2718 cap.
2671 2640 2893 2717 XLVI,
2935 2639 3072 2700 coll.
3110 2656 3250 2700 cum
3286 2638 3421 2701 cod.
3454 2639 3763 2717 phillipps.
3794 2656 3893 2717 ap.

1308 2748 1634 2810 Mlddlehill
1663 2752 1724 2808 et
1745 2747 1879 2809 cod.
1910 2747 2257 2824 Vespasian.
2291 2747 2528 2808 Cotton.
2566 2749 2627 2806 ln
2654 2746 2802 2806 Bibl.
2835 2747 2992 2809 Mus.
3022 2743 3323 2826 Britann.)

1166 2935 1591 3026 Fridericus,
1635 2944 1774 3006 etc.
1820 2935 1951 3006 Pro
1986 2942 2184 3029 parte
2232 2933 2707 3005 universitatis
2754 2934 3012 3006 Cesene
3032 2986 3053 3026 ‚
3102 2943 3499 3006 nostrorum
3548 2930 3893 3024 fidelium,

1071 3069 1306 3132 nostre
1360 3059 1489 3130 fuit
1552 3058 1944 3130 celsitudini
2018 3080 2243 3153 nuper
2283 3058 2516 3129 oblata
2563 3059 2852 3152 querela
2901 3058 3095 3151 quod
3145 3079 3305 3130 cum
3356 3079 3485 3152 per
3542 3066 3611 3128 te
3671 3057 3901 3153 ipsum

1070 3184 1152 3255 G.
1189 3182 1278 3253 de
1321 3234 1339 3252 .
1378 3236 1394 3252 .
1431 3234 1449 3252 .
1489 3180 1715 3252 fidelis
1752 3191 1989 3252 noster
2031 3182 2343 3252 extiterit
2383 3181 2455 3252 in
2498 3181 2807 3276 ipsorum
2848 3190 3266 3276 potestatem
3309 3182 3609 3270 electuS‚
3643 3180 3900 3254 deinde

1072 3306 1318 3377 eodem
1340 3306 1422 3376 G.
1452 3313 1714 3394 amoto,
1737 3306 1952 3376 alium
1981 3304 2209 3376 eidem
2239 3305 2310 3374 in
2337 3305 2651 3397 ejusdem
2682 3305 3054 3400 potestarie
3080 3305 3311 3377 officio
3340 3305 3627 3376 duxeris
3652 3305 3901 3379 subro-

1070 3428 1407 3520 gandum,
1444 3427 1756 3522 predicto
1782 3429 1863 3499 G.
1903 3428 2129 3522 primo
2163 3429 2386 3500 electo
2419 3450 2546 3524 pro
2575 3439 2725 3501 rata
2759 3429 3089 3523 temporis
3120 3450 3262 3522 quo
3295 3430 3366 3500 in
3405 3430 3653 3502 eodem
3672 3430 3900 3503 officio

1071 3562 1384 3644 steterat,
1423 3551 1672 3623 salario
1708 3573 1836 3646 per
1867 3552 2087 3647 ipsos,
2127 3553 2307 3624 sicut
2354 3553 2633 3644 dicunt,
2672 3553 2942 3646 integre
2975 3555 3371 3648 persolut03
3423 3563 3499 3626 tu
3544 3554 3637 3626 ad
3686 3554 3902 3649 ipsius

1071 3679 1154 3750 G.
1197 3675 1769 3773 postulationem,
1808 3676 1987 3768 juris
2017 3676 2262 3748 ordine
2303 3697 2444 3748 non
2480 3687 2794 3766 servato,
2836 3677 3161 3772 potestati
3208 3687 3282 3749 et
3322 3677 3901 3751 ambasiatoribus

1071 3802 1369 3875 civitatis
1408 3802 1594 3873 illius
1631 3802 1977 3873 mandasti
2017 3811 2097 3873 ut
2134 3801 2362 3873 eidem
2394 3802 2475 3872 G.
2516 3802 2605 3873 de
2641 3810 2788 3873 tot-o
2831 3800 3081 3873 salario
3103 3854 3124 3892 ,
3167 3801 3299 3896 ipsi
3340 3823 3472 3897 per
3508 3812 3732 3874 totum
3770 3824 3899 3875 an·

1071 3948 1241 3996 num
1297 3926 1521 4020 primo
1583 3934 1842 3996 statuto
1863 3977 1884 4016 ‚
1955 3924 2496 3996 satisfactionem
2548 3923 2889 4016 integram
2958 3926 3187 3996 facere
3240 3946 3388 3997 non
3449 3936 3894 4021 postponant.

1065 4049 1420 4122 Asseritur
1452 4048 1663 4120 etiam
1702 4069 1939 4120 coram
1974 4048 2175 4120 nobis
2207 4069 2336 4142 per
2364 4048 2647 4120 eosdem
2681 4048 2873 4140 quod
2904 4069 3031 4142 per
3067 4050 3302 4120 literas
3336 4060 3491 4121 tuas
3518 4051 3781 4122 Thome
3809 4051 3898 4124 de

1067 4174 1358 4246 Materia
1400 4170 1531 4269 (a),
1572 4173 1750 4245 sacri
1790 4173 2063 4268 imperii
2108 4172 2180 4243 in
2215 4172 2624 4244 Romaniola
2654 4172 2912 4243 vicario
2949 4173 3294 4265 generali,
3340 4173 3608 4246 dudum
3645 4174 3900 4248 dedisti

1068 4296 1361 4369 firmiter
1396 4298 1468 4369 in
1501 4297 1849 4369 mandatis
1889 4318 2017 4391 pro
2055 4297 2137 4367 G.
2180 4296 2503 4390 superius
2541 4295 2939 4386 nominato,
2983 4297 3176 4388 quod
3220 4297 3626 4370 mandatum
3673 4298 3902 4393 ipsum

1068 4422 1467 4494 executioni
1499 4421 1753 4493 debeat
1783 4420 2206 4492 demandare
2224 4473 2244 4509 ‚
2278 4420 2349 4491 in
2382 4440 2627 4491 eorum
2654 4441 2868 4512 grave
2892 4420 3355 4515 prejudicium
3383 4431 3455 4494 et
3480 4443 3896 4515 gravamen3

1151 4623 1237 4705 (a)
1281 4626 1354 4686 In
1383 4621 1755 4703 Impressode
1778 4623 1967 4698 Mar„
1993 4630 2135 4694 eum
2166 4626 2230 4685 ln
2256 4624 2390 4686 cod.
2421 4626 2760 4705 Phllllpps.,
2792 4622 3097 4706 Thoplemo
3118 4622 3188 4686 da
3216 4629 3475 4705 Marem
3499 4630 3562 4689 ln
3587 4627 3723 4689 cod.
3758 4644 3901 4691 vero

1073 4732 1314 4809 vespas.
1343 4731 1497 4791 Bibl.
1531 4732 1691 4793 Mus.
1721 4730 2021 4804 Britann„
2052 4738 2238 4809 recte,
2272 4729 2482 4792 Thone
2508 4729 2579 4792 de
2602 4733 2822 4812 Macer,
2849 4748 2987 4794 cum
3011 4732 3470 4796 abbreviationis
3494 4737 3690 4815 siguo.
