4525 6031
1022 1763 1091 1814 io
1121 1752 1239 1813 feb.

1003 2235 1092 2296 ‘27
1123 2233 1244 2295 seb.

1373 1754 1649 1834 Poggiae.

1373 2236 1650 2314 Foggiae.

1900 561 2157 623 INDEX
2209 561 2911 625 DOCUMENTORUM.

1754 920 1836 932 —
1873 888 2090 951 Scribit
2134 893 2464 968 justiciario
2517 890 2733 951 Terrae
2776 887 3023 950 Laboris
3076 887 3153 949 de
3199 888 3530 966 colligenda
3582 890 3831 965 pecunia

1834 1003 1942 1065 pro
1980 991 2293 1068 maritagio
2333 989 2494 1050 filiae
2532 1005 2672 1049 suae
2708 988 2834 1048 filio
2875 986 3237 1048 marchionis
3282 986 3596 1048 misnensis
3640 1002 3829 1065 copu-

1835 1084 2071 1146 landae.
3708 1091 3829 1145 2⁴9

1627 1215 1645 1235 .
1755 1212 1836 1225 —
1876 1179 2228 1258 Pandulpho
2269 1181 2345 1243 de
2379 1180 2688 1243 Fasanella
2728 1180 2960 1256 imperii
2999 1181 3063 1239 in
3107 1179 3323 1240 Tuscia
3364 1180 3586 1241 vicario
3630 1180 3838 1241 scribit

1838 1275 2112 1337 abbatem
2149 1279 2489 1337 monasterii
2520 1276 2724 1337 Sancti
2757 1275 3079 1338 salvatoris
3113 1274 3187 1335 de
3217 1275 3422 1336 Monte
3448 1274 3686 1336 Amiato
3721 1276 3834 1337 sibi

1836 1370 2134 1448 querelam
2190 1372 2458 1433 retulisse
2510 1370 2674 1449 quod
2720 1373 2845 1448 ipse
2886 1373 3144 1432 vicarius
3185 1370 3663 1448 jurisdictionem
3706 1374 3835 1449 ejus
3882 1409 3889 1416 -

1837 1475 2042 1529 contra
2081 1471 2527 1548 privilegiorum
2570 1469 2961 1545 imperialium
3009 1474 3275 1546 tenorem
3309 1468 3624 1548 impediat,
3664 1470 3839 1547 eique

1839 1568 2087 1629 mandat
2123 1575 2192 1630 ut
2225 1571 2277 1629 si
2314 1585 2408 1629 res
2455 1572 2539 1628 lta
2578 1584 2642 1629 se
2685 1567 2992 1642 habuerit,
3035 1568 3290 1646 querelis
3328 1567 3560 1627 abbafis
3599 1567 3836 1628 satisfa-

1841 1665 1983 1723 ciat.
3714 1671 3829 1726 ²⁶1

1763 1791 1841 1804 —
1883 1759 2160 1837 Philippo
2199 1760 2274 1821 de
2318 1759 2652 1821 Brundusio
2697 1759 2890 1837 judici
2932 1761 2998 1820 in
3045 1759 3336 1818 vicariatu
3387 1757 3721 1837 Pandulphl
3761 1758 3839 1820 de

1842 1857 2151 1917 Fasanella
2178 1858 2425 1918 mandat
2454 1864 2523 1916 ut
2548 1855 2628 1915 ad
2655 1857 3100 1933 requisitIonem
3134 1854 3368 1915 abbatis
3393 1854 3596 1916 Sancti
3623 1854 3836 1916 Salva-

1842 1955 1987 2012 toris
2013 1952 2090 2013 de
2124 1954 2329 2014 Monte
2355 1954 2630 2031 Amiato,
2656 1957 2836 2013 testes
2862 1969 3062 2013 coram
3095 1968 3159 2013 se
3184 1953 3387 2012 venire
3421 1950 3603 2012 iaciat
3627 1958 3690 2013 et
3722 1969 3837 2013 au-

1839 2051 1967 2112 diat
2008 2068 2184 2129 super
2241 2052 2510 2113 articulis
2553 2051 2618 2110 in
2671 2051 2896 2111 eisdem
2940 2051 3150 2111 litteris
3192 2051 3528 2111 interclusis
3579 2065 3840 2129 respon-

1843 2159 2036 2203 surOS.
3720 2150 3836 2204 252

1763 2269 1845 2286 —
1881 2239 2175 2300 Richardo
2202 2243 2408 2300 comiti
2438 2238 2771 2302 cornubiae
2797 2240 3022 2301 sororio
3050 2255 3159 2300 suo
3184 2240 3423 2320 nuntiat
3456 2253 3612 2316 quae
3640 2237 3842 2299 clades

1844 2338 1909 2396 in
1945 2337 2129 2397 Terra
2163 2336 2379 2398 Sancta
2407 2338 2762 2398 christianos
2787 2337 3104 2410 afflixerit,
3122 2325 3345 2397 ‘dolens
3368 2336 3444 2397 de
3470 2334 3838 2414 Templario-

1844 2451 1978 2495 rum
2019 2440 2080 2495 et
2105 2434 2398 2496 baronum
2437 2436 2654 2495 Terrae
2688 2434 3119 2510 imprudentia,
3157 2441 3219 2494 et
3248 2433 3413 2511 quod
3454 2449 3650 2510 neque
3688 2433 3842 2494 Gre-

1844 2534 2045 2611 gorius
2069 2549 2225 2609 papa
2247 2549 2440 2610 neque
2476 2533 2855 2592 Innocentius
2883 2530 3213 2592 subsidium
3239 2546 3278 2591 a
3310 2546 3375 2590 ee
3412 2530 3542 2607 ipso
3575 2528 3840 2591 oblatum

1846 2632 2105 2706 accipere
2131 2630 2450 2691 voluerint.
3720 2636 3841 2689 2⁵⁴

1011 2729 1263 2790 februar.
1378 2725 1654 2804 Poggiae.
1767 2758 1848 2773 —
1886 2727 2208 2788 Henricum
2236 2727 2312 2787 de
2336 2727 2744 2806 Schaumberg
2771 2725 3214 2787 ministerialem
3238 2739 3419 2786 suum
3446 2730 3510 2785 et
3527 2722 3686 2785 filios
3709 2728 3845 2802 ejus

1055 2922 1223 3003 [febr.

1058 3309 1226 3388 [febr.
1314 3349 1330 3367 .

1014 3401 1283 3488 exeunt]

1026 3600 1260 3661 martio.

1029 4080 1265 4143 martio.

1847 2839 1984 2884 cum
2013 2824 2288 2885 omnibus
2315 2841 2521 2885 eorum
2550 2823 2726 2884 bonis
2745 2824 2860 2884 sub
2885 2840 2996 2885 sua
3019 2824 3382 2900 protectione
3407 2822 3636 2898 recipit.
3722 2830 3843 2883 2⁵9

1304 2962 1322 2981 .
1384 2959 1736 2981 ......
1771 2950 1849 2963 -
1889 2919 2272 2998 Magnetibus
2307 2922 2475 2998 regni
2509 2917 2761 2998 Angliae
2800 2919 3008 2980 scribit
3033 2919 3108 2978 de
3136 2920 3381 2995 justitia·
3411 2933 3626 2978 causae
3662 2933 3844 2990 auec,

998 3021 1275 3096 exeunt]
1399 3036 1408 3049 ·

1388 3595 1664 3676 &88¹oe-

1393 4076 1670 4157 Ὲο88180·

1848 3015 2168 3093 deprecans
2193 3035 2272 3079 ne
2293 3021 2354 3078 in
2376 3035 2551 3079 suum
2578 3018 2997 3079 detrimentum
3022 3033 3208 3094 papae
3228 3015 3463 3076 aemulo
3484 3030 3595 3076 suo
3620 3014 3850 3093 aliquid

1850 3114 2256 3191 contribuant,
2300 3116 2690 3194 hortaturque
2731 3122 2803 3176 ut
2836 3119 3049 3193 jugum
3091 3115 3498 3176 Romanorum
3536 3127 3576 3173 a
3614 3128 3682 3173 se
3716 3114 3848 3175 exi-

1851 3217 2040 3270 mant.
3727 3215 3849 3271 28⁰

1724 3349 1742 3367 .
1774 3337 1855 3347 —
1894 3305 2195 3365 Ludovico
2228 3304 2591 3367 Francorum
2625 3306 2751 3385 regi
2789 3305 3122 3384 congaudet
3165 3305 3329 3383 quod
3363 3304 3667 3383 resumpta
3704 3320 3851 3381 cor-

1855 3404 2014 3476 poris
2067 3401 2354 3475 sanitate‚
2407 3419 2645 3463 crucem
2697 3404 2984 3480 receperit
3036 3406 3098 3463 et
3146 3404 3212 3463 in
3256 3400 3657 3464 defensionen
3707 3400 3853 3465 fidei

1855 3513 2051 3557 novus
2075 3499 2239 3576 pugil
2268 3484 2562 3577 insurgat.
3728 3506 3841 3563 2⁶1

1778 3626 1857 3639 —
1896 3592 1993 3653 Ad
2040 3596 2529 3674 supplicationem
2574 3596 2813 3657 Henrici
2857 3594 3177 3657 Misnensis
3224 3602 3287 3657 et
3328 3594 3646 3659 Orientalis
3682 3612 3849 3677 mnr-

1791 3748 1794 3753 .
1858 3691 2108 3766 chionis,
2130 3693 2502 3754 collationem
2529 3708 2635 3769 per
2654 3695 2849 3770 ipsum
2870 3696 3225 3754 monasterio
3253 3692 3508 3756 Cellensi
3527 3676 3747 3757 hetam
3773 3694 3852 3756 de

1857 3789 2001 3853 villa
2027 3789 2363 3863 Nissewaz,
2392 3791 2470 3851 de
2491 3791 2842 3852 molendinis
2867 3793 2933 3851 in
2951 3790 3267 3870 Grimlnis,
3294 3798 3439 3869 etc„
3467 3796 3531 3852 et
3550 3790 3849 3870 quasdam

1859 3887 2183 3963 emptiones
2220 3885 2298 3947 ab
2325 3885 2532 3947 eodem
2571 3888 2930 3948 monasterio
2956 3885 3177 3963 tactas,
3204 3892 3366 3949 ratas
3394 3884 3577 3949 babet
3600 3891 3663 3948 et
3694 3902 3846 3949 con·

1859 3980 2080 4042 firmat.
3694 3990 3850 4049 ..202

1784 4111 1862 4124 —
1906 4079 2004 4140 Ad
2028 4080 2513 4157 supplicationem
2539 4078 2780 4141 Henrici
2806 4081 3121 4142 Misnensis
3146 4084 3208 4141 et
3225 4078 3542 4142 orientalis
3556 4066 3854 4147 marchio·

1862 4177 1983 4249 nis,
2012 4177 2373 4237 monasterio
2401 4175 2478 4237 de
2502 4173 2670 4238 Buch
2697 4174 3101 4239 cisterciensis
3125 4176 3349 4237 ordinis
3375 4164 3670 4255 quidquid
3692 4177 3854 4259 idem

1862 4273 2286 4332 monasterium
2320 4272 2397 4332 ab
2432 4273 2564 4350 ipso
2601 4273 2970 4348 marchione,
3000 4273 3078 4335 ab
3102 4272 3362 4334 Henrico
3395 4271 3701 4355 quorum
3728 4270 3859 4335 no-

1864 4383 2176 4428 manorum
2212 4383 2350 4447 rege
2386 4373 2448 4430 et
2472 4385 2511 4430 a
2535 4368 2808 4447 pluribus
2841 4370 2974 4431 aliis
3008 4368 3344 4431 donationis
3380 4369 3510 4430 sive
3542 4367 3857 4457 munh

1864 4464 2040 4524 titulo
2067 4466 2464 4544 comparavit,
2493 4471 2689 4527 ratum
2714 4465 2895 4528 habet
2919 4471 2981 4528 et
3004 4465 3333 4528 confirmat.
3560 4494 3561 4507 κ
3732 4462 3854 4533 'u

1787 4559 2119 4621 —Scribit
2158 4577 2346 4639 papae
2382 4578 2445 4623 se
2481 4562 2848 4640 patriarchae
2884 4561 3254 4627 Antiocheno
3279 4550 3719 4643 confide'nffl,
3744 4542 3852 4649 981

1863 4658 2026 4735 ‘pacis
2052 4655 2330 4720 fiduciam
2359 4652 2727 4738 aliquamdiu
2763 4658 3064 4723 turbatam
3090 4675 3168 4722 ex
3194 4658 3363 4738 parte
3384 4652 3707 4737 apostelica
3728 4652 3853 4719 oh-
