4525 6031
1028 605 1147 666 762
2027 605 2462 668 anmucl
2514 606 2861 668 SECUNDI
3474 607 3641 687 [Arm.
3675 608 3853 672 1250.

1026 742 1097 812 in
1146 763 1357 813 mauu
1404 740 1563 813 forti
1612 750 1684 812 et
1716 739 2005 813 brachio
2040 750 2332 812 extenso
2382 738 2484 837 (a)
2528 739 2989 835 personaliter
3022 761 3151 813 nos
3200 741 3554 834 conferre,
3588 752 3668 814 ut
3696 741 3863 816 fide-

1027 866 1195 936 lium
1231 875 1628 938 nostrorum
1667 864 1788 957 qui
1825 885 1951 959 pro
1984 862 2148 936 fidei
2188 872 2424 936 nostre
2460 864 2742 936 nomine
2775 873 2847 935 et
2877 863 3060 935 felici
3096 873 3281 936 statu
3314 865 3587 960 imperii
3622 887 3857 960 perso-

1023 1009 1271 1059 narum
1333 988 1642 1083 pericula
1701 997 1773 1059 et
1828 1009 2060 1059 rerum
2109 985 2473 1082 dispendia
2521 1008 2664 1058 uon
2726 986 3070 1075 vitarunt,
3124 987 3373 1081 amplis
3425 988 3853 1083 premiorum

1025 1112 1600 1184 retributionibus
1636 1132 2169 1206 compensemus
2190 1164 2210 1201 ,
2254 1121 2325 1181 et
2371 1110 2700 1181 effrenam
2737 1110 3135 1204 superbiam
3179 1121 3575 1183 nostrorum
3618 1113 3849 1185 rebel-

1027 1235 1193 1305 lium
1220 1288 1239 1323 ,
1290 1236 1410 1327 qui
1457 1256 1645 1305 nunc
1691 1235 1780 1306 de
1827 1234 2141 1306 absentia
2182 1241 2421 1305 nostra
2469 1233 2755 1305 forsitan
2794 1234 3207 1326 gloriantur,
3259 1235 3570 1330 potentie
3618 1246 3853 1309 nostre

1023 1360 1276 1431 malleo
1309 1368 1774 1431 conteramuS.
1816 1358 2054 1452 Nuper
2090 1357 2298 1428 etiam
2330 1356 2423 1429 ad
2462 1356 2895 1430 roborandas
2935 1357 3005 1428 in
3052 1357 3301 1429 melius
3356 1359 3542 1430 vires
3580 1370 3855 1433 nostras

1022 1482 1526 1575 Calojohannes
1542 1481 1830 1553 illustris
1852 1481 2230 1576 imperator
2254 1481 2661 1571 Grecorum‚
2681 1480 2978 1553 dilectus
2995 1502 3216 1573 gener
3231 1491 3493 1574 noster,
3525 1504 3853 1576 magnam

1022 1605 1225 1677 nobis
1280 1605 1741 1699 quantitatem
1800 1603 2274 1675 archeriorum
2321 1612 2394 1674 et
2443 1603 2672 1695 gentis
2724 1603 3012 1674 alterius
3066 1602 3440 1675 destinavit
3483 1603 3628 1701 (l);
3688 1628 3850 1678 cum

1022 1729 1278 1821 quibus
1346 1737 1419 1800 et
1483 1728 1636 1799 aliis
1685 1725 2194 1819 magnificentie
2238 1736 2476 1799 nostre
2533 1726 2854 1820 presidiis
2881 1781 2902 1817 ,
2960 1747 3098 1820 que
3168 1728 3697 1822 preparavimus
3743 1730 3848 1801 in-

1024 1860 1290 1923 stanter
1313 1904 1332 1940 ,
1404 1851 1504 1923 sic
1556 1850 1649 1923 ad
1703 1830 2179 1923 confusionem
2232 1859 2631 1923 nostrorum
2689 1850 3058 1922 rebellium
3112 1851 3568 1947 proponimus
3617 1852 3843 1925 victo·

1023 1976 1205 2047 riose
1263 1973 1644 2068 procedere
1669 2025 1690 2064 ‚
1742 1973 1933 2066 quod
1993 1973 2305 2069 potentie
2363 1973 2717 2046 vicinitate
2772 1973 3159 2069 perterriti,
3220 1975 3346 2046 vix
3392 1967 3729 2069 adjiciant
3770 1987 3850 2049 ut

1022 2108 1414 2191 resurgant.

1125 2706 1580 2790 Thomasius
1626 2708 1942 2792 Gentilis
1998 2734 2325 2819 magnae
2369 2708 2622 2818 regiae
2677 2708 2930 2791 curiae
2983 2707 3348 2818 magister
3392 2705 3848 2817 justitiarius

1015 2850 1091 2923 et
1160 2838 1518 2923 Nicolaus
1589 2841 1685 2923 de
1750 2841 2002 2925 Trano
2056 2840 2401 2950 ejusdem
2457 2841 2713 2924 curiae
2771 2840 3008 2951 judex
3077 2840 3289 2923 litem
3348 2849 3847 2925 contestatam

1015 2981 1447 3056 memorant
1494 2972 1691 3056 inter
1743 2972 2098 3057 abbatem
2153 2984 2228 3058 et
2280 2983 2737 3059 conventum
2796 2971 3116 3056 Sanctae
3170 2972 3497 3057 Helenae
3545 2998 3637 3056 ex
3690 2997 3846 3055 una

1017 3115 1230 3216 parte
1264 3118 1337 3188 et
1375 3106 1919 3216 Rigandasiam
1956 3133 2271 3191 uxorem
2310 3107 2704 3217 quondam
2740 3105 2917 3191 Julii
2951 3108 3049 3191 de
3087 3105 3443 3218 Anglona
3477 3132 3573 3189 ex
3609 3105 3845 3188 altera

1017 3264 1247 3345 super
1303 3237 1682 3321 casalibus
1731 3238 2010 3323 Montis
2063 3237 2274 3323 Calvi
2331 3248 2407 3323 et
2453 3238 2856 3322 Tonniculi
2909 3252 2985 3321 et
3045 3239 3478 3322 tenimentis
3533 3263 3840 3344 eorum,

1015 3395 1339 3478 eamque
1382 3368 1603 3477 juxta
1652 3370 1997 3479 vigorem
2048 3371 2391 3453 mandati
2439 3370 2857 3480 imperialis
2910 3368 3133 3479 cujus
3187 3380 3409 3454 tenor
3452 3371 3841 3477 inseritur,

1014 3499 1523 3586 nonobstante
1595 3500 1988 3610 privilegio
2046 3528 2094 3584 a
2150 3528 2329 3611 rege
2387 3504 2739 3586 Conrado
2800 3502 3051 3612 primo
3118 3512 3383 3585 contra
3452 3501 3845 3586 veritatem

1014 3633 1363 3739 obtent0,
1405 3659 1544 3742 pro
1578 3633 1985 3742 praedictis
2022 3633 2301 3718 abbate
2336 3645 2412 3718 et
2445 3645 2825 3719 conventu
2862 3634 3263 3718 dirimunt.

1177 3871 1410 3950 (Edidit
1451 3872 1634 3935 Grov.
1684 3873 1887 3935 Anna.
1941 3875 2130 3948 Tau,
2175 3873 2455 3936 Memorio
2488 3873 2731 3936 stov-icles
2773 3871 2927 3935 della
2975 3872 3122 3937 cited
3156 3893 3188 3935 e
3231 3872 3436 3936 diceas.
3480 3872 3546 3935 di
3586 3874 3841 3949 Lau-bno,

1253 3979 1360 4040 nb.
1382 3980 1490 4058 IV,
1519 3996 1650 4056 cap.
1681 3979 1762 4053 X,
1790 3997 1853 4056 p.
1886 3988 2003 4041 468
2037 3987 2096 4041 et
2121 3996 2289 4059 seqq.
2322 3979 2561 4060 (Roma,
2598 3989 2776 4055 1744,
2807 3986 2918 4056 4⁰),
2949 3997 3028 4042 ex
3051 3981 3259 4043 charta
3283 3984 3347 4043 ln
3374 3980 3616 4043 archivo
3658 3982 3839 4059 capit.

1254 4085 1455 4146 Larlu.
1486 4087 1663 4146 nlmls
1689 4085 2053 4164 negligenter
2083 4085 2486 4166 transcripta.)

1103 4270 1185 4349 (a)
1226 4259 1296 4332 In
1331 4271 1579 4332 codicib.
1610 4267 1832 4332 excelso
1855 4273 1988 4332 cito.

1085 4605 1161 4679 (4)
1197 4603 1573 4662 verisimiliter
1594 4603 1772 4676 agitur
1799 4604 1868 4660 de
1891 4603 1996 4659 isto
2022 4602 2261 4660 subsidio
2283 4602 2440 4676 cujus
2464 4602 2790 4661 mentionem
2814 4602 2944 4661 fecit
2965 4603 3259 4678 imperator
3282 4602 3341 4660 in
3366 4601 3482 4660 suis
3503 4600 3574 4659 ad
3599 4599 3843 4658 Michae-

1012 4703 1122 4759 lum
1151 4702 1450 4760 Cumanum
1478 4700 1690 4757 litteris.
1718 4698 1840 4758 Vid.
1872 4712 2065 4772 supra,
2096 4714 2153 4772 p.
2185 4700 2315 4755 760.
