4525 6031
973 632 1093 696 702
1964 631 2395 694 vammum
2444 631 2789 694 sssetmm
3245 663 3248 670 ·
3409 630 3574 709 [Anu.
3610 631 3787 695 1249.

970 790 1100 841 nos
1133 768 1227 840 ibi
1259 777 1551 841 conatur
1578 767 1955 840 adversarii
1992 768 2208 839 nostri
2246 767 2457 860 rigor,
2493 767 2610 838 ubi
2642 766 2896 859 quietis
2930 779 3002 838 et
3036 766 3226 861 pacis
3252 766 3496 839 solatia
3523 766 3795 839 studio·

970 893 1114 964 sius
1167 914 1641 988 procuramus,
1693 892 1931 986 Nuper
1983 892 2168 963 enim
2214 892 2306 963 ad
2345 889 2769 962 audientiam
2819 899 3125 961 nostram
3172 910 3314 961 non
3364 890 3515 960 sine
3565 889 3798 961 cordis

970 1017 1494 1113 perturbatione
1527 1016 1870 1113 pervenit,
1896 1015 2085 1110 quod
2118 1016 2248 1088 iste
2279 1017 2588 1088 Romane
2619 1016 2821 1087 Sedis
2845 1014 3159 1105 antistes,
3182 1013 3295 1085 cui
3322 1033 3467 1084 non
3497 1014 3664 1086 satis
3690 1023 3799 1087 est

924 1137 1262 1213 {initalie
1295 1142 1605 1238 partibus
1640 1141 2014 1236 impetiisse
2047 1162 2176 1213 nos
2206 1139 2544 1211 hactenus
2578 1139 2713 1210 nisi
2750 1139 2819 1209 in
2862 1139 3058 1230 regni
3089 1139 3307 1210 nostri
3340 1138 3685 1234 pomerio,
3724 1138 3791 1209 in

973 1286 1114 1356 quo
1148 1267 1440 1337 velutin
1478 1266 1836 1339 oculorum
1875 1274 2269 1337 nostrorum
2307 1263 2571 1360 pupilla
2604 1263 3088 1358 pertingimur,
3127 1262 3362 1357 spinas
3388 1262 3787 1350 interserat,

973 1398 1045 1460 et
1075 1399 1465 1462 nostrorum
1501 1389 1713 1462 corda
1752 1387 2088 1480 fidelium,
2113 1410 2251 1482 que
2286 1387 2583 1460 fidelitas
2612 1388 2847 1460 nativa
2880 1388 3293 1477 consolidat,
3326 1409 3368 1459 a
3400 1397 3637 1459 nostra
3669 1387 3794 1459 de·

970 1514 1254 1587 votione
1293 1515 1685 1604 subvertat,
1721 1535 1943 1608 nuper
1981 1514 2050 1584 in
2091 1535 2380 1606 regnum
2414 1535 2540 1608 per
2578 1514 2827 1585 fratres
2866 1513 3341 1585 predicatores
3387 1522 3457 1583 et
3495 1512 3797 1584 Minores

956 1629 1056 1709 ¹ac
1091 1638 1447 1731 religiosos
1490 1632 1663 1711 alios
1705 1639 1939 1709 literas
1978 1658 2140 1708 suas
2184 1636 2572 1732 improvide
2608 1637 2879 1729 dirigit,
2920 1648 2992 1709 et
3042 1638 3349 1709 occultas
3397 1636 3796 1709 occasiones

971 1761 1262 1833 innectit
1301 1763 1555 1855 quibus
1603 1761 2343 1834 excommunicationis
2394 1772 2467 1833 et
2514 1761 2860 1833 interdicti
2910 1761 3360 1852 sententiam,
3424 1782 3637 1856 quam
3685 1761 3795 1831 in-

963 1886 1152 1977 juste
1193 1885 1459 1959 dudum
1496 1896 1735 1958 contra
1775 1897 2081 1958 nostram
2125 1885 2612 1957 excellentiam
2651 1886 3067 1976 fulminavit,
3104 1906 3146 1956 a
3194 1883 3518 1957 fidelibus
3541 1885 3794 1956 nostris

968 2009 1362 2101 regnicoliS,
1404 2031 1580 2104 quos
1612 2010 1804 2082 velut
1835 2009 1907 2080 in
1937 2019 2175 2105 petrea
2208 2009 2583 2082 devotione
2615 2007 2946 2101 firmatos,
2980 2009 3213 2082 verbis
3246 2008 3638 2099 hujusmodi
3670 2008 3797 2079 fri-

968 2131 1148 2204 volis
1175 2132 1420 2205 leviter
1441 2131 1623 2205 flecti
1649 2154 1849 2228 posse
1873 2154 2015 2205 non
2045 2132 2416 2225 credimus,
2444 2133 2651 2205 faciat
2675 2133 3069 2206 observari:
3095 2132 3796 2204 excommunicationi

968 2256 1418 2328 nihilominus
1450 2268 1521 2328 et
1553 2257 1920 2329 interdicto
1947 2257 2323 2350 subJ‘iciens
2353 2258 2752 2351 quicunque
2778 2278 2972 2329 more
3003 2258 3207 2330 solito
3236 2256 3440 2329 nobis
3465 2278 3795 2329 reveren·

971 2389 1077 2450 ter
1118 2380 1457 2453 obediunt
1508 2391 1581 2453 et
1641 2382 1895 2453 nostris
1939 2381 2366 2475 jussionibus
2416 2381 2896 2474 obsequuntur
2935 2380 3068 2478 (a).
3124 2382 3534 2474 Quanquam
3585 2380 3795 2472 igitur

968 2525 1178 2599 super
1208 2504 1317 2576 his
1346 2526 1490 2577 non
1523 2505 1887 2578 videamus
1917 2506 2304 2601 expediens
2336 2506 2592 2601 scripta
2616 2517 2852 2579 nostra
2880 2506 3208 2598 dirigere,
3241 2528 3365 2578 seu
3399 2516 3794 2579 nostrorum

967 2624 1278 2700 fidelium
1328 2630 1596 2701 animos
1630 2632 1961 2721 excitare,
1999 2628 2160 2722 quia
2197 2641 2428 2702 tamen
2459 2630 2551 2702 de
2583 2630 2778 2723 regni
2814 2632 3030 2703 nostri
3071 2641 3256 2703 statu
3294 2628 3584 2725 pacifico
3612 2630 3795 2701 inter

966 2761 1235 2825 ceteras
1274 2754 1866 2827 considerationes
1904 2766 2177 2828 nostras
2217 2755 2546 2852 precipue
2577 2777 2709 2828 nos
2739 2778 2906 2829 cura
2946 2756 3299 2851 perangit,
3336 2756 3530 2829 velut
3563 2755 3684 2848 qui
3719 2754 3791 2825 in

966 2877 1117 2969 ejus
1146 2878 1378 2973 quiete
1415 2878 1835 2972 quiescimus
1876 2889 1949 2952 et
1979 2879 2051 2950 in
2096 2878 2339 2975 ipsius,
2378 2880 2567 2974 quod
2604 2880 2825 2972 absit,
2866 2881 3275 2975 intemperie
3324 2880 3788 2969 turbaremur,

962 3002 1398 3074 voluntatem
1425 3011 1762 3095 nostram,
1795 3025 2005 3099 quam
2035 3003 2125 3077 de
2152 3003 2554 3098 hujusmodi
2589 3003 2993 3077 temeritatis
3024 3004 3286 3077 ultione
3313 3003 3788 3099 concepimuS,

918 3139 923 3145 ·
968 3135 1209 3199 tenore
1257 3128 1680 3223 presentium
1725 3127 2140 3202 denotamus
2180 3160 2198 3201 ε
2239 3130 2569 3202 videlicet
2611 3130 2802 3223 quod
2848 3151 3182 3225 personas
3230 3130 3608 3224 quaslibet,
3654 3150 3792 3223 que

966 3251 1198 3323 literas
1228 3261 1630 3347 presentare
1668 3252 1953 3327 cuilibet
2001 3255 2115 3325 vel
2151 3254 2241 3326 ab
2278 3254 2514 3348 aliquo
2546 3254 2857 3349 recipere
2898 3264 3355 3350 presentataS,
3387 3263 3509 3325 aut
3547 3252 3790 3346 hujus-

966 3374 1155 3447 modi
1201 3376 1377 3447 forte
1418 3398 1663 3469 parere
1707 3377 2054 3448 mandatis
2084 3400 2208 3449 seu
2252 3378 2827 3473 qualitercunque
2865 3379 3100 3450 favere
3143 3388 3659 3474 presumerent,
3715 3387 3794 3448 ut

965 3522 1174 3596 poena
1206 3499 1502 3573 docente
1534 3501 1920 3596 percipiant
1945 3513 2282 3596 quantum
2310 3525 2548 3575 eorum
2580 3526 2910 3575 excessus
2932 3512 3167 3576 nostra
3200 3504 3523 3595 majestas
3544 3502 3794 3575 abhor-

963 3634 1141 3714 reat,
1179 3625 1658 3718 cujuscunque
1691 3624 1947 3697 fuerint
1978 3625 2420 3718 conditioniS,
2459 3628 2661 3699 etatis
2692 3637 2814 3699 aut
2845 3649 3099 3716 sexuS,
3140 3627 3441 3698 incendii
3468 3627 3793 3699 volumus

965 3747 1286 3843 passione
1343 3749 1685 3822 mulctari.
1745 3748 1856 3822 Ad
1905 3749 2156 3822 horum
2211 3752 2418 3823 etiam
2471 3751 2874 3824 insolentias
2930 3750 3251 3823 subtilius
3301 3749 3786 3844 inquirenda8‚

963 3871 1327 3964 adJ‘icimus
1354 3880 1434 3943 ut
1462 3872 1861 3967 quicunque
1893 3875 1981 3946 de
2014 3872 2336 3949 fidelibus
2367 3875 2622 3948 nostris
2655 3875 3041 3967 regnicolis,
3080 3874 3468 3947 devotionis
3505 3874 3787 3967 integri·

969 4005 1107 4067 tate
1139 3996 1506 4087 clarenteS,
1528 3998 1843 4092 publicos
1871 3999 2338 4093 predictorum
2363 4021 2780 4073 excessuum
2811 4007 3197 4094 patratores
3223 3998 3296 4069 in
3324 3998 3474 4093 ipso
3502 3997 3791 4070 crimine

961 4117 1277 4211 flagranti
1315 4121 1701 4215 reperient,
1741 4134 1813 4194 et
1850 4122 2104 4194 ardens
2137 4123 2298 4195 fidei
2337 4147 2460 4197 sue
2495 4125 2727 4196 servor
2759 4132 3021 4194 tantam
3061 4145 3327 4195 moram
3359 4122 3642 4194 minime
3677 4142 3794 4217 pa·

967 4243 1175 4315 tiatur
1206 4245 1397 4337 quod
1428 4246 1519 4317 ad
1559 4246 1921 4339 regionum
1946 4247 2355 4339 justitiarios
2387 4247 2665 4320 valcant
2702 4246 2962 4318 babere
3001 4268 3392 4337 recursum,
3429 4247 3615 4342 ipsos
3647 4246 3790 4317 im-

962 4389 1188 4462 punes
1222 4390 1375 4440 esse
1407 4371 1730 4442 volumus
1775 4371 1832 4441 si
1864 4370 1955 4443 de
1991 4371 2612 4464 transgressoribus
2642 4371 2808 4465 ipsis
2844 4371 3263 4466 sumpserint
3297 4371 3670 4462 ultionem,
3708 4391 3790 4442 ac

961 4490 1054 4564 ob
1085 4513 1210 4564 sue
1243 4490 1406 4565 fidei
1437 4493 1762 4565 meritum
1795 4494 2039 4568 faciem
2072 4506 2310 4569 nostre
2339 4496 2730 4569 serenitatis
2762 4496 3048 4568 hilarem
3085 4506 3156 4567 et
3185 4517 3227 4595 a
3260 4496 3457 4569 nobis
3487 4495 3784 4567 retribu-

1042 4738 1127 4819 (a)
1170 4741 1244 4801 In
1268 4740 1468 4801 codice
1493 4737 1899 4801 obsecundant.
