4525 6031
1087 674 1209 736 808
2085 668 2520 731 FRIDERICI
2567 665 2917 729 SECUNDI
3526 664 3692 744 [An.
3725 664 3904 728 1250.

1087 815 1339 880 ventus
1373 805 1587 900 ipsius
1614 803 2038 899 deputentur
2072 805 2166 876 ad
2204 803 2712 900 reparationem
2749 810 2818 872 et
2848 798 3516 871 consummationem
3550 800 3781 894 pontis
3796 800 3908 893 ‚ibi

1086 928 1464 1002 constructi
1504 927 1616 999 vel
1660 925 2133 998 construendi.
2174 967 2265 979 —
2307 927 2480 997 Item
2518 924 2885 996 statuimus
2923 931 3005 993 ut
3048 943 3292 993 omnes
3340 922 3595 1017 captivi
3634 922 3704 993 in
3754 945 3905 995 car-

1088 1074 1248 1125 cere
1288 1060 1526 1124 nostro
1564 1051 1831 1122 detenti
1870 1051 2283 1139 liberentur,
2320 1061 2556 1146 preter
2589 1049 2743 1120 illos
2787 1046 2877 1117 de
2917 1046 3207 1140 imperio
3250 1055 3321 1117 et
3356 1056 3592 1141 preter
3631 1046 3786 1119 illos
3817 1046 3906 1120 de

1087 1197 1303 1268 regno
1344 1176 1465 1268 qui
1506 1175 1689 1269 capti
1739 1183 1901 1245 sunt
1949 1195 2041 1244 ex
2073 1174 2483 1268 proditionis
2529 1180 2718 1244 nota.
2750 1211 2852 1225 —
2888 1171 3061 1242 Item
3107 1169 3471 1241 statuimus
3517 1169 3707 1263 quod
3748 1192 3904 1264 pre-

1087 1302 1268 1372 fatus
1303 1297 1704 1370 Manfredus
1733 1296 1916 1368 filius
1952 1307 2190 1369 noster
2223 1296 2546 1368 omnibus
2580 1293 3027 1366 benemeritis
3064 1292 3154 1365 de
3183 1293 3442 1365 familia
3478 1302 3716 1365 nostra
3743 1315 3906 1389 pro·

1084 1424 1319 1496 videat
1364 1424 1518 1494 vice
1563 1432 1799 1493 nostra
1833 1421 1906 1491 in
1946 1421 2170 1512 terriS,
2224 1421 2466 1492 castris
2499 1430 2570 1491 et
2601 1418 2818 1507 villis,
2864 1419 3059 1489 salvo
3095 1418 3419 1489 demanio
3452 1418 3648 1509 regni
3687 1417 3906 1490 nostri

1084 1547 1338 1636 Sicilie,
1409 1555 1479 1616 et
1529 1545 1720 1638 quod
1772 1545 2129 1617 Conradus
2189 1553 2260 1614 et
2306 1543 2668 1615 Heinricus
2721 1541 3015 1635 predicti
3065 1540 3185 1612 filii
3240 1542 3456 1614 nostri
3502 1550 3574 1612 et
3609 1540 3904 1614 heredes

1087 1692 1329 1742 eorum
1375 1678 1602 1741 ratum
1642 1679 1715 1739 et
1755 1667 2030 1739 firmum
2072 1667 2380 1739 habeant
2428 1665 2762 1760 quicquid
2813 1664 2998 1737 idem
3056 1665 3456 1737 Manfredus
3509 1686 3719 1760 super
3770 1664 3902 1738 hoc

1086 1792 1371 1865 duxerit
1398 1792 1819 1864 faciendum.
1858 1832 1957 1846 -—
1982 1792 2152 1863 Item
2189 1792 2514 1862 volumus
2550 1800 2623 1861 et
2659 1790 3072 1861 mandamus
3107 1790 3299 1882 quod
3335 1790 3572 1860 nullus
3610 1788 3700 1860 de
3735 1810 3900 1883 pro-

1085 1914 1423 1987 ditoribus
1455 1916 1651 2008 regni
1685 1916 1758 1986 in
1791 1916 2024 2009 aliquo
2062 1925 2374 2009 tempore
2418 1913 2675 1985 reverti
2720 1912 2979 1985 audeat
3024 1912 3096 1983 in
3149 1933 3480 2004 regnum,
3517 1932 3649 1983 nec
3685 1911 3902 2005 aliqui

1085 2036 1175 2110 de
1204 2060 1442 2110 eorum
1475 2060 1734 2131 genere
1777 2038 2149 2110 succedere
2186 2037 2483 2132 possint3
2522 2038 2734 2108 immo
2768 2036 3067 2108 heredes
3095 2036 3314 2107 nostri
3349 2044 3718 2111 teneantur
3743 2036 3901 2108 vin·

1086 2161 1341 2234 dictam
1391 2161 1479 2233 de
1531 2162 1630 2233 eis
1679 2184 1976 2234 sumere.
2021 2202 2102 2213 —
2139 2162 2309 2232 Item
2365 2161 2729 2232 statuimus
2773 2160 2966 2252 quod
3011 2158 3544 2249 mercatoribuS,
3600 2158 3899 2231 credito*

1087 2285 1281 2356 ribus
1311 2284 1594 2374 nostris,
1629 2285 1863 2357 debita
1896 2285 2279 2356 solvantur.
2304 2286 2595 2355 —Item
2627 2283 2992 2354 statuimus
3018 2293 3099 2353 ut
3130 2291 3563 2354 sacrosancte
3596 2284 3901 2357 Romane

1082 2408 1386 2481 Ecclesie
1424 2408 1626 2479 matri
1658 2419 1894 2480 nostre
1941 2409 2394 2480 restituantur
2436 2408 2666 2480 omnia
2701 2410 2861 2500 jura
2901 2429 3062 2497 sua,
3102 2407 3313 2479 salvis
3349 2407 3420 2478 in
3466 2407 3790 2481 omnibus
3831 2419 3902 2482 et

1083 2553 1212 2626 per
1251 2533 1483 2604 omnia
1516 2533 1676 2624 jure
1713 2542 1784 2603 et
1819 2531 2084 2603 bonore
2118 2532 2428 2627 imperii,
2470 2532 2806 2603 heredum
2847 2540 3242 2602 nostrorum
3282 2540 3354 2602 et
3392 2531 3686 2603 aliorum
3724 2531 3898 2605 fide·

1084 2657 1289 2745 lium,
1333 2656 1390 2727 si
1428 2657 1578 2750 ipsa
1613 2655 1921 2728 Ecclesia
1964 2656 2280 2727 restituat
2303 2658 2464 2748 jura
2506 2654 2803 2749 imperii.
2834 2654 3134 2725 —Item
3172 2654 3538 2724 statuimus
3579 2664 3661 2727 ut
3705 2654 3765 2725 si
3808 2655 3896 2727 de

1083 2779 1390 2873 presenti
1431 2777 1831 2850 infirmitate
1878 2800 2005 2849 nos
2042 2780 2216 2849 mori
2273 2778 2674 2870 contigerit,
2724 2778 2797 2848 in
2842 2777 3087 2870 majori
3133 2777 3424 2848 ecclesia
3466 2778 3785 2849 Panormi
3824 2778 3896 2849 in

1084 2923 1222 2994 qua
1260 2901 1404 2973 divi
1444 2902 1879 2998 imperatoris
1918 2901 2222 2972 Heinrici
2274 2910 2346 2973 et
2387 2901 2546 2973 dive
2587 2900 3039 2997 imperatricis
3088 2900 3491 2973 Constancie
3531 2910 3894 2995 parentum

1083 3035 1477 3097 nostrorum
1514 3025 1848 3097 memorie
1886 3026 2257 3098 recolende
2304 3027 2641 3097 tumulata
2691 3036 2854 3097 sunt
2901 3046 3226 3119 corpora,
3279 3045 3532 3119 corpus
3583 3034 3895 3097 nostrum

1086 3147 1339 3220 debeat
1368 3148 1678 3243 sepeliri;
1721 3149 1835 3240 cui
1863 3149 2151 3221 ecclesie
2189 3148 2599 3220 dimittimus
2630 3148 2870 3218 uncias
2898 3146 3048 3218 auri
3077 3146 3491 3239 quingentas
3517 3168 3648 3241 pro
3677 3149 3895 3218 salute

1087 3273 1470 3344 animarum
1522 3273 1863 3344 dictorum
1908 3284 2274 3368 parentum
2325 3282 2719 3344 nostrorum
2763 3282 2834 3343 et
2878 3281 3141 3361 nostre,
3188 3293 3316 3366 per
3341 3292 3590 3343 manus
3614 3263 3895 3344 Berardi

1085 3396 1501 3467 venerabilis
1535 3396 2005 3467 Panormitani
2044 3396 2548 3489 archiepiscopi
2590 3395 2940 3466 familiaris
2983 3404 3055 3466 et
3088 3392 3313 3466 fidelis
3341 3393 3561 3465 nostri
3589 3393 3661 3466 in
3693 3416 3895 3490 repa·

1087 3519 1353 3590 ratione
1388 3519 1604 3613 ipsius
1637 3520 1924 3590 ecclesie
1958 3519 2369 3611 erogandas.
2810 3483 2847 3620 >

1184 3639 1497 3713 Predicta
1532 3650 1766 3712 autem
1800 3642 2031 3712 omnia
2072 3663 2208 3735 que
2247 3651 2402 3712 acta
2447 3649 2611 3711 sunt
2656 3641 2726 3710 in
2759 3641 3107 3736 presentia
3151 3641 3317 3715 dicti
3365 3642 3891 3739 archiepiscopi,

1085 3763 1438 3837 Bertholdi
1489 3762 1904 3835 marchionis
1957 3764 2046 3834 de
2105 3764 2505 3856 Hoemburg
2561 3762 2798 3835 dilecti
2861 3765 3353 3856 consanguinei
3406 3777 3476 3838 et
3542 3767 3895 3837 familiaris

1084 3891 1335 3981 nostri,
1382 3889 1696 3962 Ricoardi
1750 3889 2018 3961 comitis
2071 3890 2422 3961 Casertani
2478 3888 2711 3960 dilecti
2765 3890 3005 3981 generi
3048 3891 3301 3980 nostri,
3345 3892 3527 3962 Petri
3575 3892 3752 3964 Ruffi
3806 3894 3892 3965 de

1084 4012 1395 4086 Calabria
1433 4013 1807 4084 maristalle
1840 4022 2073 4084 nostre
2112 4012 2456 4104 magistri,
2493 4012 2811 4084 Riccardi
2843 4011 2933 4084 de
2966 4013 3397 4106 Montenigro
3438 4015 3626 4086 curie
3660 4024 3892 4088 nostre

1082 4137 1392 4229 magistri
1425 4137 1788 4228 justiciarii
1807 4190 1827 4227 ,
1860 4137 2167 4229 magistri
2212 4136 2548 4208 Johannis
2580 4136 2668 4208 de
2700 4136 3022 4224 Ytronto,
3057 4136 3375 4209 Fulconis
3405 4139 3611 4228 Rufii,
3646 4138 3894 4211 Iohan-

1082 4259 1192 4331 nis
1223 4260 1311 4332 de
1339 4261 1580 4344 Ocrea,
1612 4260 1921 4353 magistri
1950 4260 2282 4332 Iohannis
2316 4259 2405 4331 de
2433 4258 2719 4331 Procida
2739 4312 2759 4349 ,
2792 4259 3099 4352 magistri
3124 4261 3406 4333 Roberti
3438 4261 3527 4333 de
3554 4263 3891 4334 Panormo

1082 4383 1353 4478 imperii
1395 4392 1466 4454 et
1495 4385 1691 4477 regni
1722 4384 1948 4455 Sicilie
1985 4394 2056 4454 et
2098 4404 2350 4475 magne
2388 4382 2575 4453 curie
2609 4391 2845 4453 nostre
2871 4382 3153 4473 judicis,
3191 4393 3260 4454 et
3295 4384 3603 4477 magistri
3634 4387 3891 4459 Nicolai

1082 4508 1173 4582 de
1203 4506 1591 4579 Brundusio
1634 4508 1893 4603 publici
1937 4505 2329 4579 tabellionis
2371 4506 2641 4600 imperii
2685 4515 2755 4577 et
2804 4506 2998 4598 regni
3044 4506 3271 4579 Sicilie
3318 4518 3389 4579 et
3428 4509 3617 4582 curie
3658 4521 3889 4583 nostre

1082 4631 1368 4721 notarii,
1422 4643 1815 4702 nostrorum
1867 4629 2173 4702 fidelium
2193 4682 2213 4718 ,
2264 4649 2440 4723 quos
2489 4630 2793 4722 presenti
2839 4629 3271 4723 dispositioni
3312 4642 3548 4704 nostre
3599 4634 3886 4707 manda·

1079 4757 1310 4828 vimus
1335 4753 1695 4843 interesse,
1728 4776 1855 4849 per
1891 4752 2281 4850 predictum
2326 4752 2719 4826 Conradum
2748 4752 2964 4824 filium
3005 4764 3078 4827 et
3107 4754 3437 4829 heredem
3469 4767 3779 4830 nostrum
3821 4768 3892 4830 et
