4525 6031
751 1245 954 1341 οἶὲὲῗί

1072 677 1192 740 798
2073 684 2501 747 anmtlcl
2551 683 2900 747 ssscuwm
3513 682 3678 762 [Anu.
3721 682 3893 745 1250.

1184 1239 1639 1346 Fridericus,
1679 1243 2199 1326 Romanorum
2235 1243 2677 1351 imperator,
2713 1240 3078 1324 Ubertum
3114 1237 3636 1321 marchionem
3675 1235 3900 1319 Pela-

1075 1372 1409 1456 vicinum
1474 1399 1614 1482 pro
1673 1376 1913 1483 gratis
1972 1374 2138 1484 ejus
2203 1374 2526 1457 servitiis
2586 1384 2816 1482 atque
2885 1372 3250 1454 haeredes
3308 1381 3385 1452 et
3431 1393 3899 1452 successores

1075 1506 1243 1615 ejus
1288 1506 1388 1588 ab
1434 1506 1644 1589 omni
1689 1507 2056 1615 pedagio,
2116 1507 2507 1612 theloneo,
2564 1506 2879 1589 collecta
2934 1516 3009 1587 et
3056 1503 3499 1613 gravamine
3559 1500 3900 1611 quolibet

1076 1638 1366 1743 eximit,
1416 1648 1575 1720 tam
1626 1640 1706 1719 in
1744 1639 2173 1722 civitatibus
2215 1639 2531 1744 Parma,
2589 1640 2964 1722 Cremona
3016 1646 3090 1719 et
3126 1635 3508 1719 Placentia
3543 1660 3780 1745 quam
3815 1634 3895 1716 in

1075 1769 1246 1852 aliis
1317 1771 1539 1853 terris
1623 1771 2121 1854 Lombardiae
2193 1783 2269 1855 et
2326 1772 2642 1856 Tusciae
2660 1834 2683 1880 ,
2770 1771 3271 1879 eamdemque
3341 1769 3895 1878 exemptionem

1074 1902 1515 1986 hominibus
1559 1904 1947 1986 massariis
2001 1915 2077 1988 et
2128 1906 2225 1988 de
2255 1915 2605 1988 masnata
2650 1905 2729 1985 in
2777 1903 3062 1987 eisdem
3115 1902 3332 1986 terris
3376 1900 3897 1985 habitantibus

1074 2036 1445 2119 concedit.

1241 2249 1445 2329 (Edld.
1475 2251 1664 2325 Atro,
1695 2253 1850 2314 Scor.
1883 2250 1946 2312 dn·
1970 2252 2216 2328 Parma,
2245 2259 2297 2314 t.
2327 2252 2440 2325 III,
2474 2269 2530 2329 p.
2568 2262 2707 2329 387,
2742 2254 2805 2312 ln
2841 2250 3124 2329 append„
3152 2261 3218 2311 n·
3259 2250 3572 2324 Lxxxn,
3612 2266 3647 2311 e
3682 2257 3891 2329 regest.

1319 2359 1591 2421 authent.
1620 2359 1784 2423 dom.
1811 2360 2181 2439 Pallavlclnl,
2213 2362 2413 2421 minus
2434 2368 2695 2421 correcte
2720 2362 3054 2438 praesertim
3084 2362 3148 2419 in
3177 2361 3461 2437 prooemio
3486 2358 3888 2437 transcripto.)

1170 2542 1541 2616 Federicus
1569 2544 1696 2615 Dei
1724 2545 1944 2638 gratia
1977 2547 2447 2617 Romanorum
2467 2545 2846 2640 imperator
2861 2564 3136 2639 semper
3161 2552 3520 2636 augustuS,
3547 2544 3894 2638 Hyerusa·

1073 2669 1211 2741 lem
1241 2678 1311 2741 et
1345 2668 1572 2741 Sicilie
1601 2690 1757 2761 rex,
1788 2669 2046 2742 Uberto
2074 2669 2458 2741 marchioni
2481 2668 2876 2741 Pelavicino
2898 2666 3088 2740 fideli
3122 2689 3249 2740 suo
3281 2667 3574 2761 gratiam
3600 2686 3794 2739 suam
3822 2675 3895 2738 et

1071 2792 1328 2866 bonam
1360 2796 1817 2865 voluntatem.
1850 2792 2193 2866 Beneficia
2224 2815 2416 2865 mera
2444 2803 2607 2864 sunt
2636 2792 3027 2888 principum
3056 2814 3193 2885 que
3224 2790 3470 2864 fideles
3497 2792 3895 2883 frequenter

1073 2918 1419 2991 continuis
1476 2917 1825 3011 obsequiis
1870 2928 2385 3013 promerentur,
2438 2917 2654 2989 veluti
2696 2918 2818 3011 qui
2872 2917 3128 2988 nullius
3155 2915 3584 2988 necessitatis
3610 2914 3893 2987 alterius

1072 3043 1383 3136 cogentis
1427 3043 1718 3139 irnperio
1755 3043 2233 3115 conferuntur.
2284 3043 2423 3115 Sed
2461 3042 2591 3114 etsi
2635 3042 3102 3114 benemeritos
3141 3039 3383 3114 fideles
3419 3040 3653 3113 debite
3692 3040 3893 3113 affec-

1072 3167 1278 3239 tionis
1327 3167 1606 3239 stimulo
1662 3178 1992 3262 prerupta
2053 3178 2125 3239 et
2185 3167 2480 3260 provida
2537 3166 2945 3237 liberalitate
3001 3165 3509 3259 prosequimur,
3572 3162 3889 3236 beneficii

1071 3306 1329 3356 nomen
1378 3295 1500 3356 aut
1556 3285 1867 3356 debitum
1933 3286 2253 3356 affectum
2298 3307 2439 3357 non
2496 3285 2769 3374 minuit,
2824 3306 3246 3378 quamquam
3292 3286 3407 3357 vel
3436 3282 3890 3357 accelerando

1072 3408 1436 3480 consilium
1468 3409 1580 3479 vel
1609 3408 2067 3498 germinando
2096 3409 2526 3504 propositum
2555 3417 2909 3480 estuantes
2941 3410 3032 3481 ad
3058 3409 3355 3500 gratiam
3376 3418 3637 3501 augent
3660 3408 3890 3481 incen-

1074 3533 1319 3605 tivum.
1354 3531 1464 3602 Sic
1491 3552 1619 3602 nos
1649 3552 1825 3623 quos
1857 3531 2229 3625 imperialis
2255 3533 2609 3624 dignitatis
2638 3533 2962 3627 auspiciis
2993 3533 3241 3605 ditavit
3268 3533 3558 3604 felicitas
3585 3534 3882 3621 fortune,
3998 3631 4009 3642 ⁸

1070 3654 1392 3727 fidelibus
1419 3652 1888 3726 munificentie
1916 3668 2150 3727 nostre
2175 3658 2538 3728 dexteram
2570 3656 2920 3751 aperimus
2952 3656 3046 3727 ad
3077 3656 3411 3748 singulm,
3449 3668 3657 3749 prout
3682 3655 3881 3727 obse·

1070 3779 1315 3873 quiosa
1370 3776 1740 3850 devotione
1787 3775 2096 3849 fidelium
2147 3778 2544 3851 invitamur.
2606 3779 3060 3852 Attendentes
3116 3780 3324 3873 igitur
3356 3780 3657 3872 qualiter
3709 3780 3887 3851 inter

1068 3901 1315 3975 fideles
1367 3910 1666 3991 nostros,
1721 3901 2074 3996 potissime
2124 3902 2467 3995 presentis
2495 3903 2711 3975 felicis
2735 3903 3149 3975 discriminis
3196 3913 3633 3997 tempestate,
3675 3903 3883 3975 vitam

1069 4037 1261 4098 tuam
1292 4026 1540 4098 bellice
1569 4026 1842 4114 fortune
1864 4026 2267 4119 frequenter
2290 4026 2670 4120 exposuisti
2693 4026 3018 4122 periculis
3063 4037 3135 4098 et
3183 4027 3654 4099 indesinenter
3675 4047 3885 4122 expo-

1068 4170 1237 4222 nere
1268 4172 1411 4222 non
1443 4149 1805 4240 formidaS,
1844 4149 1935 4221 ad
1966 4150 2483 4245 compensanda
2515 4149 2954 4223 servitiorum
2984 4161 3259 4222 tuorum
3290 4151 3534 4222 merita
3578 4151 3876 4242 accensi,

1068 4281 1167 4362 te,
1194 4272 1490 4345 heredes
1509 4281 1580 4344 et
1596 4294 2032 4345 successores
2052 4282 2206 4345 tuos
2235 4295 2320 4345 ac
2334 4273 2842 4346 descendentes
2873 4274 2964 4345 ab
2987 4274 3087 4345 eis
3112 4274 3523 4346 auctoritate
3544 4275 3883 4370 imperiali

1071 4404 1143 4467 et
1177 4415 1271 4467 ex
1318 4406 1506 4468 certa
1551 4397 1839 4468 scientia
1882 4407 1954 4469 et
1984 4396 2073 4468 de
2118 4407 2354 4470 nostre
2383 4397 2814 4493 plenitudine
2851 4397 3213 4493 potestatis
3257 4419 3300 4468 a
3331 4398 3882 4491 quibuscumque

1066 4521 1497 4611 muneribus,
1530 4522 1858 4593 oneribus
1885 4521 2213 4613 realibus,
2250 4523 2732 4618 personalibus
2749 4533 2959 4617 atque
2980 4522 3215 4595 mixtis
3237 4543 3509 4594 necnon
3530 4521 3883 4616 aquibus-

1069 4666 1369 4738 cumque
1394 4645 1623 4735 datiis,
1646 4644 1987 4740 pedagiiS,
2013 4644 2356 4718 tholoneis
2376 4648 2773 4742 etgabellis,
2801 4646 3050 4737 talleis,
3069 4646 3404 4732 collectiS,
3423 4645 3879 4741 impositioni·

1067 4767 1227 4859 bus,
1262 4768 1545 4859 mutuis,
1583 4768 2101 4862 gravaminibus
2133 4777 2205 4840 et
2234 4770 2723 4843 vexationibus
2749 4791 3191 4867 quocumque
3215 4770 3495 4842 nomine
3520 4770 3633 4841 vel
3669 4789 3880 4842 voca·
