4525 6031
1118 623 1240 684 812
2114 620 2545 683 rmnssmcl
2594 620 2943 683 SECUNDI
3564 628 3730 706 [Aure.
3767 631 3945 695 1250.

1119 779 1369 853 operas
1403 767 1474 828 et
1512 758 1821 827 culturas
1848 777 2009 827 suas
2052 756 2478 828 moderantis
2518 758 2749 829 omnia
2781 759 3021 830 mortis
3062 759 3438 833 severitate
3472 765 3942 858 suspenderit,

1118 903 1361 976 pacem
1397 891 1627 952 tamen
1658 891 1729 951 et
1747 881 2084 971 justitiam
2106 902 2386 975 semper
2405 883 2683 953 excolat
2706 892 2773 953 et
2796 893 3125 976 operetur
3145 883 3215 953 in
3244 885 3470 958 vobis,
3502 887 3592 960 Et
3620 889 3719 960 sic
3750 900 3947 984 pater

1117 1006 1360 1077 abesse
1402 1027 1543 1077 non
1585 1004 1889 1077 creditur
1922 1004 2088 1074 dum
2135 1004 2371 1075 vivere
2413 1016 2730 1099 speratur
2766 1006 2835 1074 in
2870 1002 3048 1096 filio,
3103 1028 3235 1077 nec
3268 1009 3576 1080 creditur
3611 1023 3749 1082 tam
3791 1035 3946 1107 pre-

1118 1130 1290 1200 tiosa
1320 1128 1673 1200 hereditas
1716 1128 2023 1199 amisisse
2064 1139 2459 1222 patronum,
2506 1129 2673 1200 dum
2722 1129 2872 1221 ejus
2899 1126 3185 1201 confidit
3216 1131 3528 1204 invenire
3562 1130 3944 1208 dominium

1121 1264 1258 1343 tam
1274 1273 1514 1342 suave,
1552 1262 1689 1322 tam
1713 1251 2062 1345 placidum
2096 1251 2169 1321 in
2199 1251 2489 1322 herede.
2518 1253 2735 1323 Immo
2766 1253 2825 1323 si
2852 1254 3044 1325 salva
3073 1253 3288 1346 patris
3317 1257 3707 1328 reverentia
3726 1259 3945 1351 loqui-

1114 1352 1296 1465 mur,
1338 1375 1505 1446 satis
1540 1385 1872 1447 consueto
1905 1375 2251 1446 salubrius
2297 1373 2540 1447 fideles
2570 1376 2784 1448 vestri
2807 1429 2827 1467 ,
2870 1375 3134 1448 scilicet
3169 1379 3555 1470 regnicole,
3590 1381 3942 1475 potissime

1113 1509 1396 1593 sperant
1446 1499 1579 1570 sub
1609 1498 1859 1569 umbra
1896 1498 2108 1569 vestri
2140 1499 2429 1570 dominii
2470 1499 2740 1593 protegi
2786 1509 2858 1571 et
2893 1499 3025 1571 sub
3069 1510 3303 1573 vestro
3337 1502 3670 1594 regimine
3702 1506 3941 1578 confo-

1113 1623 1260 1694 veri
1284 1675 1304 1712 ,
1353 1644 1447 1694 ex
1493 1644 1578 1694 eo
1614 1633 1968 1694 sumentes
1999 1624 2250 1693 efficax
2280 1634 2767 1713 argumentum
2808 1635 2890 1695 ut
2926 1625 3049 1718 qui
3080 1626 3299 1697 nostis
3342 1637 3671 1721 paternos
3710 1650 3939 1701 mores

1113 1757 1360 1817 nature
1396 1747 1858 1838 generositate
1909 1746 2329 1839 portendere
2349 1800 2367 1835 ,
2406 1748 2759 1839 regnantis
2789 1748 3091 1820 officium
3125 1749 3317 1843 quod
3348 1761 3498 1822 etas
3532 1752 3607 1821 in
3637 1751 3841 1824 vobis
3868 1762 3942 1825 et

1111 1880 1360 1940 natura
1392 1870 1815 1959 consolidat,
1855 1890 2099 1961 gerere
2133 1871 2361 1942 velitis
2397 1871 2470 1940 in
2504 1871 2800 1943 subditis
2832 1882 2904 1942 et
2933 1871 3189 1943 sciatis.
3233 1873 3370 1944 Vos
3402 1873 3636 1965 igitur,
3680 1875 3934 1966 glorio·

1112 1993 1377 2065 sissime
1416 1992 1696 2064 domine
1720 2045 1740 2083 ,
1780 1994 1978 2084 cujus
2009 1992 2392 2065 adventum
2434 1994 2918 2066 universorum
2961 2005 3234 2066 mentes
3265 2006 3644 2091 expectant
3674 2008 3746 2068 et
3773 2009 3939 2071 vota

1111 2118 1500 2212 suspirant,
1533 2119 1632 2189 sic
1667 2128 2058 2190 vestrorum
2092 2118 2402 2190 fidelium
2445 2119 3048 2213 expectationibus
3082 2122 3458 2194 consulatis
3494 2132 3574 2195 ut
3606 2144 3767 2218 spes
3797 2145 3933 2216 que

1110 2239 1476 2314 consuevit
1506 2243 1809 2315 animam
1848 2244 2005 2337 plus
2046 2242 2282 2315 debito
2311 2244 2522 2315 dilata
2553 2254 2944 2335 conterere,
2978 2246 3163 2338 ipsos
3194 2246 3267 2316 in
3301 2255 3443 2318 tam
3468 2247 3705 2339 Jotiva
3739 2268 3931 2344 pres-

1112 2364 1442 2436 tolatione
1494 2364 1797 2455 reficiat,
1852 2376 1922 2437 et
1957 2376 2176 2438 status
2211 2364 2537 2460 pacificus
2566 2368 2764 2458 regni
2794 2369 3009 2440 vestri
3051 2369 3244 2461 quod
3287 2371 3665 2463 majestatis
3702 2381 3932 2444 vestre

1107 2486 1486 2583 presidium
1516 2489 1889 2561 affectuose
1919 2489 2303 2580 desiderat,
2336 2512 2419 2561 ea
2452 2501 2591 2561 tam
2614 2492 2795 2582 grati
2831 2492 3015 2582 regis
3044 2493 3397 2587 presentia
3431 2494 3832 2566 revirescat.

1207 2609 1462 2709 [Adest
1498 2612 1568 2683 in
1603 2614 1761 2685 cod.
1815 2613 2230 2685 ornatissimi
2272 2613 2403 2683 viri
2451 2615 2535 2685 G.
2576 2614 2886 2702 Settimi,
2929 2616 3258 2711 principis
3288 2616 3605 2707 Fitaliae,
3646 2619 3770 2690 fol.
3804 2616 3923 2709 64,

1107 2735 1299 2831 apud
1328 2737 1772 2826 Panormum,
1806 2737 2023 2809 altera
2057 2737 2147 2809 de
2180 2737 2430 2808 eodem
2467 2749 2877 2831 argumento
2910 2740 3201 2833 epistola
3243 2763 3401 2813 cum
3436 2741 3570 2813 bac
3602 2741 3921 2813 rubrica:

1106 2856 1494 2953 Mansredus
1526 2862 1783 2933 domini
1806 2864 2080 2955 augusti
2112 2863 2534 2954 imperatoris
2566 2862 2748 2956 filius
2764 2863 2995 2933 scribit
3014 2863 3267 2956 populo
3293 2865 3616 2935 Panormi
3632 2864 3929 2937 demortu-

1099 2986 1388 3079 predicti
1423 2987 1848 3080 imperatoris
1879 2987 2104 3080 patris
2145 2988 2282 3059 sui.
2322 2985 2572 3083 Incipit
2608 3018 2625 3058 :
2660 2987 2808 3058 Etsi
2836 2988 3049 3079 primi
3077 2990 3385 3081 parentis
3420 2989 3765 3076 meruerit,
3799 2998 3915 3062 etc.

1114 3162 1534 3182 ......
1592 3110 1895 3205 Explicit
1934 3141 1952 3182 ε
1991 3113 2167 3182 Data
2197 3113 2448 3204 Foqie,
2483 3105 2648 3207 οἱα]

1517 3380 2986 3391 ,ᾐ-ᾑ--ι-ῇ-φ--ηο-οᾘ-*φ-ῳ
3002 3381 3495 3390 0——0--020-00—-ae

744 3653 1037 3710 ³D‘0‘¹¹²¹”¹·³
1212 3641 1386 3727 Allo
1440 3643 1478 3720 1
1531 3639 1610 3720 di
1653 3637 2090 3741 decembre,
2144 3636 2377 3746 quelli
2420 3638 2559 3720 che
2616 3663 2931 3747 passuro
2990 3662 3125 3745 per
3171 3638 3578 3722 Jovenazzo
3630 3619 3917 3720 dissero

1107 3777 1245 3857 che
1277 3772 1798 3882 l'imperatore
1834 3781 1951 3851 sta
1987 3769 2434 3851 malissimo.

1213 3906 1365 3989 Alli
1402 3909 1453 3988 9
1493 3905 1557 3986 si
1598 3929 1860 4012 sparse
1895 3901 2101 3983 fama
2135 3902 2276 3984 che
2310 3927 2439 3983 era
2470 3901 2632 3984 fore
2667 3901 2746 3983 di
2787 3902 3139 4010 pericolo.

1212 4038 1361 4120 Alli
1412 4043 1510 4119 15
1556 4037 1695 4118 che
1738 4035 1812 4117 fo
1857 4034 1935 4119 lo
1988 4037 2069 4116 dl
2113 4035 2191 4116 di
2248 4035 2482 4116 Senta
2517 4035 2791 4141 Lucia,
2840 4035 3124 4140 morio,
3175 4060 3218 4115 e
3263 4034 3340 4115 13
3389 4059 3558 4116 sera
3605 4034 3910 4115 innante

1101 4197 1281 4254 evea
1318 4170 1709 4278 mangiato
1744 4177 1943 4250 certe
1978 4193 2160 4275 pera
2193 4193 2335 4250 oon
2396 4167 2473 4251 lo
2523 4193 2836 4249 zuccaro
2856 4226 2880 4272 ,
2919 4178 2995 4249 et
3030 4166 3234 4249 disse
3282 4166 3423 4248 che
3472 4166 3547 4247 13
3593 4166 3908 4284 mattina

1099 4302 1440 4385 venendo
1478 4328 1560 4383 se
1585 4300 1802 4383 volea
1833 4300 2083 4382 levare
2095 4361 2251 4381 .....

1206 4432 1358 4514 Alli
1411 4436 1509 4515 16
1560 4433 1636 4513 di
1689 4430 2086 4513 decembre
2141 4429 2289 4513 alle
2323 4433 2423 4511 21
2473 4455 2607 4513 ore
2648 4432 2692 4512 e
2739 4441 3015 4513 venuta
3066 4428 3332 4512 lettera
3372 4430 3474 4510 da
3522 4428 3905 4513 Manfredo

1096 4564 1450 4671 prencipe
1487 4564 1561 4644 di
1604 4530 1963 4668 Tarento,
2019 4561 2159 4643 che
2208 4588 2303 4644 va
2353 4561 2716 4644 avisando
2760 4561 2834 4643 le
2879 4572 3084 4644 terre
3133 4562 3234 4644 da
3270 4586 3496 4670 passo
3552 4561 3633 4642 in
3681 4585 3905 4669 passo

1097 4694 1301 4776 della
1344 4705 1584 4776 morte
1636 4693 1840 4775 dello
1875 4693 2111 4801 padre
2119 4752 2280 4775 .....
