4525 6031
638 686 840 746 hemer.
874 681 968 760 6.]
1542 677 1938 740 HISTORIA
1985 672 2582 738 DtPLOMA‘rch.
3345 660 3466 720 625

750 1349 1210 1458 FridericuS,
1250 1350 1769 1434 Romanorum
1820 1348 2259 1456 imperator,
2300 1372 2440 1456 pro
2494 1345 2731 1456 gratis
2785 1356 2860 1427 et
2912 1343 3237 1452 acceptis
3290 1369 3467 1426 ser·
3542 1341 3858 1491 ωῑὲῧρῗξέ..

643 1483 847 1565 vitiis
914 1482 1350 1566 communis
1415 1481 1750 1590 Eugubii
1821 1480 2161 1563 fidelium
2235 1505 2555 1562 suorum
2581 1539 2605 1583 ,
2659 1478 2767 1560 eis
2818 1488 3156 1560 castrum
3239 1476 3473 1560 Collis
3599 1460 3813 1598 rgfffe

643 1615 1011 1726 Pergulae
1067 1642 1249 1699 cum
1301 1615 1660 1698 omnibus
1711 1613 2177 1722 pertinentiis
2227 1611 2394 1720 ejus
2447 1612 2528 1691 in
2588 1620 3038 1720 perpetuum
3093 1609 3466 1692 concedit.

808 1854 1042 1932 (Edidit
1065 1855 1395 1931 ΒιΡοεΑι-ι,
1424 1850 1593 1914 naua
1618 1870 1782 1912 ιιι-ω
1807 1850 1870 1912 aa·
1897 1851 2117 1914 Gubbio
2143 1870 2173 1912 e
2199 1849 2352 1912 dello
2381 1858 2533 1933 qesta
2567 1847 2658 1911 ἀί
2690 1851 2916 1912 Contio
2956 1849 3128 1911 aucha·
3164 1848 3224 1909 d'
3232 1848 3471 1925 Urbim,

890 1966 938 2021 t.
970 1960 1022 2038 1,
1055 1978 1117 2038 p.
1152 1968 1293 2034 403,
1324 1960 1607 2036 append„
1637 1968 1705 2019 n⁰
1733 1957 1873 2038 vt.)

742 2173 1144 2264 FedericuS,
1178 2173 1309 2245 Dei
1347 2172 1568 2264 gratia
1599 2173 2065 2244 Romanorum
2098 2171 2477 2266 imperator
2508 2193 2784 2267 semper
2809 2181 3171 2264 augustuS,
3197 2175 3474 2245 Jerusa-

650 2298 785 2369 lem
817 2308 889 2370 et
918 2298 1147 2370 Sicilie
1171 2319 1323 2368 rex.
1342 2296 1797 2367 Benemeritis
1820 2295 2138 2367 Cesarem
2170 2294 2538 2389 providere
2566 2293 2889 2367 fidelibus
2921 2296 3048 2367 etsi
3076 2297 3296 2386 gratie
3324 2297 3474 2391 ple-

648 2421 893 2494 nitudo
943 2421 1273 2512 suadeat,
1324 2420 1763 2492 servitiorum
1818 2418 2337 2511 quodammodo
2371 2419 2722 2509 gratitudo
2763 2419 3148 2513 compellit,
3186 2430 3266 2491 ut
3307 2421 3475 2491 dum

649 2555 843 2638 grata
878 2543 1190 2617 fidelium
1224 2552 1758 2615 remunerantur
1789 2542 2149 2636 obsequia,
2185 2539 2357 2612 fiant
2389 2542 2589 2634 quasi
2624 2563 2752 2636 per
2791 2542 3103 2613 debitum
3140 2544 3470 2635 gratiora.

649 2664 776 2739 Per
803 2688 1091 2763 presens
1129 2667 1365 2758 itaque
1408 2666 1741 2762 scriptum
1770 2675 2014 2737 notum
2034 2664 2194 2765 ‘fieri
2218 2667 2543 2737 volumus
2572 2665 2916 2738 universis
2950 2666 3220 2761 imperii
3247 2666 3473 2739 fideli-

648 2790 779 2862 bus
814 2800 954 2862 tam
990 2790 1432 2886 presentibus
1460 2811 1672 2882 quam
1710 2790 1959 2861 futuris
1988 2789 2180 2883 quod
2215 2810 2346 2860 nos
2385 2789 2828 2860 attendentes
2864 2787 3076 2861 fidem
3116 2812 3363 2884 puram
3407 2803 3477 2864 et

648 2915 1096 2986 devotionem
1129 2915 1469 2986 sinceram
1497 2935 1709 3008 quam
1740 2935 2107 2985 commune
2139 2913 2463 3005 Eugubii,
2487 2912 2729 2985 fideles
2762 2914 3007 3005 nostri,
3037 2935 3200 3007 erga
3228 2917 3478 3008 majes-

653 3039 809 3111 tatis
839 3050 1073 3112 nostre
1105 3060 1476 3134 personam
1505 3049 1578 3110 et
1602 3059 1876 3109 sacrum
1909 3037 2276 3132 imperium
2308 3037 2567 3109 habere
2606 3048 3016 3130 noscuntur,
3046 3041 3480 3113 consideran-

651 3172 755 3235 tes
786 3184 1068 3257 quoque
1103 3172 1299 3255 grata
1327 3172 1400 3235 et
1432 3172 1718 3255 accepta
1750 3161 2032 3232 servitia
2070 3182 2209 3253 que
2242 3161 2525 3231 culmini
2552 3173 2792 3234 nostro
2825 3162 3277 3256 prestiterunt
3307 3163 3476 3237 hac-

652 3297 854 3358 tenus
908 3294 981 3358 et
1032 3286 1376 3381 presentis
1430 3284 1841 3357 turbationis
1892 3297 2204 3380 tempore
2256 3295 2565 3380 prestare
2614 3307 2757 3356 non
2803 3297 3078 3358 cessant
3123 3299 3194 3360 et
3248 3289 3476 3361 facere

650 3421 983 3507 poterunt
1008 3411 1080 3481 in
1113 3410 1452 3500 futurum,
1486 3418 1792 3481 castrum
1822 3409 2028 3482 Collis
2057 3409 2351 3501 Pergule
2379 3410 2450 3480 in
2484 3409 2801 3482 districtu
2840 3411 3150 3483 existens
3174 3412 3479 3507 Eugubii

651 3534 843 3628 quod
878 3556 1067 3606 nunc
1099 3533 1293 3605 curia
1330 3543 1563 3605 nostra
1595 3543 1809 3622 tenet,
1842 3554 2002 3603 cum
2038 3523 2468 3623 hominibus,
2499 3533 2819 3625 justitiis,
2856 3536 3276 3626 rationibus,
3301 3538 3477 3628 juri-

650 3656 810 3747 bus,
823 3655 1419 3747 jurisdictionibus
1442 3665 1514 3726 et
1534 3655 1860 3727 omnibus
1886 3656 2321 3750 pertinentiis
2348 3657 2491 3728 suis
2523 3657 2750 3729 eidem
2780 3659 3132 3729 communi
3158 3657 3482 3732 fidelibus

652 3780 905 3852 nostris
936 3780 1008 3850 in
1042 3778 1376 3851 fidelitate
1404 3800 1487 3850 ac
1516 3778 1889 3851 devotione
1917 3788 2151 3850 nostra
2175 3789 2246 3851 et
2273 3780 2544 3875 imperii
2575 3780 3101 3875 persistentibus
3126 3782 3196 3852 in
3225 3804 3481 3878 perpe-

657 3908 880 3991 tuum,
913 3900 1107 3972 salva
1148 3898 1489 3994 imperiali
1530 3897 1827 3989 justitia,
1864 3897 1953 3969 de
1993 3897 2216 3990 gratia
2264 3908 2498 3970 nostra
2544 3898 2875 3970 duximus
2919 3901 3473 3994 concedendum,

655 4022 847 4115 quod
886 4044 928 4094 a
968 4022 1173 4094 nobis
1215 4031 1287 4093 et
1326 4020 1619 4116 imperio
1654 4020 2055 4093 immedIate
2091 4031 2373 4092 teneant
2405 4031 2477 4092 et
2507 4021 2717 4093 etiam
2755 4034 3286 4114 recognoscant3
3318 4047 3481 4119 pre-

657 4146 871 4218 sentis
897 4147 1133 4242 scripti
1164 4145 1575 4217 auctoritate
1600 4144 2011 4216 mandantes
2041 4154 2387 4239 quatenus
2412 4145 2646 4215 nullus
2678 4144 2854 4235 dux,
2876 4147 3109 4216 nullus
3139 4147 3476 4240 marchio,

654 4270 888 4341 nullus
927 4290 1197 4360 comeS,
1242 4269 1477 4339 nullus
1524 4267 1826 4339 vicarius
1874 4288 1997 4338 seu
2053 4267 2494 4362 capitaneus,
2539 4268 2770 4339 nullus
2819 4276 3164 4362 potestas,
3211 4270 3482 4342 nullum

655 4413 1054 4483 commune,
1089 4393 1281 4463 nulla
1317 4390 1622 4483 denique
1661 4412 1958 4485 persona
1990 4390 2130 4461 alta
2161 4391 2278 4461 vel
2310 4389 2617 4482 humilis,
2648 4391 3107 4463 ecclesiastica
3127 4394 3243 4464 vel
3273 4416 3479 4466 mun·

656 4514 869 4606 dana,
904 4525 1150 4588 contra
1176 4513 1518 4610 presentis
1548 4513 2013 4586 concessionis
2043 4522 2279 4586 nostre
2323 4524 2635 4587 tenorem
2670 4524 2929 4586 temere
2959 4514 3201 4586 venire
3234 4537 3481 4610 presu-

656 4646 836 4730 mat;
875 4639 1066 4731 quod
1106 4638 1229 4732 qui
1270 4638 1792 4733 presumpserit,
1821 4648 2056 4733 preter
2083 4637 2635 4730 indignationem
2671 4640 2889 4711 nostri
2919 4638 3240 4710 culminis
3270 4662 3481 4732 quam

659 4782 732 4834 se
760 4762 1037 4835 noverit
1065 4763 1534 4852 incursurum,
1575 4769 1858 4833 centum
1889 4761 2101 4833 libras
2140 4762 2294 4834 auri
2331 4762 2676 4856 purissimi
2706 4783 2834 4858 pro
2866 4783 3047 4857 pena
3078 4774 3476 4859 componat,
