4525 6031
1586 713 1841 774 INDEX
1892 713 2598 778 DOCUMENTORUM.
3390 714 3512 775 955

701 937 934 1014 1244

680 1047 951 1060 ——-

1535 1039 1900 1119 principibus
1944 1058 2051 1117 pro
2099 1041 2303 1103 arduis
2341 1043 2571 1118 imperii
2612 1042 2863 1118 negotiis
2909 1039 3110 1100 venire
3165 1055 3285 1099 non
3331 1041 3521 1100 omit-

1536 1143 1645 1198 tat.
3408 1144 3519 1196 168

686 1261 760 1315 12
780 1260 958 1316 mm,
1120 1249 1301 1327 Apud
1458 1264 1537 1278 —-
1579 1232 1755 1294 Petro
1791 1234 1864 1293 de
1889 1234 2078 1294 Vinea
2102 1240 2164 1294 et
2194 1234 2436 1295 Taddeo
2476 1233 2550 1293 de
2585 1234 2830 1311 Suessa,
2860 1249 3113 1311 magnae
3147 1234 3344 1292 euriae
3381 1249 3523 1293 suae

1016 1346 1402 1425 Aquampen-
1533 1330 1866 1408 judicibus,
1910 1336 2227 1391 tractatum
2275 1339 2335 1391 et
2371 1333 2933 1391 consummationem
2959 1333 3120 1407 pacis
3146 1333 3296 1390 inter
3320 1330 3521 1389 Eccle-

1080 1444 1340 1506 dentem,
1539 1431 1688 1488 siam
1732 1435 1792 1489 et
1833 1431 2146 1505 imperium
2183 1431 2531 1506 commlttit‚
2573 1435 2635 1488 et
2668 1429 2947 1506 quicquid
2976 1429 3094 1505 ipsi
3137 1428 3525 1488 tractaverint

1542 1542 1578 1586 a
1606 1541 1671 1586 se
1695 1532 1891 1585 ratum
1925 1525 2261 1586 habendum
2289 1527 2617 1603 pollicetur.
3408 1532 3523 1584 169

692 1651 764 1703 14
785 1649 961 1706 mn,
1127 1635 1305 1715 Apud
1465 1653 1541 1667 —
1575 1621 1884 1683 Universis
1908 1622 2248 1683 bominibus
2285 1623 2610 1683 Dalmatiae
2643 1621 2918 1682 fidelibus
2944 1623 3066 1681 suis
3093 1623 3341 1682 mandat
3367 1622 3526 1698 quod

1018 1734 1408 1812 Aquampen-
1540 1722 1702 1778 omni
1734 1721 1974 1795 piratica
2002 1722 2065 1778 in
2093 1736 2341 1798 regnum
2374 1737 2552 1780 suum
2584 1719 2812 1779 Siciliae
2851 1719 3184 1779 abstineant
3218 1725 3279 1779 et
3309 1718 3527 1780 damna

1081 1831 1344 1892 dentem,
1540 1815 1615 1875 ab
1644 1818 1729 1875 eis
1756 1817 1818 1874 in
1847 1817 2170 1892 regnicolas
2195 1818 2361 1876 illata
2389 1819 2611 1894 integre
2638 1817 2864 1876 restitui
2893 1815 3129 1876 faciant.
3409 1824 3525 1876 910

687 1935 764 1989 28
784 1935 961 1990 mart,
1123 1928 1304 2004 Apud
1461 1944 1542 1957 —
1580 1912 1816 1972 Auditis
1844 1929 1997 1988 quae
2022 1929 2128 1987 per
2162 1913 2403 1971 Petrum
2433 1913 2506 1972 de
2534 1913 2722 1972 Vinea
2756 1928 3006 1988 magnae
3036 1914 3233 1973 curiae
3261 1929 3402 1972 suae
3423 1916 3525 1990 ju-

811 2003 819 2011 ’
1020 2023 1399 2102 Aquampen-
1539 2008 1728 2069 dicem
1777 2025 1953 2084 super
1995 2008 2186 2069 forma
2232 2013 2393 2086 pacis
2439 2011 2589 2068 inter
2633 2011 2942 2085 imperium
2991 2015 3052 2068 et
3099 2008 3420 2069 Ecclesiam
3463 2013 3527 2070 in

1083 2121 1346 2182 dentem,
1542 2105 1807 2165 Romana
1829 2107 1990 2165 curia
2017 2111 2267 2165 tractata
2289 2105 2547 2175 fuerunt,
2575 2107 2687 2182 ipsi
2709 2106 2884 2165 Petro
2907 2112 2966 2165 et
2984 2108 3267 2182 magistro
3286 2107 3528 2167 Taddeo

1542 2201 1618 2261 de
1646 2201 1858 2262 Suessa
1884 2205 2452 2262 consummationem
2479 2205 2697 2279 negotii
2725 2202 2920 2262 denuo
2947 2205 3282 2263 committit.
3415 2213 3525 2264 170

692 2323 768 2374 28
788 2320 964 2374 mart,
1126 2310 1305 2389 Apud
1464 2330 1544 2343 —
1584 2298 1938 2375 Raymundo
1965 2302 2166 2358 comiti
2193 2300 2489 2359 Tolosano
2517 2301 2930 2377 magistrisque
2955 2300 3130 2359 Petro
3156 2300 3230 2360 de
3257 2300 3445 2361 Vinea
3468 2308 3530 2361 et

811 2408 819 2415 ·
1024 2409 1405 2487 Aquampfln-
1544 2395 1789 2455 Taddeo
1814 2396 1890 2455 de
1918 2396 2131 2456 Suessa
2157 2403 2507 2472 potestatem
2543 2396 2809 2455 concedit
2838 2395 3080 2472 jurandi
3107 2397 3169 2455 in
3196 2399 3394 2457 anima
3421 2414 3530 2457 sua

1087 2506 1346 2567 dentem,
1545 2492 1706 2568 quod
1737 2492 1917 2552 stabit
1944 2493 2237 2552 mandatis
2268 2492 2553 2552 Ecclesiae
2579 2509 2753 2568 super
2780 2492 3042 2552 articulis
3066 2495 3248 2569 pacis.
3413 2501 3518 2552 171

744 2603 932 2682 [apl-111
1005 2646 1021 2662 ‚
1084 2641 1432 2663 ‚‚‚‚‚‚
1473 2619 1546 2632 -
1585 2588 1854 2648 Conrado
1879 2587 2004 2646 filio
2032 2605 2142 2647 suo
2184 2594 2393 2647 notum
2424 2588 2564 2648 facit
2599 2603 2802 2664 pacem
2832 2589 2986 2646 inter
3011 2589 3207 2663 ipsum
3244 2595 3302 2647 et
3327 2590 3526 2649 Eccle-

690 2701 970 2780 meuntg]
1547 2685 1697 2744 siam
1728 2683 1909 2744 fuisse
1939 2684 2314 2743 reformatam
2334 2728 2351 2756 ,
2388 2687 2557 2760 eique
2584 2684 2829 2743 mandat
2851 2684 3012 2760 quod
3038 2700 3160 2744 una
3194 2701 3329 2744 cum
3362 2688 3527 2761 prin-

1546 2781 1773 2858 cipibus
1791 2781 2100 2841 Germanis
2116 2784 2314 2841 veniat
2332 2781 2406 2840 ad
2427 2783 2646 2841 curiam
2660 2781 2924 2841 Veronae
2941 2781 3375 2842 celebrandam.
3416 2791 3527 2842 176

734 2896 928 2981 aprili,
1135 2893 1312 2970 Apud
1467 2907 1548 2922 —
1586 2877 1682 2937 Ad
1708 2879 2094 2937 imitationem
2121 2880 2219 2938 avi
2246 2885 2306 2938 et
2333 2881 2515 2954 patris
2544 2880 2635 2937 sui
2671 2880 3113 2955 imperatorum,
3144 2879 3429 2954 hospitale
3455 2880 3528 2940 de

1029 2991 1411 3069 Aquampgn-
1545 2974 1861 3052 Altopassu
1909 2978 1969 3035 in
2010 2978 2224 3037 Tuscia
2262 2992 2400 3037 cum
2440 2975 2712 3036 omnibus
2746 2980 2875 3054 ejus
2915 2976 3375 3053 possessionibus
3414 2977 3525 3038 sub

1089 3088 1349 3149 dentem,
1546 3089 1656 3132 sua
1681 3073 1918 3149 speciali
1945 3076 2302 3149 protectione
2328 3075 2562 3150 recipit,
2593 3079 2652 3132 et
2679 3072 2755 3132 ab
2780 3074 2940 3132 omni
2967 3074 3129 3133 datia
3156 3073 3370 3134 fratres
3402 3091 3527 3134 ser·

1545 3171 1694 3229 vitio
1724 3172 2158 3247 peregrinorum
2185 3177 2244 3229 et
2271 3168 2637 3228 infirmorum
2666 3168 2895 3229 deditos
2921 3170 3151 3228 eximit.
3414 3178 3525 3229 178

735 3285 927 3362 391-111,
1134 3278 1311 3357 Apud
1467 3298 1546 3311 —
1586 3266 1683 3325 Ad
1715 3268 2203 3342 supplicationem
2238 3266 2472 3326 Ottonis
2502 3267 2576 3326 de
2600 3266 2895 3341 Flotowe,
2926 3267 3192 3325 concedit
3216 3272 3286 3325 ut
3313 3268 3361 3325 si
3390 3282 3528 3327 eum

1028 3375 1410 3454 Aquampen-
1517 3380 1735 3453 *uxore
1785 3370 1847 3423 et
1882 3363 2005 3423 fllia
2045 3380 2152 3423 sua
2190 3367 2479 3440 praemori
2530 3365 2869 3440 contigerit,
2907 3370 3159 3439 utraque
3202 3367 3531 3424 successive

1091 3473 1350 3533 dentem,
1547 3461 1786 3520 feodum
1805 3463 1868 3520 in
1885 3461 2077 3521 Frisia
2090 3459 2438 3537 (Friesland)
2467 3463 2644 3521 situm
2669 3459 2746 3520 ad
2773 3462 2961 3520 vitam
2982 3460 3395 3521 tantummodo
3422 3460 3529 3521 de-

1546 3559 1733 3617 tinere
1756 3559 1960 3634 possit.
3417 3565 3528 3616 182

716 3664 957 3749 [apl-m]
1135 3664 1314 3742 Apud
1473 3686 1548 3700 —-
1588 3654 1677 3714 De
1702 3657 1949 3714 consilio
1985 3655 2305 3730 imperialis
2339 3656 2535 3719 curiae
2572 3653 2835 3713 decernit
2867 3652 3136 3713 homines
3166 3653 3240 3713 de
3265 3654 3532 3730 Arquata

1031 3759 1415 3839 Aquampen-
1548 3751 1625 3812 ad
1660 3754 1960 3811 civitatem
2005 3750 2426 3811 Dertonensem
2468 3751 2638 3827 pleno
2674 3754 2809 3827 jure
2844 3757 3106 3827 spectare
3145 3757 3204 3810 et
3244 3757 3530 3827 tanquam

1095 3860 1355 3919 dentem,
1550 3847 1818 3909 subditos
1845 3847 2034 3908 eidem
2072 3847 2310 3907 obedire
2334 3847 2567 3923 debere,
2599 3853 2713 3906 etc.
3413 3857 3438 3907 1
3454 3856 3526 3908 83

759 3954 934 4033 [eirea
1011 3995 1437 4018 ,,,,,,,
1470 3976 1555 3992 -
1590 3945 1788 4021 Papae
1812 3945 2016 4005 scribit
2039 3944 2330 4021 quidquid
2356 3945 2420 4003 in
2447 3943 2606 4004 Urbe
2631 3950 2827 4004 actum
2855 3942 3028 4003 fuerit
3051 3942 3129 4004 ad
3153 3943 3532 4003 concitandos

629 4114 633 4117 ,
739 4051 937 4131 april]
1549 4043 1848 4103 Romanos
1870 4045 1933 4101 in
1961 4041 2346 4101 offensionem
2366 4041 2681 4120 Ecclesiae,
2694 4048 2898 4101 contra
2920 4041 3339 4101 conscientiam
3360 4056 3531 4101 suam

1551 4155 1589 4200 a
1614 4139 1872 4217 quodam
1899 4138 2298 4198 machinatore
2326 4140 2624 4213 nequitiae
2650 4138 2833 4197 fulsse
2859 4144 3234 4198 attentatum.
3416 4145 3530 4196 186

705 4254 779 4306 18
801 4244 975 4324 april,
1138 4245 1317 4323 Apud
1472 4267 1554 4284 —·
1590 4237 1875 4297 Potestati
1913 4242 1973 4295 et
2013 4235 2259 4295 consilio
2305 4237 2586 4295 Mantuae
2640 4234 2886 4294 mandat
2932 4234 3091 4311 quod
3142 4234 3533 4295 servientibus

1035 4344 1419 4420 Aquampen-
1552 4335 1675 4394 suis
1711 4336 1776 4392 in
1822 4333 2235 4393 Alemannlam
2280 4349 2387 4410 pro
2428 4332 2681 4392 servitsss
2726 4332 2848 4391 suls
2891 4331 3168 4392 euntibus
3208 4331 3284 4391 de
3324 4348 3531 4392 securo

803 4466 809 4471 ·
1096 4438 1356 4499 dentem.
1554 4431 1850 4492 conductu
1877 4428 2247 4505 provideant.
2504 4454 2513 4465 ·
2812 4498 2815 4501 ,
3416 4437 3529 4491 189

749 4537 929 4597 maio.
1104 4535 1350 4613 spoleti,
1474 4559 1555 4574 —
1592 4526 1709 4587 Pro
1744 4527 1939 4587 clarae
1966 4524 2296 4585 devotionis
2330 4523 2611 4600 obsequio
2650 4523 2952 4584 hominum
2993 4522 3068 4582 de
3102 4522 3401 4601 Eugnbio,
3444 4526 3532 4586 eis

1551 4630 1809 4685 castrum
1854 4622 2123 4682 Cantiani
2160 4626 2218 4679 et
2254 4620 2605 4679 Costacciari
2645 4636 2780 4679 cum
2818 4619 3182 4696 pertinentiis
3219 4622 3344 4679 suis
3387 4635 3529 4679 con-

1552 4721 1738 4793 cedit,
1779 4718 1976 4779 dando
2011 4719 2097 4777 eis
2132 4717 2433 4778 licentiam
2473 4722 2667 4778 castro
2701 4718 2831 4793 ipso
2867 4715 3072 4776 utendi
3109 4721 3232 4775 tam
3267 4717 3331 4776 in
3367 4719 3532 4778 curia

1552 4833 1733 4895 quam
1760 4817 1823 4876 in
1848 4813 2203 4876 bominibus.
3417 4821 3523 4874 191
