4525 6031
1057 680 1182 742 9¹12

1071 881 1334 996 ,1312

1060 1302 1338 1366 novemb.

1059 1796 1335 1858 novemb.

1060 2277 1335 2341 novemb.

1101 2671 1292 2752 [nom]

1057 2963 1334 3028 novemb.

1057 3348 1335 3411 novemb.

972 3774 980 3781 ·
1071 3740 1331 3802 decemb.

1069 4123 1332 4186 decemb.

1986 679 2238 741 INDEX
2287 678 2983 742 DOCUMENTORUM.

1915 1009 2131 1070 Lancei
2182 1026 2218 1070 a
2270 1009 2528 1069 dominis
2572 1008 2730 1069 illius
2779 1008 2926 1083 loci,
2973 1014 3118 1070 tunc
3167 1009 3315 1071 illud
3349 1011 3676 1074 traditurus
3699 1017 3901 1075 comiti

1915 1106 2179 1167 Thomae
2199 1108 2275 1167 de
2290 1106 2586 1169 sabaudia
2612 1105 2767 1167 infra
2787 1107 3105 1167 terminum
3130 1108 3195 1167 in
3218 1111 3596 1170 concessione
3621 1109 3706 1170 illi
3741 1111 3900 1172 facta

1912 1203 2261 1264 stabilitum.
3776 1215 3893 1269 662

1437 1313 1730 1376 Veroelng,
1834 1332 1916 1344 —
1956 1300 2171 1360 Comiti
2207 1302 2527 1362 Thomasio
2562 1301 2637 1362 de
2682 1300 2978 1362 sabaudia
3017 1306 3079 1360 et
3108 1298 3249 1362 filiis
3289 1304 3448 1380 ejus,
3487 1309 3633 1382 ete„
3669 1304 3898 1366 confert

1915 1399 2217 1458 civitatem
2264 1399 2589 1458 Taurinum
2609 1441 2627 1471 ,
2682 1405 2922 1474 pontem
2974 1404 3035 1458 et
3081 1399 3389 1458 castellum
3431 1402 3610 1476 Juxta
3657 1407 3893 1477 pontem

1915 1498 2146 1556 noviter
2180 1502 2515 1556 extructum
2552 1501 2859 1572 castraque
2884 1502 2945 1555 et
2970 1494 3098 1555 loca
3124 1494 3452 1573 Caboretti‚
3489 1496 3681 1558 Casu-i
3718 1499 3893 1558 Vete-

1916 1596 2018 1664 ris,
2053 1593 2272 1654 Montis
2301 1593 2506 1654 Galerii
2541 1599 2604 1654 et
2643 1592 2936 1672 Collegni,
2963 1609 3103 1654 cum
3133 1593 3470 1656 omnimoda
3490 1594 3896 1671 jurisdieuone

1914 1691 2160 1766 aliisque
2178 1691 2437 1767 juribus.
3775 1702 3892 1755 663

1434 1797 1738 1859 Vercellis,
1835 1819 1915 1831 —
1954 1788 2168 1848 Comiti
2222 1789 2539 1850 Thomasio
2592 1789 2668 1849 de
2721 1788 3018 1850 SabandIa
3071 1788 3230 1850 banc
3282 1788 3576 1850 licentiam
3631 1790 3898 1851 emedit

1911 1886 2073 1962 quod
2099 1885 2370 1946 aedificet
2407 1886 2503 1945 vei
2539 1884 2839 1946 aedificari
2882 1891 3157 1963 procuret
3187 1891 3409 1959 castra,
3436 1893 3632 1948 turres
3663 1892 3724 1946 et
3757 1903 3895 1947 mu·

1911 1984 2166 2042 nitiones
2206 1982 2364 2060 apud
2404 1982 2765 2053 Taurinum,
2816 1982 3079 2042 Montem
3114 1982 3437 2056 Galerium,
3482 1980 3891 2057 esbon-ettam,

1912 2079 2264 2157 Colegnum,
2330 2078 2713 2157 Eporediam,
2771 2081 2836 2140 in
2886 2086 3042 2141 terra
3075 2079 3368 2156 Canapitii
3409 2084 3473 2139 et
3510 2080 3691 2139 etiam
3735 2079 3895 2155 apud

1913 2177 2196 2237 Lanzum.
3776 2182 3892 2235 663

1431 2279 1737 2341 Vercellis.
1833 2307 1913 2318 —
1952 2269 2254 2335 Promittit
2299 2291 2364 2336 se
2401 2280 2853 2351 procuraturum
2905 2272 3283 2334 traditionem
3324 2272 3527 2334 comiti
3576 2270 3894 2334 'thomasio

1914 2371 1987 2430 de
2028 2370 2323 2432 Sabaudia
2362 2370 2689 2432 taciendam
2726 2371 2988 2431 locorum
3033 2372 3301 2447 superius
3339 2384 3750 2445 expressorum
3788 2384 3896 2445 per

1911 2469 2196 2530 Jacobum
2223 2471 2298 2530 de
2322 2469 2557 2529 Caretto
2586 2485 2760 2528 suum
2788 2484 3087 2546 generum,
3117 2469 3223 2544 qui
3245 2467 3410 2528 dicta
3431 2466 3560 2527 loca
3583 2466 3701 2526 sibl
3724 2481 3892 2525 com·

1913 2568 2187 2627 mendata
2213 2567 2502 2627 hactenns
2526 2565 2795 2644 tenebat,
2821 2571 2931 2626 etc.
3775 2571 3892 2624 664

1371 2711 1799 2734 .......
1832 2695 1911 2709 -
1953 2665 2236 2725 Comitem
2288 2664 2673 2724 Th0masium
2723 2663 2799 2724 de
2841 2661 3135 2722 Sabaudia
3177 2662 3419 2722 investit
3466 2659 3540 2720 de
3582 2661 3793 2721 castris
3834 2666 3894 2720 et

1905 2762 2078 2819 terris
2097 2761 2363 2836 superius
2388 2759 2701 2836 expressis,
2718 2759 2830 2818 sub
2857 2760 3034 2819 certis
3053 2756 3487 2819 conditionibus
3506 2762 3567 2818 et
3583 2773 3723 2818 cum
3739 2756 3891 2816 fide·

1910 2857 2133 2917 litatem
2161 2857 2517 2932 praestiterit
2540 2858 2663 2932 regi
2692 2855 2985 2916 Conrado.
3772 2862 3890 2914 665

1431 2961 1733 3026 vermina.
1830 2986 1910 3000 -
1952 2955 2205 3055 Guigoni
2254 2953 2549 3031 DaIphino
2587 2955 2902 3018 Viennensi
2949 2954 3385 3033 consanguineo
3426 2968 3535 3013 suo
3574 2952 3650 3012 de
3692 2967 3892 3012 annuo

1829 3064 1834 3069 ·
1910 3051 2087 3112 feudo
2115 3056 2508 3111 trecentarum
2534 3053 2843 3111 unciarum
2870 3053 2999 3111 auri
3024 3049 3531 3128 percipiendarum
3556 3049 3631 3109 de
3655 3064 3892 3109 camera

1910 3166 2017 3209 sua
2060 3150 2312 3226 singuiis
2348 3150 2520 3210 annis
2570 3150 2636 3209 in
2679 3148 2832 3210 festo
2876 3147 3337 3210 Resurrectionis
3375 3146 3719 3208 Dominicae
3745 3163 3887 3224 pro-

1909 3247 2091 3307 videt.
3771 3252 3887 3306 66⁵

1433 3347 1730 3410 Vercellis.
1833 3374 1911 3388 -
1952 3344 2283 3405 camerario
2325 3343 2614 3421 Guigonis
2666 3342 2945 3421 Delphini
2987 3342 3336 3404 Viennensis
3351 3388 3370 3422 ,
3398 3341 3476 3403 ob
3515 3341 3888 3403 devotionem

1912 3444 2044 3517 ejus
2072 3445 2133 3499 et
2169 3446 2335 3515 grata
2370 3441 2606 3500 servitia
2627 3482 2644 3510 ,
2671 3439 2746 3499 de
2776 3454 2975 3498 annuo
3009 3437 3189 3498 feudo
3214 3438 3547 3515 quindecim
3576 3440 3889 3500 unciarum

1911 3538 2041 3598 auri
2093 3536 2596 3613 percipiendarum
2644 3536 2721 3596 de
2765 3550 3001 3595 camera
3052 3551 3164 3596 sua
3207 3535 3458 3615 singulis
3507 3539 3684 3596 annis
3742 3552 3886 3613 pro-

1909 3635 2089 3694 videt.
3767 3642 3884 3694 666

1431 3733 1734 3797 Vercellis.
1830 3763 1907 3775 —
1948 3729 2421 3791 Terdonensibus
2457 3728 2730 3790 fidelibus
2776 3731 2901 3789 suis
2951 3729 3250 3790 licentiam
3310 3728 3581 3789 coneedit
3632 3729 3887 3790 cudendi

1908 3843 2122 3886 novam
2149 3833 2447 3886 monetam
2473 3826 2585 3885 sub
2626 3842 2734 3886 suo
2769 3827 3009 3886 nomine
3031 3832 3092 3886 et
3117 3841 3228 3887 sua
3253 3826 3512 3903 imagine
3538 3841 3843 3903 pei-cusam
3860 3868 3881 3900 ,

1909 3941 2061 4001 quae
2112 3925 2426 3999 recipiatur
2469 3922 2719 3985 ubilibet
2761 3924 2918 3984 sicut
2959 3923 3209 3985 aliarum
3258 3925 3569 3985 civitatum
3609 3922 3886 4001 Liguriae

1905 4029 2142 4081 moneta
2167 4022 2468 4097 recipitur.
3763 4027 3880 4081 669

1429 4124 1722 4186 Vercellis.
1827 4152 1905 4165 —
1947 4119 2260 4180 Communi
2336 4116 2706 4177 Lucanorum
2767 4116 3137 4193 provinciam
3205 4114 3639 4195 Gartagnanam
3698 4116 3883 4193 quam

1907 4217 2160 4276 lle-deo
2203 4213 2330 4274 illio
2374 4230 2482 4274 suo
2523 4213 2887 4285 contulerat,
2931 4214 2997 4273 in
3038 4219 3266 4275 rectum
3314 4212 3562 4274 feudum
3599 4229 3707 4290 pro
3743 4212 3884 4274 fidel

1904 4313 2441 4389 recompensatione
2465 4309 2734 4371 coneedit
2759 4327 2898 4372 cum
2929 4310 3208 4372 omnibus
3242 4310 3566 4371 rationibus
3598 4316 3662 4372 et
3693 4313 3882 4388 perti-

1899 4412 2140 4470 nentiis.
3761 4416 3872 4468 671

1108 4503 1286 4590 [dec]
1367 4549 1791 4570 .......
1824 4539 1905 4553 -
1944 4506 2188 4566 Mandat
2212 4506 2468 4566 Henrico
2492 4504 2618 4566 filio
2656 4521 2765 4566 suo
2801 4505 2961 4582 quod
2994 4520 3114 4565 non
3148 4504 3423 4566 turbetur
3452 4509 3693 4583 propter
3731 4520 3884 4566 con-

1904 4605 2223 4663 cessionem
2247 4602 2590 4663 Lunesanae
2615 4608 2675 4661 et
2699 4602 3106 4679 Garfagnanae
3132 4618 3314 4679 quam
3341 4602 3573 4663 Pisanis
3595 4607 3657 4661 et
3680 4600 3880 4662 Luca·

1905 4701 1996 4759 nis
2017 4701 2144 4774 ipse
2168 4698 2327 4777 fecit,
2350 4701 2694 4758 necessitate
2715 4697 2948 4774 publica
2968 4699 3276 4761 suadente.
3759 4706 3876 4758 672

1069 4795 1314 4857 decemb
1316 4837 1792 4858 ........
1824 4828 1905 4842 -
1943 4794 2310 4856 Bonitacium
2366 4794 2761 4855 marchionem
2813 4794 3233 4857 montisferrati
3284 4796 3350 4855 in
3405 4796 3655 4874 gratiam
3705 4809 3879 4856 suam
