4525 6031
994 700 1119 765 956
1927 698 2173 761 INDEX
2219 692 2913 758 DOCUMENTORUM.

1022 903 1250 978 1244

1026 1029 1251 1109 [maim]
1310 1072 1739 1094 .......
1778 1062 1852 1077 --
1891 1027 2386 1109 PergamensIbus
2416 1025 2623 1087 scribit
2648 1040 2711 1084 se
2738 1039 2942 1084 eorum
2973 1027 3215 1086 nuntios
3240 1024 3414 1085 hilari
3447 1026 3647 1085 animo
3674 1041 3839 1086 rece-

1852 1131 2009 1205 pisse
2044 1128 2146 1203 qui
2181 1123 2574 1201 exquirebant
2606 1137 2786 1181 suum
2829 1120 3153 1182 adventum
3192 1122 3269 1182 ad
3303 1128 3502 1198 partes
3545 1121 3838 1182 Lombar·

1853 1224 2008 1286 diae.
2028 1222 2311 1286 Notificat
2334 1220 2495 1299 quod
2516 1221 2669 1279 inter
2697 1235 2762 1277 se
2780 1224 2839 1278 et
2856 1218 3180 1280 Ecclesiam
3197 1235 3316 1295 pax
3332 1222 3461 1297 jam
3482 1216 3719 1279 firmata
3734 1220 3838 1291 tit,

1853 1326 1915 1380 et
1936 1321 2096 1397 quod
2123 1319 2327 1379 habito
2355 1334 2491 1378 cum
2525 1331 2760 1377 summo
2789 1313 3066 1392 pontifice
3089 1316 3383 1393 colloquio
3408 1332 3481 1376 ac
3505 1319 3636 1394 ejus
3658 1315 3841 1376 bene-

1852 1416 2107 1476 dictione
2129 1420 2400 1491 euscepta
2414 1457 2430 1485 ,
2460 1412 2534 1473 ad
2558 1417 2754 1489 partes
2777 1413 2924 1472 istas
2947 1407 3332 1488 personaliter
3358 1413 3579 1473 veniet.
3723 1422 3748 1473 ι
3763 1420 3838 1473 93

1037 1529 1229 1605 junio.
1311 1576 1328 1592 .
1378 1574 1394 1592 .
1449 1573 1465 1591 .
1515 1571 1534 1590 .
1580 1570 1598 1590 .
1655 1574 1671 1590 .
1725 1574 1740 1591 .
1777 1563 1857 1575 —
1897 1530 2149 1589 Lucanis
2188 1531 2251 1588 in
2289 1533 2635 1604 perpetuum
2677 1526 2948 1586 concedit
2987 1532 3180 1586 castra
3214 1523 3841 1586 Maronis-Montefe-

1859 1627 2118 1702 gatensis
2144 1631 2204 1682 et
2227 1622 2461 1682 Luliani
2488 1637 2622 1681 cum
2660 1636 2864 1680 eorum
2901 1619 3257 1691 rationibus,
3285 1619 3509 1697 datque
3545 1621 3839 1680 licentiam

1857 1720 2174 1799 recipiendi
2200 1723 2264 1779 in
2299 1720 2573 1779 concives
2602 1716 2873 1778 homines
2897 1717 3193 1795 quoslibet
3216 1716 3658 1794 Garfagnanae,
3687 1721 3841 1778 sicut

1854 1826 1914 1879 et
1955 1817 2367 1878 communibus
2408 1814 2824 1894 Garfagnanae
2862 1814 3179 1891 recipiendi
3237 1820 3556 1892 potestates
3602 1821 3664 1876 et
3708 1832 3839 1876 rec-

1853 1923 2010 1977 tores
2038 1917 2331 1976 Lucanos·
3720 1916 3837 1975 195

1039 2028 1236 2109 [junio
1311 2073 1736 2094 .......
1776 2063 1852 2075 -
1891 2031 2040 2107 Regi
2065 2029 2427 2088 Francorum
2453 2027 2691 2087 nuntIat
2716 2023 2875 2103 quod
2904 2043 3009 2104 spe
3035 2023 3291 2103 quadam
3316 2027 3477 2103 pacis
3506 2035 3836 2105 resumpta,

993 2126 1272 2206 ineunte]
1853 2142 2066 2205 papam
2106 2127 2338 2204 rogavit
2373 2131 2444 2186 ut
2477 2125 2734 2202 aliquem
2771 2141 2847 2183 ex
2884 2122 3284 2185 cardinalibus
3316 2124 3391 2185 ad
3436 2141 3500 2185 ee
3538 2127 3829 2198 mitteret,

1852 2225 2067 2283 comite
2114 2222 2405 2283 Tolosano
2451 2221 2690 2280 interim
2732 2218 2809 2280 ad
2844 2217 3054 2279 Sedem
3100 2219 3499 2296 Apostollcam
3543 2221 3838 2282 destinato

1851 2336 1959 2397 pro
1991 2322 2227 2397 negotio
2254 2319 2418 2396 pacis
2446 2318 2733 2396 ejusdem.
3722 2325 3835 2379 197

1026 2436 1058 2487 7
1083 2426 1241 2505 julii.
1434 2433 1615 2511 Apud
1772 2459 1853 2469 —
1891 2426 2175 2486 Potestati
2208 2431 2269 2485 et
2304 2427 2605 2486 communi
2632 2426 2911 2484 Mantuae
2939 2421 3182 2484 mandat
3215 2427 3285 2484 ut
3317 2420 3381 2484 in
3418 2420 3690 2485 kalendis
3725 2440 3837 2486 au·

1320 2530 1734 2593 Interamnam,
1852 2525 2007 2600 gusti
2035 2523 2301 2598 proxime
2329 2524 2562 2581 venturi
2588 2521 2830 2581 idoneos
2858 2526 2918 2581 et
2952 2520 3155 2581 fideles
3181 2522 3421 2581 nuntios
3446 2537 3582 2581 cum
3621 2522 3839 2599 quibus

1852 2619 2112 2695 plenarie
2140 2617 2464 2677 deliberare
2496 2617 2673 2693 velit,
2702 2616 2778 2677 ad
2804 2633 2871 2677 ee
2897 2617 3055 2693 apud
3084 2616 3253 2677 Pisas
3279 2616 3595 2677 destinent.
3721 2626 3838 2679 200

1023 2727 1245 2807 [julla]
1309 2769 1325 2787 .
1389 2766 1737 2787 ......
1785 2756 1852 2769 -
1892 2725 2038 2801 Regi
2073 2725 2416 2801 Hungarlae
2449 2722 2743 2800 significat
2785 2723 2931 2800 quid
2969 2723 3157 2801 egerit
3194 2722 3271 2782 ad
3311 2723 3654 2783 electionem
3694 2727 3837 2784 novi

1853 2821 2148 2898 pontilicis
2174 2819 2628 2898 procurandam,
2659 2819 2913 2896 qualiter
2947 2820 3189 2881 demum
3216 2820 3401 2881 eiecto
3426 2836 3630 2897 pacem
3657 2821 3839 2882 obtu-

1853 2919 1988 2978 lerit
2013 2923 2074 2977 ct
2096 2933 2232 2994 spes
2260 2915 2604 2977 concordiae
2625 2916 2702 2975 ab
2729 2915 3005 2976 omnibus
3028 2922 3310 2993 concepta
3336 2918 3658 2979 evanuerit.
3718 2923 3834 2978 203

1042 3026 1224 3105 [julio
1309 3067 1325 3085 .
1394 3066 1734 3088 ......
1776 3056 1852 3068 -
1895 3024 2196 3084 Universis
2226 3021 2505 3082 fidelibus
2530 3027 2591 3081 et
2616 3024 2822 3082 amicis
2849 3023 2974 3082 suis
3003 3020 3136 3081 fuse
3155 3027 3359 3082 narrat
3384 3021 3529 3099 quid
3555 3038 3662 3100 pro
3688 3039 3838 3101 pace

995 3122 1269 3203 exeunh]
1852 3120 2320 3181 consummanda
2344 3120 2497 3180 inter
2525 3136 2588 3179 se
2613 3126 2674 3178 et
2700 3135 2999 3179 summum
3033 3119 3370 3196 pontificem
3397 3127 3594 3181 actum
3624 3119 3832 3194 fuerit,

1851 3235 2187 3278 memorans
2221 3217 2384 3294 quod
2421 3233 2559 3277 cum
2594 3217 3032 3277 conditionIbus
3064 3234 3103 3278 a
3138 3218 3416 3278 societate
3449 3218 3839 3281 Lombardiae

1852 3314 2066 3375 oblatis
2093 3320 2236 3374 ante
2264 3320 2324 3373 et
2347 3321 2481 3390 post
2515 3315 2823 3374 victoriam
2852 3314 3013 3390 apud
3045 3314 3285 3375 Curtem
3309 3314 3540 3377 Novam
3567 3322 3834 3393 reporta·

1851 3419 2009 3484 tam,
2039 3428 2182 3488 pace
2215 3412 2595 3472 constantiae
2625 3427 2864 3488 prorsus
2897 3416 3176 3488 excepta,
3209 3412 3336 3491 ipse
3361 3418 3516 3473 stare
3548 3414 3831 3486 voluerit,

1851 3524 2002 3584 papa
2030 3514 2163 3584 post
2193 3510 2359 3567 varia
2384 3508 2757 3584 diverticula,
2787 3524 2852 3569 re
2875 3509 2940 3568 in
2965 3524 3250 3586 suspenso
3276 3509 3500 3582 relicta,
3530 3508 3731 3570 subito
3757 3511 3834 3573 ad

1848 3607 2103 3665 Januam
2133 3604 2422 3684 confugit.
3712 3616 3830 3670 205

995 3718 1249 3789 augusto
1253 3750 1734 3774 ........
1770 3742 1850 3755 -
1889 3711 2032 3772 Post
2073 3711 2277 3788 fugam
2312 3727 2498 3789 papae
2533 3712 2612 3771 ad
2646 3717 2845 3788 parte·
2881 3712 3384 3787 ultramontanas,
3421 3713 3499 3774 de
3529 3730 3674 3791 pace
3711 3731 3832 3776 non

1849 3806 2043 3867 adhuc
2068 3807 2415 3884 desperans„
2446 3807 2650 3868 scribit
2678 3807 3034 3886 quibusdam
3070 3808 3465 3871 cardinalibus
3500 3826 3568 3871 ee
3591 3827 3832 3888 compo·

1847 3907 2076 3965 sitionis
2105 3905 2350 3965 modum
2381 3920 2585 3966 eorum
2612 3906 2856 3967 arbitrio
2881 3908 3280 3986 committere,
3308 3908 3475 3969 salva
3497 3913 3699 3970 tamen
3726 3908 3833 3971 di·-

1845 4003 2071 4078 gnitate
2098 4003 2330 4079 imperii
2358 4007 2420 4063 et
2445 4017 2576 4063 sua.
3712 4012 3829 4066 222

992 4110 1264 4182 augusto.
1430 4106 1604 4167 Piala.
1768 4136 1850 4148 —-
1888 4104 1984 4165 Ad
2034 4107 2517 4184 supplicationem
2560 4108 2782 4167 civium
2829 4106 3201 4184 Aquenelum
3244 4106 3510 4170 fidelium
3554 4122 3827 4182 suorum,

1846 4203 2218 4280 privilegium
2248 4221 2286 4263 a
2314 4203 2613 4264 Friderico
2640 4203 2671 4262 1
2696 4219 2810 4264 avo
2840 4219 2949 4264 suo
2975 4204 3194 4265 eisdem
3231 4220 3390 4266 anno
3427 4213 3617 4283 1166,
3654 4215 3693 4266 8
3727 4209 3829 4284 ja·

1844 4300 2057 4368 nuarii,
2085 4299 2386 4359 indultum
2414 4306 2682 4373 renovat,
2710 4301 2916 4360 inserit
2938 4306 3117 4378 atque
3141 4298 3473 4363 confirmat.
3711 4310 3827 4363 22³

990 4409 1263 4480 augusto.
1429 4406 1602 4467 Pisis.
1768 4432 1845 4447 -
1886 4401 2009 4461 Sub
2036 4406 2397 4478 protectione
2422 4418 2530 4464 sua
2552 4405 2760 4480 recipit
2784 4405 3077 4485 Marcum,
3106 4403 3435 4467 Gerardum
3458 4412 3521 4466 et
3542 4405 3829 4467 Iacobum

1844 4499 1920 4559 de
1949 4505 2123 4576 gente
2148 4499 2466 4569 Roncioni‚
2502 4502 2665 4561 cives
2700 4502 2977 4579 Pisanos,
3007 4509 3067 4563 et
3104 4501 3419 4564 confirmat
3450 4503 3825 4582 privilegium

1845 4612 1882 4656 a
1917 4596 2213 4657 Friderico
2248 4598 2280 4657 Ι
2317 4613 2431 4657 avo
2470 4613 2580 4657 suo
2620 4612 2825 4658 eorum
2861 4599 3328 4660 antecessoribus
3366 4616 3706 4663 eoncessum
3752 4600 3828 4661 de

1841 4694 2203 4755 Martiniana
2233 4693 2407 4768 Litia,
2437 4694 2654 4754 Sancto
2684 4696 2965 4755 Fridiano
2993 4702 3054 4756 et
3078 4698 3463 4772 pertinentiis.
3707 4704 3822 4757 228

990 4802 1263 4876 auguato.
1319 4797 1496 4876 Apud
1522 4797 1700 4860 Pisas.
1763 4829 1845 4844 -
1884 4797 2203 4860 Geraldnm
2252 4804 2314 4859 et
2360 4798 2605 4860 Petrum
2652 4802 2847 4861 Amici
2892 4801 3145 4862 vasallos
3191 4807 3252 4861 et
3295 4801 3544 4862 barones
3595 4803 3825 4862 comitis
