4525 6031
645 608 850 670 luntcr.
882 606 971 690 6.]
1559 604 1950 668 Hls'rORtA
2000 606 2592 670 DIPLOMATICA.
3351 602 3474 665 605

646 743 1035 815 cardinales
1069 752 1139 814 et
1168 741 1339 813 alios
1371 740 1673 834 prelatos
1705 741 2013 816 Ecclesie
2055 753 2216 815 tunc
2250 742 2888 814 excommunicaret
2923 739 3198 834 publice
3235 759 3472 811 coram

647 866 853 960 plebe
896 877 967 939 et
1000 864 1404 938 fidelitatem
1426 865 1697 956 juraret
1724 863 1991 959 perfido
2024 866 2390 938 Frederico
2412 919 2431 957 ,
2468 865 2878 961 impunitate
2922 863 3052 934 sibi
3098 883 3308 958 super
3336 862 3473 934 hoc

648 998 718 1060 et
747 988 983 1060 multis
1017 986 1277 1060 divitiis
1306 986 1762 1081 repromissis,
1797 990 1953 1083 Ipse
1983 1011 2155 1061 vero
2180 989 2459 1061 Domini
2501 988 2747 1083 spiritu
2780 986 3146 1057 roboratus
3174 982 3474 1056 fidenter

644 1112 938 1184 asseruit
980 1110 1172 1204 quod
1221 1111 1447 1205 ipsum
1493 1110 1933 1183 Fredericum
1975 1113 2281 1185 Sathane
2330 1113 2768 1206 progenitum
2815 1119 2887 1181 et
2930 1110 3286 1179 alumnum
3331 1109 3471 1179 fre-

647 1243 942 1327 quenter
978 1233 1707 1305 excommunicaverat
1745 1243 1958 1327 atque
1991 1257 2179 1324 suos,
2212 1245 2283 1306 et
2315 1245 2478 1307 tunc
2526 1235 2728 1305 etiam
2773 1232 3090 1304 eamdem
3133 1232 3203 1302 in
3246 1232 3473 1326 ipsum

646 1357 1107 1430 anathematis
1139 1357 1553 1428 sententiam
1586 1357 1884 1428 iteravit.
1928 1359 2238 1451 Cumque
2279 1358 2650 1430 duceretur
2679 1357 2769 1428 ad
2803 1354 3209 1450 martyrium
3245 1355 3474 1448 ponti-

648 1482 789 1572 fex,
816 1504 891 1553 se
925 1482 1223 1576 primum
1257 1480 1555 1552 munivit
1591 1489 1728 1551 tam
1760 1481 2081 1553 lamentis
2111 1482 2490 1575 penitentie
2523 1502 2734 1574 quam
2758 1480 3079 1551 omnibus
3111 1478 3473 1550 ecclesias-

646 1604 796 1675 ticis
822 1604 1309 1694 sacramentis;
1345 1626 1589 1675 verum
1628 1626 1788 1675 cum
1816 1627 1891 1676 se
1921 1606 1994 1675 in
2030 1607 2361 1701 abyssum
2398 1606 2709 1697 demergi
2740 1604 3069 1675 estimans
3100 1625 3141 1673 a
3174 1602 3472 1674 circum-

646 1726 985 1798 stantibus
1034 1727 1380 1798 intellexit
1428 1726 1619 1820 quod
1667 1735 1925 1799 tractus
1969 1750 2094 1822 per
2133 1729 2369 1800 villam
2413 1729 2714 1800 debebat
2744 1727 3118 1822 suspendio
3157 1726 3466 1817 interire,

645 1859 925 1921 cantare
957 1851 1142 1946 cepit
1173 1854 1258 1920 Te
1284 1852 1491 1921 Deum
1527 1850 1882 1921 laudamus
1916 1860 1986 1922 et
2017 1851 2355 1946 hymnum
2383 1853 2789 1945 angelorum
2819 1852 2958 1921 alta
2981 1872 3178 1921 voce.
3207 1849 3473 1920 Deinde

645 1974 733 2045 ad
772 1973 1160 2068 patibulum
1204 1974 1384 2045 trahi
1420 1974 1639 2045 voluit
1679 1975 1873 2045 velut
1908 1974 2215 2047 Christus
2247 1976 2338 2047 ad
2371 1997 2676 2064 crucem,
2714 1975 2837 2046 sed
2871 1974 3194 2045 flentibus
3226 1974 3477 2044 mulie-

647 2096 836 2167 ribus
879 2108 950 2168 et
992 2098 1301 2192 parvulis
1347 2098 1529 2170 circa
1570 2098 1836 2191 ipsum,
1873 2121 2013 2171 non
2057 2109 2163 2170 est
2208 2099 2581 2193 permissus
2627 2121 2720 2169 ex
2761 2106 2905 2169 toto
2948 2097 3232 2168 nudari:
3263 2098 3474 2168 Porro
3526 2140 3532 2145 -

646 2220 968 2290 Saraceni
988 2221 1381 2310 ligaverunt
1408 2243 1638 2292 sacras
1671 2242 1919 2292 manus
1948 2230 2018 2292 et
2044 2222 2288 2316 pedes,
2325 2223 2737 2294 velaverunt
2770 2221 3033 2309 ocuIOS,
3068 2231 3277 2314 caput
3306 2240 3472 2290 vero

639 2343 840 2433 juxta
864 2343 1160 2415 caudam
1186 2343 1506 2414 animalis
1535 2355 1638 2415 est
1662 2345 1962 2438 positum
1991 2353 2071 2415 ut
2097 2345 2236 2416 alvi
2264 2345 2680 2441 profluvium
2706 2345 2764 2414 si
2792 2351 3187 2438 erumperet
3204 2364 3469 2413 sacram

645 2467 973 2538 verticem
1007 2467 1427 2559 inquinaret.
1471 2468 1791 2538 Ceterum
1827 2490 1996 2539 vero
2028 2468 2200 2540 illud
2231 2468 2514 2539 brutum
2547 2468 2843 2557 animal,
2884 2467 3045 2537 licet
3082 2466 3470 2537 stimulare-

648 2600 754 2661 tur
773 2590 1185 2679 calcaribuS,
1207 2591 1472 2662 moveri
1500 2612 1642 2661 non
1677 2599 1949 2685 poterat
1980 2584 2205 2662 donec
2239 2591 2582 2685 psalmum
2614 2600 2683 2661 et
2710 2589 3092 2660 orationem
3123 2589 3471 2682 inceptam

645 2712 907 2784 athleta
936 2713 1207 2784 Domini
1238 2714 1639 2784 terminaret
1668 2723 1739 2785 et
1768 2714 1859 2785 ab
1892 2713 2042 2808 ipso
2067 2713 2432 2805 gradiendi
2455 2713 2747 2784 ulterius
2770 2712 2932 2784 data
2954 2712 3136 2783 foret
3161 2712 3462 2783 licentia.

645 2837 891 2929 Sicque
929 2858 1055 2930 per
1088 2846 1391 2908 castrum
1424 2836 1655 2908 Sancti
1686 2834 2138 2932 Plamiani(t)
2172 2836 2496 2908 Saraceni
2528 2845 2892 2907 traxerunt
2924 2858 3084 2906 eum
3121 2835 3213 2907 ad
3241 2836 3469 2906 furcas

644 2981 721 3031 ac
748 2960 809 3031 si
844 2974 1028 3031 esset
1059 2960 1168 3030 vir
1198 2960 1521 3053 ignobilis
1554 2970 1624 3031 et
1664 2959 2010 3055 plebeius,
2050 2981 2174 3032 seu
2208 2960 2518 3033 omnium
2561 2960 2994 3052 abjectorum
3035 2959 3463 3054 peripsema,

645 3085 751 3156 vel
790 3082 1097 3178 perfidus
1132 3083 1474 3179 parricida
1503 3107 1623 3155 seu
1654 3084 1939 3155 sicarius
1974 3096 2095 3155 aut
2126 3087 2547 3180 plageariuS,
2582 3107 2707 3156 seu
2739 3094 3120 3156 nocturnus
3152 3084 3467 3179 depopu-

645 3208 819 3280 lator
866 3228 1217 3298 agrorum.
1267 3210 1446 3278 Sane
1497 3207 1764 3279 Christo
1819 3209 2110 3279 Domino
2162 3219 2232 3279 et
2289 3209 2612 3280 fratribus
2658 3208 3041 3279 minoribus
3087 3207 3253 3278 hinc
3303 3206 3467 3278 inde

642 3330 1119 3402 assistentibus
1155 3331 1335 3401 inter
1367 3331 1502 3401 alia
1534 3340 1640 3402 est
1680 3332 2036 3402 confessus
2070 3331 2260 3424 quod
2296 3332 2706 3402 sensualitas
2746 3348 3186 3401 murmurans
3214 3329 3465 3401 suade-

643 3453 760 3524 bat
787 3464 866 3524 ut
894 3454 1300 3547 martyrium
1328 3455 1517 3546 quod
1548 3455 1695 3548 ipse
1725 3454 1893 3525 dum
1922 3464 2105 3525 esset
2132 3455 2308 3525 liber
2333 3455 2670 3548 cupierat,
2711 3456 3057 3547 refugeret
3088 3454 3144 3524 si
3172 3455 3459 3524 valeret.

643 3577 777 3648 Sed
820 3578 971 3673 ipse
1018 3587 1157 3648 tam
1200 3577 1330 3648 hec
1370 3599 1580 3669 quam
1619 3600 1894 3671 queque
1936 3578 2220 3648 minima
2258 3599 2397 3670 que
2442 3579 2904 3649 occurrebant
2934 3577 3288 3665 memorie,
3323 3599 3464 3649 non

643 3699 958 3770 cessabat
1007 3700 1282 3794 publice
1329 3698 1676 3790 confiteri,
1723 3701 2046 3772 omnibus
2095 3701 2225 3772 sibi
2279 3701 2694 3772 nocentibus
2751 3701 3046 3772 offensas
3100 3722 3193 3772 ex
3254 3699 3464 3772 corde

643 3821 995 3892 dimittens
1029 3832 1265 3915 etque
1310 3822 1695 3893 inferebant
1731 3822 2079 3894 sustinens
2111 3824 2480 3919 patienter.
2518 3825 2672 3896 Fuit
2703 3835 2938 3895 autem
2974 3845 3348 3919 suspensus
3390 3824 3463 3893 in

642 3944 953 4037 patibulo
981 3945 1052 4014 in
1086 3945 1308 4039 prima
1343 3945 1688 4017 dominica
1720 3946 2037 4017 instantis
2068 3947 2596 4039 quadragesime
2624 3947 2757 4044 (2),
2800 3970 2979 4042 pene
3013 3947 3183 4019 hora
3217 3947 3460 4018 eadem

642 4088 779 4161 qua
805 4068 1229 4164 Redemptor
1264 4079 1499 4141 noster
1529 4091 1807 4140 crucem
1845 4070 2182 4142 ascendit.
2220 4073 2464 4144 Positis
2489 4093 2658 4144 vero
2686 4073 3087 4144 custodibus
3114 4093 3196 4142 ac
3230 4070 3460 4142 triduo

584 4261 589 4272 ,
636 4192 953 4283 pendens
989 4192 1060 4261 in
1096 4192 1331 4281 furciS,
1361 4193 1659 4264 Minores
1694 4193 1976 4265 tandem
2008 4194 2212 4264 furati
2245 4204 2407 4266 sunt
2435 4217 2684 4290 corpus
2714 4196 2886 4287 ejus.
2923 4194 3061 4266 Sed
3093 4193 3268 4265 illud
3304 4215 3459 4265 car-

703 4429 777 4498 (⁴)
807 4428 1113 4500 Legendum
1139 4445 1270 4486 vero
1289 4434 1543 4502 putamus
1560 4446 1658 4502 per
1677 4437 1897 4503 pratum
1920 4430 2191 4501 Flatiam',
2218 4431 2423 4488 scilicet
2445 4433 2511 4488 de
2534 4432 2758 4489 Flazano
2784 4438 2908 4489 ante
2927 4434 3192 4503 Parmam,
3218 4430 3312 4487 ubi
3335 4429 3450 4487 Fri-

632 4524 846 4581 dericus
877 4525 1105 4582 durante
1131 4526 1406 4583 obsidione
1441 4527 1639 4584 multos
1670 4527 1802 4584 alios
1838 4527 2080 4600 captivos
2107 4528 2175 4584 ad
2202 4527 2450 4585 ultimum
2490 4530 2808 4603 supplicium
2850 4521 2989 4586 trahi
3014 4529 3191 4602 jussit.
3239 4528 3452 4586 videsis

633 4619 801 4691 Arre,
828 4619 976 4677 Stor.
1009 4621 1070 4676 dn·
1098 4624 1317 4693 Parma,
1346 4628 1386 4679 t.
1415 4624 1505 4694 ΙΙΙ,
1531 4641 1588 4697 p.
1622 4626 1747 4692 2⁴2,
1774 4623 1866 4697 qui
1894 4623 1968 4680 ita
1993 4624 2136 4681 hunc
2158 4623 2336 4681 locum
2363 4625 2739 4698 corrigendum
2764 4641 2885 4682 esse
2911 4632 3113 4682 censet.

703 4718 775 4791 (2)
811 4718 933 4774 Non
958 4719 1311 4778 dubitandum
1346 4727 1432 4778 est
1458 4738 1527 4778 ex
1560 4721 2006 4795 praecedentibus
2033 4722 2163 4795 quin
2199 4722 2284 4779 his
2315 4723 2495 4780 verbis
2530 4722 2793 4780 indicetur
2829 4723 2948 4781 dies
2984 4723 3252 4782 dominica
3293 4723 3457 4797 vulgo

788 4817 896 4878 vl.
941 4833 1053 4878 Pu·
1075 4839 1117 4880 2.
3064 4832 3137 4884 77
