4525 6031
679 1727 709 1770 ⁹
725 1669 990 1769 ω’ῗιῖιίι.

1066 645 1187 707 682
2065 647 2499 710 munemel
2549 649 2895 711 ssscmvm
3498 656 3663 733 [Anu.
3700 656 3875 718 1248.

1066 790 1365 854 ratorem
1407 791 1479 852 et
1514 781 1589 853 C.
1623 789 1863 852 natum
1905 783 2054 875 ejus
2094 783 2427 858 faciemus
2474 785 2962 858 invIolabiliter
2997 786 3389 880 observari,
3425 790 3519 863 ad
3547 801 3775 864 vestra
3812 801 3885 865 et

1069 916 1250 978 terre
1278 916 1510 977 vestre
1537 906 1900 978 commoda
1935 918 2005 979 et
2036 907 2336 979 honores
2368 910 2612 982 fortius
2638 912 3127 1004 astringamur.

1164 1032 1415 1103 Datum
1447 1031 1792 1123 Lugduni,
1821 1032 1910 1104 VI
1946 1031 2105 1105 idus
2135 1033 2550 1127 decembris,
2592 1034 3036 1131 pontificatus
3062 1038 3282 1110 nostri
3315 1058 3505 1110 anno
3535 1049 3760 1113 sexto.

2050 1348 3116 1360 *mm-mm—
3125 1351 3471 1363 ---—————-

1170 1667 1654 1752 Innocentius
1722 1693 1921 1777 papa
1974 1668 2539 1779 archiepiscopo
2598 1670 3044 1781 Maguntino
3106 1681 3181 1756 et
3253 1672 3488 1756 electo
3548 1673 3883 1783 Spirensi

1066 1801 1382 1904 mandat
1451 1802 1660 1912 quod
1742 1801 2177 1885 vicesimam
2247 1802 2925 1888 ecclesiasticorum
3012 1819 3520 1915 proventuum
3611 1809 3885 1891 Terrae

1068 1934 1387 2017 Sanctae
1422 1934 1763 2018 subsidio
1813 1935 2250 2045 deputatam
2289 1962 2425 2046 per
2477 1964 2801 2047 regnum
2855 1938 3348 2023 Alemanniae
3396 1940 3762 2051 colligant
3793 1952 3886 2025 et

1067 2067 1262 2151 nulli
1298 2093 1467 2151 eam
1504 2068 1890 2178 assignent
1927 2069 2091 2152 sine
2128 2095 2270 2152 sua
2308 2068 2608 2152 licentia
2645 2069 2978 2180 speciali.

1228 2309 1475 2389 (Inedit.
1506 2326 1582 2371 ex
1610 2316 1821 2389 regest.
1852 2311 1969 2371 litt.
1999 2310 2205 2375 cui-tal.
2236 2313 2443 2374 Innoc.
2475 2311 2586 2388 IV,
2615 2329 2775 2373 anno
2803 2312 2920 2386 Vl,
2950 2314 3025 2374 n*-
3050 2321 3192 2395 246,
3222 2323 3362 2394 276,
3394 2316 3458 2376 tn
3484 2314 3640 2376 Bibl.
3681 2313 3876 2377 Cesar.

1304 2417 1520 2496 Paris„
1547 2415 1871 2497 masnada
1894 2414 2076 2496 latin,
2104 2428 2174 2478 n⁰
2204 2417 2411 2498 4039.)

1163 2632 1607 2707 Innocentius
1657 2632 2050 2727 episcopuS,
2101 2653 2346 2704 servus
2389 2653 2748 2705 servorum
2784 2632 2946 2724 Dei,
2983 2633 3503 2728 archiepiscopo
3538 2633 3884 2726 Magunti-

1066 2758 1265 2831 nensi
1302 2767 1374 2830 et
1400 2760 1620 2830 electo
1655 2756 2335 2852 Spirensi.Gerentes
2366 2755 2456 2828 de
2492 2765 2721 2829 vestre
2754 2758 3166 2830 sinceritatis
3198 2768 3270 2830 et
3296 2757 3687 2830 devotionis
3717 2779 3885 2830 con-

1066 2884 1318 2958 stantia
1370 2882 1692 2956 fiduciam
1740 2882 1810 2952 in
1858 2880 2157 2953 Domino
2200 2880 2616 2975 pleniorem,
2656 2882 3069 2953 mandamus
3111 2892 3455 2975 quatenus
3487 2880 3886 2953 vicesimam

1067 3009 1686 3085 ecclesiasticorum
1723 3014 2184 3102 proventuum
2219 3005 2429 3078 Terre
2455 3007 2704 3077 Sancte
2739 3005 3047 3078 subsidio
3079 3006 3481 3102 deputatam
3506 3006 3735 3099 colligi
3766 3027 3893 3100 per

1066 3158 1361 3230 regnum
1388 3132 1800 3205 Alemannie
1830 3131 2185 3222 facientes,
2221 3131 2440 3225 ipsam
2473 3131 2544 3200 in
2580 3140 2728 3202 tuto
2761 3132 2913 3203 loco
2940 3131 3290 3225 deponere
3307 3130 3726 3226 procuretiS,
3747 3151 3888 3201 non

1066 3258 1480 3354 assignaturi
1508 3277 1660 3327 eam
1694 3253 1897 3326 alicui
1927 3254 2075 3324 sine
2103 3265 2341 3326 nostra
2369 3254 2644 3325 licentia
2677 3254 2986 3349 speciali,
3018 3276 3157 3326 non
3194 3255 3627 3327 obstantibus
3653 3254 3892 3346 aliqui-

1066 3372 1201 3457 bus
1226 3379 1674 3473 indulgentiis
1700 3399 1821 3449 seu
1852 3376 2092 3448 litteris
2118 3378 2209 3449 ab
2236 3377 2631 3471 Apostolica
2646 3377 2825 3449 Sede
2855 3379 3156 3450 obtentis
3185 3380 3298 3449 vel
3334 3379 3540 3449 etiam
3566 3377 3888 3451 obtinen-

1069 3508 1205 3597 dis,
1244 3526 1369 3602 per
1405 3525 1581 3597 quas
1610 3501 2008 3595 huJusmodi
2041 3502 2358 3574 collectio
2391 3501 2708 3597 impediri
2723 3504 2954 3575 valeat
2983 3504 3093 3575 vel
3128 3501 3388 3574 differri
3418 3512 3488 3574 et
3518 3502 3607 3575 de
3636 3502 3890 3597 quibus

1068 3630 1441 3727 specialem
1485 3636 1804 3722 oporteat
1847 3625 1920 3696 in
1963 3626 2401 3721 presentibus
2442 3626 2588 3697 fieri
2634 3627 3087 3699 mentionem.
3129 3625 3715 3717 contradictores,
3745 3635 3881 3699 etc.

1068 3755 1271 3842 Quod
1307 3754 1538 3826 sinon
1573 3750 1843 3842 ambos,
1880 3759 2015 3822 etc.

1162 3882 1411 3954 Datum
1449 3875 1796 3972 Lugduni,
1831 3872 1892 3947 V
1923 3874 2082 3948 idus
2107 3873 2522 3966 decembris,
2559 3895 2745 3947 anno
2773 3875 2910 3947 ΥΡ.

1160 4125 1376 4200 Paulo
1397 4123 1577 4196 infra
1599 4121 1862 4196 eisdem
1882 4119 2324 4194 Innocentius
2351 4119 2669 4192 rescribit
2688 4129 2769 4192 ut
2795 4119 3309 4214 redemptiones
3337 4129 3656 4193 votorum
3682 4140 3887 4191 cruce

1063 4251 1493 4343 signatorum
1521 4256 1593 4319 et
1622 4266 2063 4340 quecumque
2095 4244 2230 4316 alia
2266 4243 2596 4336 colligant
2626 4253 2698 4314 et
2722 4244 3081 4334 assignent
3105 4244 3252 4338 regi
3279 4247 3775 4334 Romanorum,
3797 4250 3889 4314 ‘ut

1064 4374 1334 4449 facilius
1360 4380 1603 4445 contra
1638 4367 2078 4442 Fredericum
2109 4367 2466 4460 negotium
2492 4367 2725 4440 valeat
2750 4367 3104 4462 prosequi.

1161 4499 1416 4571 Datum
1444 4492 1794 4590 Lugduni,
1826 4492 1915 4566 1v
1942 4512 2163 4566 nonas
2184 4490 2515 4585 januarii,
2553 4511 2740 4563 anno
2770 4492 2909 4565 ΥΡ.
