4525 6031
830 655 1000 718 ,1052

974 787 1103 842 4424

957 968 1122 1045 [4435

902 1065 1190 1139 velites]

975 1163 1113 1218 4440

973 1355 1110 1409 4453

965 1719 1156 1792 4455“

969 2311 1109 2364 4456

968 2883 1106 2938 4457

969 3458 1108 3513 4462

970 3745 1106 3800 4464

969 3938 1107 3995 4465

968 4227 1108 4282 4466

972 4415 1107 4469 4470

956 4607 1100 4660 -4474

1384 786 1554 857 junio.

1339 1163 1408 1220 28
1438 1161 1594 1235 april.

1355 1355 1392 1409 4
1426 1352 1561 1410 febr.

1352 1549 1420 1601 45
1454 1576 1526 1586 -

1362 1740 1428 1790 43
1452 1738 1563 1808 jan.

1340 2025 1408 2079 45
1431 2022 1576 2079 maii.

1349 2310 1419 2363 20
1447 2307 1581 2364 febr.

1347 2497 1417 2552 47
1440 2502 1577 2570 sept.

1347 2884 1416 2938 23
1449 2894 1572 2936 nov.

1343 3458 1407 3511 40
1431 3454 1585 3527 junii.

1337 3744 1402 3797 47
1432 3742 1586 3815 april.
1688 3740 1843 3814 Apud
1863 3740 2116 3796 Sanctum
2141 3740 2326 3798 Salva·

1677 3843 1848 3893 torem
1873 3838 2025 3908 juxta
2053 3838 2289 3911 Papiam.

1286 4020 1296 4030 ε
1346 3938 1412 3991 49
1441 3938 1579 4006 sept.

1378 4229 1410 4279 8
1433 4224 1547 4295 jan.

1324 4416 1391 4469 46
1405 4414 1599 4470 martii.

1357 4605 1394 4660 7
1422 4602 1564 4659 maii.

1852 655 2108 715 INDEX
2158 653 2876 717 cnRoNonoGlcns.

2387 786 2648 857 noyer-ius
2679 785 2759 853 11,
2788 797 3013 856 magnus
3036 798 3217 841 comes
3242 783 3520 842 Calabriae
3554 792 3609 841 et
3636 784 3866 851 Siciliae,

2465 896 2563 952 pro
2581 880 2770 937 eodem
2788 880 3133 937 monasterio.
3153 880 3217 936 T.
3239 881 3308 951 11,
3328 898 3384 954 p.
3407 883 3501 938 444
3517 923 3530 936 .

1871 1163 2136 1220 Panormi.

1826 1353 2160 1409 Mulhausen.

1853 1544 2141 1601 Bisuntiae.

1782 1736 1935 1809 Apud
1969 1742 2207 1792 castrum

1868 1832 2120 1888 Reverul.

1819 2023 1874 2078 ln
1909 2022 2174 2078 territorio

1825 2118 2163 2173 Bononiensi.

1748 2307 1904 2380 Apud
1931 2306 1970 2361 F
1978 2304 2239 2362 rankfurt.
2336 2385 2337 2388 Ἴ

1826 2498 2168 2571 Ratisponae.

1876 2880 2110 2936 Bisuntii.

1764 3453 1959 3526 Papiae
1991 3452 2129 3524 apud
2162 3453 2220 3509 S.

1814 3549 2161 3605 Salvatorern.

1815 3933 2166 3991 Wormatiae.

1826 4220 2161 4296 Aquisgrani.

1864 4412 2129 4469 Panormi.

1765 4604 1920 4677 Apud
1949 4604 2229 4661 Werdam.

2300 1012 2313 1025 .
2392 970 2684 1027 lotharius
2720 972 2833 1038 111,
2873 970 3228 1027 Romanorum
3258 971 3570 1044 imperator,
3610 986 3709 1044 pro
3751 985 3866 1027 mo-

2466 1065 3129 1130 nasterioOttenburensi.
3161 1061 3224 1122 T.
3257 1059 3299 1136 1,
3328 1085 3388 1141 p.
3416 1068 3539 1123 748.

2386 1163 2648 1235 Roqerius
2668 1163 2749 1233 II,
2788 1165 2881 1234 qui
2916 1177 3097 1235 supra,
3140 1178 3232 1219 rex
3262 1161 3493 1233 Siciliae,
3522 1178 3620 1236 pro
3659 1161 3870 1235 capena

2456 1257 2636 1330 palatii
2665 1257 3043 1315 Panormitani.
3071 1258 3135 1314 T.
3165 1259 3231 1328 11,
3260 1277 3316 1332 p.
3353 1261 3477 1316 468.

2388 1352 2698 1410 Fridoricus
2727 1353 2781 1423 1,
2814 1354 3173 1409 Romanorum
3217 1369 3343 1422 rex,
3388 1370 3487 1427 pro
3526 1353 3772 1411 Rainerio
3816 1359 3874 1410 et

2806 1447 3067 1520 Gisulpho
3086 1447 3154 1504 de
3174 1447 3416 1519 Balgaro.
3436 1448 3499 1504 T.
3519 1447 3585 1517 V,
3613 1463 3668 1520 p.
3700 1451 3827 1504 203.

2810 1545 3167 1600 Romanorum
3216 1560 3338 1613 rex,
3398 1559 3494 1616 pro
3542 1544 3867 1600 monasterio

2805 1641 3221 1698 Patemiacensi.
3251 1642 3314 1697 T.
3346 1641 3437 1709 1v,
3464 1657 3518 1714 p.
3553 1643 3677 1697 833.

2807 1735 3168 1792 Romanorum
3195 1752 3312 1805 rex,
3339 1750 3437 1807 pro
3463 1734 3709 1806 Guigone
3737 1735 3858 1791 Dal—

2814 1831 2977 1905 phino
3002 1873 3016 1900 ,
3088 1830 3281 1888 comite
3347 1831 3862 1903 Gratianopolitano.

2824 1927 2888 1983 T.
2919 1928 2988 1997 V,
3017 1944 3071 2000 p.
3107 1930 3229 1982 486.

2816 2024 3175 2079 Romanorum
3204 2022 3511 2097 imperator,
3540 2039 3638 2096 pro
3657 2037 3868 2080 monas·

2699 2163 2709 2172 .
2816 2118 2949 2174 terio
2958 2118 3181 2174 Burensi
3194 2117 3674 2190 (Benedictbeurn).
3690 2118 3751 2174 T.
3771 2120 3864 2188 111,

2815 2229 2869 2285 p.
2905 2215 3024 2269 478.

2811 2307 3173 2365 Romanorum
3197 2308 3507 2382 imperator,
3537 2325 3636 2383 pro
3671 2310 3867 2366 comite

2807 2402 3052 2461 Guidone
3078 2404 3146 2460 de
3173 2405 3473 2461 Blandrate.
3494 2406 3559 2461 T.
3577 2406 3642 2469 V,
3664 2422 3719 2482 p.
3740 2408 3863 2461 499.

2810 2499 3166 2558 Romanorum
3204 2502 3512 2574 imperator,
3556 2517 3655 2573 pro
3703 2502 3869 2558 Hein-

2812 2595 2939 2662 rico,
2973 2596 3218 2654 Austriae
3243 2597 3397 2654 duce.
3439 2598 3499 2653 T.
3534 2599 3626 2667 v1,
3652 2614 3708 2670 p.
3737 2601 3863 2654 292.

2814 2692 3171 2748 Romanorum
3207 2691 3516 2764 imperator,
3555 2708 3654 2766 pro
3678 2692 3867 2749 eodem

2817 2788 2931 2844 viro
2958 2789 3220 2861 principe.
3247 2790 3310 2845 T.
3338 2790 3429 2857 v1,
3450 2806 3505 2861 p.
3535 2791 3659 2844 295.

2812 2881 3175 2939 Romanorum
3214 2882 3524 2954 imperator,
3563 2898 3664 2956 pro
3688 2882 3868 2939 eccle·

2805 2976 2884 3034 sia
2925 2976 3217 3050 episcopali
3260 2976 3636 3033 avenionensi.
3687 2969 3751 3033 T.
3794 2976 3865 3043 V,

2810 3089 2866 3146 p.
2899 3075 3026 3129 227.

2807 3168 3170 3224 Romanorum
3196 3167 3506 3240 imperator,
3546 3182 3647 3240 pro
3697 3167 3866 3224 eccle-

2810 3264 2891 3320 sia
2927 3263 3212 3337 episcopali
3249 3262 3632 3320 Valentinensi.
3683 3264 3744 3319 T.
3795 3264 3863 3331 V,

2809 3375 2866 3431 p.
2897 3361 3022 3417 262.

2805 3454 3163 3512 Romanorum
3211 3454 3522 3526 imperator,
3580 3469 3677 3527 pro
3724 3454 3867 3510 Hen-

2813 3551 2944 3620 rico‚
2985 3551 3289 3607 marchione
3329 3552 3395 3608 de
3430 3552 3661 3607 Savona.
3701 3551 3763 3607 T.
3794 3551 3863 3619 11,
3925 3541 3934 3549 ’

2815 3664 2871 3720 p.
2905 3650 3030 3704 664.

2822 3743 3184 3799 Romanorum
3203 3743 3621 3817 imperator,pro
3641 3740 3867 3799 ecclesia

2812 3838 3103 3912 episcopali
3131 3839 3464 3897 Massiliensi.
3482 3841 3544 3895 T.
3575 3839 3707 3913 11‚p.
3735 3841 3860 3897 250.

2809 3934 3168 3991 Romanorum
3219 3934 3529 4008 imperator,
3593 3950 3692 4008 pro
3744 3949 3867 3991 mo-

2802 4032 3037 4088 naslerio
3080 4031 3396 4087 monialium
3444 4031 3617 4088 Casti-i
3672 4031 3864 4088 Caroli.

2801 4129 2863 4183 T.
2896 4129 2989 4197 IV,
3015 4144 3071 4200 p.
3104 4129 3229 4183 374.

2809 4223 3166 4280 Romanorum
3195 4224 3507 4296 imperator,
3538 4236 3640 4296 pro
3662 4222 3870 4279 civibus

2802 4319 3138 4393 Aquisgrani.
3170 4322 3233 4376 T.
3261 4321 3352 4390 vl,
3378 4338 3433 4394 p.
3461 4321 3586 4378 223.

2393 4413 2713 4472 Guillelmus
2740 4415 2822 4487 ΙΙ,
2855 4422 2952 4471 re‘x
2985 4416 3213 4486 Siciliae,
3237 4422 3369 4487 etc„
3398 4429 3498 4488 pro
3524 4414 3749 4472 ecclesia
3775 4428 3870 4471 ar·

2456 4509 2829 4584 chiepiscopali
2856 4511 3133 4568 Tranensi.
3161 4512 3222 4567 T.
3247 4512 3314 4582 11,
3343 4527 3398 4584 p.
3433 4512 3556 4568 494.

2390 4604 2700 4662 Fridericus
2729 4607 2778 4677 Ι,
2817 4606 2908 4678 qui
2935 4621 3120 4679 supra,
3147 4607 3507 4663 Romanorum
3555 4605 3865 4678 imperator,

2806 4717 2905 4775 pro
2939 4701 3260 4760 monasterio
3288 4699 3689 4758 ottenburensi.
3718 4702 3778 4758 T.
3821 4701 3869 4772 1,

2813 4813 2872 4869 p.
2906 4800 3032 4854 748.
