4525 6031
983 661 1107 727 935
1909 652 2168 711 lxnax
2225 651 2926 712 nocuimxwronuu.

1015 866 1050 937 Ι
1068 860 1242 935 249

987 973 1264 989 ψ

1841 983 2080 1044 Austria
2124 984 2285 1042 vices
2332 987 2658 1059 gerentem,
2701 982 3281 1043 excommunicatum
3323 980 3640 1045 denuntiet
3679 991 3740 1047 et
3776 987 3842 1047 111

1383 1161 1388 1164 .
1842 1083 2037 1158 ipsum
2068 1079 2314 1139 verbum
2341 1081 2533 1139 crucis
2557 1079 2889 1156 praedicet,
2923 1085 3038 1139 etc.
3719 1091 3831 1144 691

988 1188 1262 1244 24111811.
1362 1177 1662 1257 Lugduni.
1766 1210 1842 1222 —
1884 1179 2172 1252 Episcopo
2214 1175 2553 1235 Tusculano
2599 1176 2951 1251 apostolicae
2996 1176 3150 1236 sedis
3186 1175 3379 1254 legato
3405 1178 3651 1239 mandat
3674 1180 3839 1255 quod

1844 1292 1980 1335 cum
2025 1273 2364 1333 Mellsendis
2409 1281 2549 1333 11818
2593 1273 2875 1333 Amalricl
2904 1277 3061 1350 regis
3101 1280 3161 1333 et
3194 1274 3501 1336 Yolandae
3535 1276 3838 1353 quondam

1843 1373 2079 1449 reginae
2115 1370 2473 1443 Jerusalem,
2521 1371 2848 1429 dominium
2881 1377 2940 1429 ct
2975 1371 3307 1448 bajulatum
3335 1374 3518 1448 ipsius
3545 1376 3714 1451 regni
3741 1390 3835 1434 re·

1845 1473 2072 1546 quirat,
2099 1470 2383 1545 inquisita
2410 1470 2687 1546 veritate,
2717 1475 2776 1527 et
2803 1469 2852 1528 si
2878 1469 2938 1527 id
2969 1467 3196 1545 absque
3227 1471 3507 1531 scandalo
3533 1469 3663 1531 fleri
3686 1489 3833 1549 pos·

1842 1571 1955 1643 sit,
1987 1569 2201 1642 exequi
2232 1584 2346 1626 non
2377 1568 2636 1626 omittat.
2792 1570 2795 1572 ’
3719 1579 3835 1630 709

1008 1672 1042 1723 7
1073 1665 1244 1740 april.
1363 1664 1665 1743 LugdunI.
1764 1697 1845 1708 —
1884 1662 2178 1723 Omnibus
2205 1665 2467 1738 personis
2494 1662 2900 1722 ecclesiasticis
2926 1679 3032 1739 per
3059 1663 3494 1723 Anconitanum
3513 1665 3836 1726 marchiam

1844 1768 1903 1820 et
1929 1761 2208 1819 ducatum
2228 1761 2611 1835 Spoletanum
2636 1762 2970 1819 constitutis
2994 1759 3262 1820 notificat
3278 1777 3383 1837 pro
3404 1778 3586 1838 regno
3600 1761 3837 1823 Siciliae

1844 1877 1879 1918 a
1908 1858 2227 1935 tyrannide
2261 1857 2544 1917 Friderici
2584 1857 2917 1927 liberando,
2948 1873 3013 1916 se
3040 1855 3302 1916 officium
3329 1858 3638 1935 legationis
3664 1859 3838 1919 Petro

1845 1954 2048 2015 Sancti
2076 1954 2308 2032 Georgii
2338 1956 2414 2014 ad
2443 1955 2658 2015 velum
2688 1955 2949 2016 Aureum
2979 1953 3228 2014 diacono
3263 1955 3547 2014 cardinali
3583 1959 3832 2017 commi·

1845 2055 2022 2130 sisse,
2054 2058 2169 2111 etc.
3716 2063 3832 2115 714

1014 2158 1050 2209 9
1073 2148 1246 2226 april.
1360 2148 1663 2226 Lugduni.
1765 2184 1848 2195 —
1884 2152 2060 2210 Petro
2079 2149 2359 2210 cardinali
2379 2149 2579 2209 Sancti
2605 2149 2840 2226 Georgii
2869 2150 2944 2209 ad
2962 2149 3176 2209 Velum
3202 2152 3469 2209 Aureum
3485 2156 3833 2226 potestatem

1847 2249 1948 2308 dat
1974 2248 2349 2324 promittendi
2387 2247 2662 2322 praelatis
2692 2253 2753 2307 et
2789 2248 3150 2307 secularibus
3183 2248 3342 2324 quod
3370 2264 3678 2324 nunquam
3707 2252 3833 2325 ipse

1845 2347 1938 2406 vel
1968 2346 2179 2406 fratres
2221 2348 2311 2405 sul
2343 2362 2547 2422 pacem
2590 2362 2724 2405 cum
2759 2346 3056 2405 Friderico
3093 2344 3528 2419 reformabunt,
3556 2347 3639 2404 ita
3672 2346 3835 2423 quod

1845 2443 2177 2504 Fridericus
2215 2441 2308 2500 vel
2360 2442 2575 2518 aliquis
2619 2440 2875 2500 filiorum
2904 2444 3032 2519 ejus
3059 2458 3161 2501 rex
3195 2447 3301 2501 aut
3325 2443 3641 2519 imperator
3665 2444 3832 2501 exis-

1011 2643 1048 2695 9
1076 2633 1243 2710 april.
1365 2633 1666 2712 Lugduni.
1765 2545 2087 2696 —mgidem
2119 2635 2401 2694 cardinali
2428 2635 2674 2694 mandat
2709 2636 2867 2694 utin
2890 2636 3167 2696 omnibus
3193 2638 3365 2696 terris
3390 2548 3836 2712 811801038ῧέ11171

1845 2735 2167 2793 commissis
2233 2735 2433 2809 copias
2503 2733 2744 2810 colligat
2810 2734 2889 2793 ad
2956 2750 3204 2811 regnum
3257 2733 3490 2794 Siciliae
3538 2735 3832 2794 invaden-

1842 2829 2011 2888 dum.
3468 2840 3608 2905 716,
3637 2837 3767 2892 not.
3798 2842 3821 2890 1

999 2934 1068 2987 17
1092 2926 1259 3002 april.
1361 2929 1662 3008 Lugduni,
1768 2959 1845 2971 —-
1880 2910 2083 2984 Eid'em
2115 2925 2398 2984 cardinali
2440 2925 2775 2985 facultatem
2810 2927 3080 2986 concedit
3107 2928 3486 3004 dispensandi
3514 2944 3652 2987 cum
3682 2929 3835 2987 reli-

1846 3025 2023 3102 giosis
2052 3025 2142 3082 vel
2173 3023 2534 3083 secularibus
2569 3024 2674 3098 qui
2702 3023 2843 3082 dato
2874 3025 2969 3083 vel
2997 3030 3227 3100 recepto
3253 3025 3453 3101 aliquo
3473 3041 3580 3101 pro
3604 3023 3833 3084 benefl-

1845 3123 1971 3191 cii3‚
2002 3122 2387 3180 simoniacam
2414 3122 2762 3196 pravitatem
2790 3123 3226 3180 commiserunt.
3714 3130 3830 3181 717

1001 3232 1072 3284 19
1093 3226 1263 3301 april.
1365 3222 1666 3301 Lugduni.
1768 3251 1846 3263 -
1885 3217 2091 3277 Eidem
2130 3217 2414 3276 cardinali
2450 3217 2695 3275 mandat
2730 3223 2799 3275 ut
2840 3216 3050 3277 fratres
3084 3218 3306 3277 ordinis
3333 3218 3833 3278 Tbeutonieorum

1846 3321 1906 3374 et
1957 3314 2102 3373 alios
2156 3314 2461 3390 religiosos
2507 3313 2582 3372 de
2627 3329 2810 3389 regno
2852 3315 3145 3375 Ecclesiae
3187 3315 3430 3375 rebelles
3481 3316 3652 3376 bouis
3709 3320 3834 3376 suis

1847 3411 2157 3486 exspoliet.
3460 3421 3600 3487 716,
3630 3419 3757 3475 not.
3796 3423 3823 3474 1

996 3521 1069 3573 22
1094 3514 1266 3591 april.
1367 3509 1667 3587 Lugduni.
1769 3542 1847 3554 -
1887 3508 2104 3569 Scribit
2143 3507 2426 3567 adversus
2464 3508 2849 3569 Premislaum
2893 3509 3248 3570 ottokarum
3293 3509 3630 3571 Wenceslai
3678 3514 3835 3588 regis

1846 3604 2161 3665 Bobemiae
2203 3603 2430 3681 iillum,
2460 3606 2560 3682 qul
2598 3607 2658 3664 in
2687 3613 2905 3682 patrem
2951 3608 3275 3665 insurrexit
3309 3612 3369 3666 et
3392 3623 3530 3666 cum
3560 3605 3830 3669 Conrado

1846 3702 2246 3761 Romanorum
2288 3704 2351 3761 in
2396 3719 2592 3779 regem
2632 3703 2817 3763 electo
2848 3707 3213 3780 caeterisque
3252 3705 3546 3764 Ecclesiae
3570 3707 3833 3765 inimicis

1846 3799 2056 3859 foedus
2085 3801 2239 3858 111111.
3462 3810 3603 3880 935,
3634 3807 3763 3861 not.
3799 3811 3823 3863 1

996 3910 1074 3961 2⁵
1094 3901 1265 3978 april.
1364 3901 1667 3980 Lugduni,
1769 3929 1846 3940 —
1885 3896 1977 3955 Ad
2026 3913 2226 3971 preces
2268 3895 2541 3955 Pandulfl
2583 3896 2658 3955 de
2702 3896 3011 3956 Fasanella
3056 3896 3256 3956 dilecti
3308 3896 3416 3956 11111
3464 3901 3586 3967 sul,
3627 3897 3828 3957 abbati

1842 3995 1907 4055 S.
1955 3995 2116 4054 Petri
2158 3993 2232 4053 de
2278 3994 2649 4071 villamagna
2685 3994 2930 4053 mandat
2964 4001 3032 4052 ut
3068 3994 3287 4053 Jacobo
3321 3994 3728 4070 Squarsapeile
3755 3995 3829 4054 de

1846 4091 2172 4150 redditibus
2214 4091 2620 4150 ecclesiasticis
2662 4093 2828 4169 regni
2866 4092 3097 4151 Siciliae
3124 4107 3311 4168 usque
3337 4091 3411 4151 ad
3437 4093 3681 4169 triginta
3708 4108 3825 4150 un·

1845 4190 1967 4248 cias
1990 4191 2116 4248 auri
2151 4188 2446 4263 provideri
2472 4187 2670 4247 faciat.
3709 4195 3826 4247 726

995 4296 1072 4348 29
1097 4287 1265 4365 april.
1368 4290 1669 4370 Lugduni.
1767 4319 1846 4330 —
1883 4287 2035 4346 Filio
2061 4285 2338 4345 Pandulii
2368 4286 2447 4344 de
2470 4288 2705 4361 Aquino
2729 4285 3028 4346 Friderico
3066 4287 3433 4347 adhaerentis
3460 4284 3615 4344 bona
3641 4288 3829 4361 patris

1845 4384 2140 4451 concedit,
2188 4382 2297 4441 hac
2344 4382 2679 4442 conditione
2720 4391 2788 4443 ut
2820 4383 2917 4444 ille
2944 4385 3372 4463 redintegretur
3400 4385 3447 4442 si
3475 4383 3551 4441 ad
3578 4383 3831 4442 manda-

1846 4487 1975 4539 tum
1995 4481 2287 4538 Ecclesiae
2316 4479 2573 4538 redierit.
3708 4488 3826 4541 726

999 4577 1266 4652 36811111.
1365 4583 1668 4661 Lugduni,
1769 4609 1847 4621 —
1886 4575 1980 4634 Ad
2003 4592 2204 4651 preces
2230 4576 2494 4635 Riccardl
2521 4577 2840 4648 Francisci,
2864 4575 3148 4637 cardinali
3175 4576 3238 4636 S.
3259 4575 3493 4653 Georgii
3518 4575 3593 4635 ad
3613 4576 3826 4637 Velum

1849 4674 2110 4733 Aureum
2140 4674 2387 4733 mandat
2422 4680 2490 4732 ut
2515 4673 2782 4750 Philippo
2821 4673 3135 4734 Scrinlario
3175 4675 3292 4734 civi
3323 4673 3588 4732 Romano
3615 4672 3688 4731 de
3715 4674 3824 4733 ali-

1848 4786 1969 4848 quo
1994 4769 2169 4849 ¹feudo
2195 4773 2436 4831 militari
2456 4772 2518 4830 in
2548 4788 2727 4851 regno
2755 4773 2985 4833 Siciliae
3013 4773 3308 4850 provideri
3337 4772 3534 4831 faciat.
3706 4780 3822 4832 727
