4525 6031
1018 650 1140 711 600
2018 647 2446 709 Fumssmct
2497 644 2846 706 SECUNDI
3469 642 3633 720 [ΑΜ.
3670 641 3849 701 1248.

1018 781 1340 863 civitatis
1374 778 1615 887 ipsius
1652 788 1917 859 contra
1952 789 2367 887 tyrannum
2405 790 2739 862 extrema
2776 773 3112 858 remedia
3160 773 3632 879 molientem,
3674 799 3848 854 cum

1021 913 1127 996 ibi
1163 914 1487 1021 pendeat
1518 909 1910 1018 potissime
1946 911 2302 994 relevatio
2341 921 2582 993 status
2620 910 2905 991 Italiae.

1182 1125 1389 1199 (Edld.
1419 1125 1611 1183 Ρη».
1646 1123 1856 1196 Ham-t,
1895 1120 2127 1183 Collect.
2159 1140 2414 1182 monum.
2444 1130 2555 1183 vet.
2586 1129 2644 1182 et
2664 1128 2902 1196 recent,
2928 1128 2978 1181 t.
3008 1121 3071 1192 1,
3099 1119 3246 1180 bull.
3277 1119 3570 1197 pontific„
3602 1136 3664 1196 p.
3703 1126 3851 1179 160-

1268 1239 1405 1304 162,
1431 1240 1500 1290 n⁰
1521 1228 1647 1308 31.)

1118 1419 1563 1491 Innocentius
1593 1418 1984 1512 episcopuS,
2009 1440 2252 1489 servus
2278 1438 2638 1489 servorum
2670 1414 2825 1503 Dei,
2855 1413 3207 1508 potestati,
3244 1412 3532 1484 consilio
3562 1422 3633 1483 et
3660 1432 3850 1483 com·

1024 1544 1217 1614 muni
1278 1542 1618 1613 Brixiensi
1684 1543 1977 1611 salutem
2040 1550 2111 1612 et
2167 1541 2620 1635 apostolicam
2685 1538 3269 1610 benedictionem.
3346 1534 3852 1608 Admirandum

1025 1667 1259 1740 divine
1291 1666 1568 1737 virtutis
1599 1664 1938 1735 auxilium
1971 1686 2110 1756 quo
2143 1686 2369 1758 nuper
2401 1675 2679 1735 caterva
2716 1661 3026 1734 fidelium
3068 1662 3258 1756 apud
3298 1661 3648 1732 civitatem
3683 1658 3850 1731 Par·

1026 1811 1338 1861 mensem
1381 1788 1469 1859 de
1508 1788 1852 1859 Friderico
1897 1787 2253 1880 quondam
2301 1787 2719 1881 imperatore
2762 1784 3127 1877 magnifice
3177 1783 3669 1878 triumphavit,
3707 1783 3852 1853 Deo

1024 1935 1152 2009 pro
1188 1912 1546 1984 catholicis
1577 1921 1814 1983 contra
1854 1909 2156 2005 perfidos
2191 1909 2633 2001 confligente,
2667 1909 2740 1980 in
2774 1910 3069 1981 sublime
3100 1909 3308 1981 debet
3340 1907 3604 1999 erigere
3642 1907 3854 1979 corda

1025 2049 1256 2109 vestra
1283 2047 1359 2108 ut
1391 2058 1516 2130 pro
1539 2035 1973 2127 jocunditate
2007 2034 2208 2106 vobis
2239 2032 2485 2104 celitus
2520 2032 2854 2104 influente
2888 2031 3354 2127 prorumpatis
3395 2030 3750 2102 humiliter
3778 2031 3852 2101 in

1023 2160 1403 2253 gratiarum
1431 2159 1684 2229 uberes
1708 2158 2039 2228 actiones,
2077 2157 2420 2229 Videntur
2447 2156 2789 2250 siquidem
2816 2156 3118 2228 breviari
3153 2156 3524 2227 miserante
3556 2153 3855 2225 Domino

1026 2282 1175 2353 dies
1209 2281 1371 2351 mali
1402 2280 1657 2373 quibus
1691 2280 2149 2373 tranquillitas
2174 2278 2636 2350 ecclesiastice
2670 2289 2740 2350 et
2764 2279 2997 2349 Italice
3025 2277 3363 2348 libertatis
3392 2298 3518 2371 per
3544 2261 3853 2370 iniqu'am

1022 2405 1485 2501 persecutoris
1544 2405 1809 2475 rabiem
1863 2405 2244 2494 lacessitur,
2285 2415 2356 2475 et
2381 2403 2941 2498 appropinquare
2984 2402 3357 2473 desiderati
3403 2401 3665 2472 diutius
3705 2401 3853 2473 dies

1020 2530 1211 2624 pacis
1240 2529 1332 2600 ad
1364 2550 1572 2622 quam
1611 2549 1738 2598 vos
1770 2550 1947 2620 quos
1981 2551 2106 2622 pro
2139 2527 2524 2599 devocione
2546 2523 3300 2617 Ecclesie,desensione
3335 2525 3554 2617 patrie
3583 2546 3666 2596 ac
3693 2546 3850 2619 pro—

1024 2653 1320 2724 tectione
1361 2652 1670 2724 fidelium
1701 2653 1907 2743 longa
1935 2652 2278 2723 bellorum
2313 2650 2669 2721 calamitas
2701 2648 3039 2741 fatigavit,
3074 2648 3257 2719 inter
3283 2658 3553 2719 ceteros
3583 2647 3854 2720 debetis

1019 2775 1379 2847 ardentius
1431 2775 1789 2846 anhelare.
1843 2773 1955 2845 Ad
2006 2772 2372 2844 ferendum
2432 2772 2642 2864 igitur
2696 2771 2966 2843 dilectis
3019 2768 3178 2841 filiis
3232 2769 3501 2841 civibus
3555 2770 3854 2842 civitatis

1021 2898 1236 2992 ipsius
1268 2909 1669 2992 promptum
1707 2918 1789 2967 ac
1821 2894 2027 2966 fidele
2059 2896 2476 2986 subsidium,
2510 2896 2815 2967 excitare
2844 2917 2971 2966 vos
3003 2894 3214 2966 debet
3240 2894 3628 2965 communis
3663 2893 3854 2964 utili-

1024 3034 1128 3094 tas
1156 3033 1228 3094 et
1257 3020 1736 3116 privata,quia
1757 3042 1897 3090 non
1926 3020 2150 3089 solum
2179 3021 2491 3091 omnium
2525 3020 2652 3091 sed
2682 3041 2891 3091 causa
2923 3020 3286 3090 manifeste
3308 3019 3605 3090 vertitur
3625 3019 3862 3110 singu·

1021 3146 1284 3233 lorum,
1326 3165 1484 3214 cum
1527 3164 1692 3234 erga
1733 3164 1860 3213 vos
1903 3141 2215 3234 aliosque
2258 3140 2501 3213 fideles
2541 3144 2875 3234 maj0rem
2919 3143 3365 3213 dilectionem
3411 3142 3619 3213 iidem
3666 3142 3856 3214 cives

1022 3266 1392 3338 ostendere
1425 3265 1895 3357 nequiverunt
1927 3287 2138 3357 quam
2171 3265 2363 3358 quod
2400 3287 2526 3360 pro
2558 3267 2967 3338 liberatione
3009 3265 3361 3338 communi
3391 3266 3660 3337 animas
3692 3287 3854 3337 suas

1023 3411 1183 3461 cum
1223 3410 1492 3459 summa
1537 3388 1921 3479 requireret
1966 3388 2343 3460 necessitas
2389 3400 2857 3482 exponentes,
2896 3400 3287 3461 ceterorum
3335 3390 3551 3461 vitam
3582 3389 3673 3461 de
3706 3390 3853 3484 lupi

1024 3511 1339 3582 faucibus
1372 3520 1792 3582 curaverunt
1824 3510 2131 3581 eximere
2168 3533 2328 3582 cum
2361 3512 2670 3605 periculo
2701 3514 2844 3584 vite
2877 3535 3027 3585 sue.
3060 3513 3282 3597 Quam
3316 3512 3596 3585 sordida
3632 3512 3854 3606 turpi-

1027 3632 1287 3705 tudinis
1333 3633 1604 3704 macula
1643 3617 1713 3702 et
1757 3654 1969 3724 quam
2011 3631 2291 3703 horrida
2332 3631 2856 3706 inhumanitatis
2901 3646 3068 3707 nota
3109 3636 3378 3706 fedaret
3420 3634 3539 3728 qui
3584 3644 3852 3706 tantum

1027 3777 1153 3850 per
1180 3755 1368 3849 ipsos
1400 3754 1889 3827 consolationis
1915 3752 2336 3825 beneficium
2365 3766 2529 3827 sunt
2556 3757 2819 3851 adepti,
2852 3759 2910 3828 si
2941 3759 3349 3830 afflictiones
3376 3781 3617 3830 eorum
3651 3758 3854 3830 dissi-

1025 3880 1331 3967 mulent,
1369 3879 1425 3950 si
1464 3878 1853 3970 angustias,
1891 3878 1948 3948 si
1982 3877 2291 3966 laboreS,
2327 3878 2385 3949 si
2427 3878 2520 3949 ad
2558 3901 2800 3950 eorum
2837 3903 3240 3952 succursum
3276 3882 3674 3953 omnimode
3710 3903 3853 3953 non

1026 4009 1418 4091 assurgant,
1453 4000 1512 4070 si
1548 4000 1800 4091 ignave
1839 4008 2182 4094 torpeant,
2213 3999 2272 4070 si
2305 4000 2788 4072 miserabiliter
2824 4001 3298 4093 refrigescant,
3330 4024 3538 4076 nemo
3570 4002 3703 4075 nisi
3734 4003 3853 4095 qui

1028 4124 1281 4196 mentis
1310 4123 1511 4219 inops
1537 4123 1747 4196 fuerit
1782 4144 1923 4194 non
1960 4123 2299 4215 agnoscit.
2340 4123 2509 4195 Cum
2544 4122 2782 4216 itaque
2815 4123 2884 4193 in
2921 4136 3302 4197 memorato
3347 4126 3699 4222 triumpho
3728 4127 3857 4199 do-

1029 4245 1257 4318 minus
1286 4247 1472 4317 Deus
1501 4245 1699 4318 nobis
1727 4246 2116 4340 porrexerit
2146 4267 2431 4317 manum
2459 4267 2657 4316 suam
2686 4254 2758 4316 et
2776 4247 3087 4336 juvantis
3114 4270 3244 4320 nos
3281 4249 3518 4321 divine
3548 4249 3860 4344 potentie

1031 4366 1344 4440 debeatis
1375 4369 1675 4439 existere
1710 4369 2102 4458 adjutores,
2143 4369 2450 4457 tiranno,
2488 4367 2665 4437 sicut
2695 4367 2816 4460 qui
2856 4369 3000 4460 agit
3033 4370 3105 4440 in
3143 4371 3650 4466 desperationis
3690 4371 3858 4441 arti-

1030 4489 1227 4578 culo,
1265 4498 1579 4559 extrema
1611 4488 1920 4559 remedia
1953 4489 2318 4578 moliente,
2359 4487 2768 4582 prudentius
2802 4500 2906 4560 est
2940 4499 3011 4561 et
3045 4492 3362 4564 solertius
3383 4492 3856 4576 insistendum

1031 4626 1125 4678 ne
1168 4609 1386 4703 ipsius
1433 4631 1633 4681 casus
1679 4619 2042 4704 reparetur
2069 4611 2139 4681 in
2177 4620 2431 4681 statum
2459 4609 2552 4680 ad
2585 4609 2962 4703 perniciem
2997 4614 3484 4708 plurimorum.
3521 4615 3862 4702 Quocirca

934 4734 936 4736 ’
1031 4729 1559 4803 universitatem
1594 4742 1898 4805 vestram
1927 4753 2287 4824 rogamuS,
2337 4752 2697 4805 monemus
2726 4741 2798 4804 et
2826 4731 3212 4828 hortamur,
3246 4747 3510 4810 attente
3541 4757 3671 4833 per
3703 4757 3866 4831 apo—¹
