4525 6031
697 3661 905 3705 Panormi
916 3687 931 3710 ,

1048 655 1170 717 562
2048 655 2475 719 ruinarum
2523 656 2872 719 ssctmm
3485 657 3652 735 [An.
3694 656 3872 718 1247.

1048 792 1232 864 dicte
1269 790 1744 862 universitatis
1774 798 1854 861 ut
1884 790 1955 860 in
1989 811 2200 862 causa
2231 814 2370 886 que
2405 792 2810 865 vertebatur
2838 791 3023 862 inter
3052 812 3214 862 eum
3249 812 3344 863 ex
3373 792 3686 887 predicte
3716 792 3875 863 uni-

1044 913 1393 987 versitatis
1414 911 1518 1008 (a)
1551 935 1643 984 ex
1670 922 1868 1006 parte
1897 933 2039 984 una
2072 924 2144 984 et
2174 916 2629 987 Laurencium
2657 915 2748 987 de
2780 916 2970 986 Polla
3004 913 3368 1009 syndicum
3403 915 3876 989 universitatis

1046 1038 1255 1110 castri
1282 1037 1467 1109 Polle
1502 1057 1628 1131 pro
1659 1044 1857 1131 parte
1897 1036 2113 1130 ipsius
2144 1038 2612 1110 universitatis
2649 1059 2745 1110 ex
2773 1040 2995 1110 altera
3027 1047 3098 1110 et
3123 1059 3358 1110 coram
3390 1039 3758 1112 Thomasio
3785 1040 3873 1112 de

1044 1160 1315 1233 Molisio
1347 1160 1419 1230 in
1454 1158 1681 1231 officio
1707 1181 2107 1254 precessore
2141 1157 2295 1255 (sic)
2320 1172 2559 1233 nostro
2590 1162 2816 1234 fuerat
2844 1162 3121 1257 incepta
3153 1173 3225 1234 et
3249 1163 3563 1235 nondum
3592 1176 3875 1235 senten-

1048 1284 1304 1356 tialiter
1337 1281 1737 1370 terminata,
1774 1292 1982 1375 prout
2012 1305 2141 1377 per
2170 1294 2326 1355 acta
2358 1283 2575 1378 ipsius
2606 1295 2923 1356 constare
2966 1276 3272 1378 poterat,
3313 1285 3698 1357 secundum
3719 1286 3871 1377 jus·

1050 1408 1270 1481 titiam
1301 1405 1680 1501 procedere
1713 1404 2154 1477 deberemus.
2181 1407 2392 1498 Cujus
2420 1408 2827 1502 petitionem
2857 1416 3101 1502 utpote
3129 1410 3389 1501 justam
3425 1417 3497 1482 et
3522 1408 3670 1502 juri
3699 1429 3869 1481 con-

1048 1552 1290 1606 sonam
1343 1529 1791 1602 admittentes
1813 1581 1833 1617 ,
1880 1529 2046 1600 visis
2103 1530 2276 1601 actis
2334 1530 2628 1625 predicti
2686 1530 3105 1626 precessoris
3165 1532 3385 1604 nostri
3407 1585 3428 1622 ‚
3480 1533 3873 1604 invenimus

1045 1655 1438 1751 predictum
1473 1652 1918 1723 Laurentium
1951 1652 2319 1747 syndicum
2351 1653 2820 1725 universitatis
2859 1652 3218 1726 hominum
3262 1656 3471 1726 castri
3507 1656 3697 1728 Polle
3743 1679 3872 1752 pro

1045 1788 1243 1875 parte
1277 1777 1493 1872 ipsius
1518 1774 1988 1847 universitatis
2009 1785 2251 1848 contra
2279 1778 2669 1871 predictum
2691 1776 3080 1852 Iohannem
3122 1778 3487 1874 syndicum
3534 1779 3873 1873 predicto-

1047 1924 1204 1974 rum
1244 1900 1605 1973 hominum
1636 1899 1881 1970 casalis
1915 1900 2150 1971 Sancti
2194 1900 2378 1972 Petri
2412 1901 2501 1972 de
2532 1902 2723 1973 Polla
2760 1923 2890 1996 pro
2929 1911 3125 1996 parte
3171 1903 3519 1997 ipsorum,
3558 1903 3871 1975 libellum

1048 2024 1490 2122 proposuisse
1527 2023 1600 2094 in
1628 2022 1970 2117 imperiali
1999 2023 2190 2095 curia
2222 2024 2296 2094 in
2328 2023 2518 2095 hunc
2552 2024 2866 2115 modum,
2902 2034 3036 2096 etc.
3072 2023 3166 2121 (b)
3193 2078 3864 2099 .........

1050 2150 1364 2246 (Petente
1396 2148 1582 2220 dicto
1613 2146 1983 2219 Laurentio
2010 2156 2093 2219 ut
2122 2147 2443 2220 homines
2460 2148 2705 2220 casalis
2735 2148 2970 2221 Sancti
2999 2148 3183 2220 Petri
3209 2148 3299 2220 de
3334 2148 3526 2221 Polla
3555 2170 3868 2222 commu-

1045 2274 1285 2345 nicent
1314 2294 1475 2343 cum
1502 2270 1899 2343 hominibus
1930 2271 2136 2341 castri
2168 2272 2358 2342 Polle
2394 2271 2465 2341 in
2499 2272 2982 2343 exactionibus
3017 2271 3490 2365 imperialibus
3516 2282 3587 2342 et
3616 2274 3868 2344 collec-

1046 2396 1162 2487 tis,
1185 2404 1257 2467 et
1287 2393 1429 2465 fixo
1460 2393 1754 2466 termino
1786 2402 1866 2464 ut
1893 2403 2376 2487 comparerent
2403 2394 2653 2464 iterum
2682 2393 3181 2488 parteS‚dictus
3209 2394 3618 2465 Laurentius
3645 2415 3870 2465 reces-

1044 2520 1133 2592 sit
1163 2519 1313 2590 sine
1343 2518 1622 2589 licentia
1653 2517 1843 2588 curie
1882 2528 1953 2588 et
1981 2537 2166 2589 novo
2199 2515 2344 2588 fixo
2378 2518 2713 2604 termino,
2748 2515 3011 2587 scilicet
3051 2515 3145 2587 ad
3180 2515 3528 2587 decimum
3556 2517 3868 2609 ejusdem

1042 2642 1299 2715 mensis
1340 2641 1494 2733 julii
1546 2641 1761 2731 diem,
1792 2640 2189 2711 nullatenus
2233 2638 2649 2731 comparuit.
2683 2638 2882 2709 Unde
2935 2637 3462 2731 exceptionibus
3510 2637 3868 2711 hominum

1041 2766 1287 2838 casalis
1317 2764 1551 2835 Sancti
1573 2763 1758 2835 Petri
1782 2762 2118 2856 probatis,
2134 2761 2549 2853 justitiarius
2572 2760 2947 2855 imperialis
2975 2759 3196 2832 dictos
3223 2760 3540 2831 homines
3569 2762 3869 2834 absolvit

1042 2911 1085 2962 a
1110 2888 1444 2983 petitione
1465 2887 1631 2959 dicti
1655 2885 2035 2974 Laurentii,
2052 2907 2262 2978 quem
2295 2884 2716 2955 condemnat
2743 2884 2815 2955 in
2842 2884 3063 2956 unciis
3087 2885 3236 2955 auri
3270 2884 3486 2956 tribus
3518 2906 3681 2977 erga
3712 2908 3870 2980 pre·

1042 3012 1304 3085 dictum
1333 3009 1715 3082 Iohannem
1750 3007 2114 3102 syndicum
2145 3029 2272 3102 per
2303 3007 2716 3078 sententiam
2752 3007 3081 3101 scriptam
3107 3028 3151 3079 a
3182 3006 3544 3082 Mirabello
3575 3008 3647 3080 in
3671 3009 3868 3101 justi-

1042 3136 1331 3208 ciariatu
1362 3144 1677 3206 actorum
1706 3130 2007 3220 notario,
2041 3129 2231 3225 apud
2271 3128 2807 3225 Beneventum.)

1154 3667 1545 3777 Philippus
1579 3666 1676 3748 de
1722 3663 2064 3771 Catania,
2089 3662 2504 3770 imperialis
2555 3662 2921 3772 magister
2969 3661 3434 3744 camerarius
3486 3661 3567 3743 in
3612 3658 3866 3744 Sicilia

1047 3803 1238 3885 citra
1279 3800 1566 3882 flumen
1615 3796 1949 3900 Salsum,
1974 3794 2380 3879 Guillelmo
2433 3795 2530 3877 de
2583 3796 2963 3881 Panormo
3011 3794 3442 3876 Biccarensi
3497 3793 3865 3876 canonico

1039 3934 1262 4045 juxta
1331 3942 1669 4012 tenorem
1740 3927 2247 4034 imperialium
2310 3928 2974 4031 constitutionum,
3050 3937 3222 4034 post
3294 3924 3870 4035 inquisitionem·

1048 4064 1329 4149 factam
1364 4061 1695 4144 decimas
1731 4057 1877 4168 ipsi
1912 4056 2204 4139 debitas
2247 4057 2533 4140 exsolvi
2564 4056 2810 4165 jubet.

1208 4272 1411 4352 (Edid.
1441 4270 1841 4345 Mesenen,
1883 4262 2111 4342 Bulla,
2132 4261 2406 4345 privaoq.
2438 4270 2495 4324 et
2523 4263 2798 4323 instrum.
2838 4259 3123 4321 Panorm.
3164 4255 3454 4332 ecclesiae,
3495 4276 3555 4338 p.
3601 4269 3749 4339 118,
3788 4276 3865 4322 ex

1282 4382 1657 4453 transumpto
1682 4373 1949 4434 authent.
1979 4389 2121 4433 ann.
2157 4380 2338 4448 1252,
2369 4379 2446 4431 29
2474 4367 2763 4449 augusti.)

1129 4562 1212 4642 (a)
1254 4562 1434 4622 Deest
1461 4576 1648 4621 unum
1675 4557 1944 4619 verbum.

1129 4666 1210 4747 (b)
1254 4665 1534 4745 Sequitur
1574 4665 1819 4726 minoris
1870 4663 2154 4722 momenti
2199 4663 2664 4722 instrumentum
2706 4660 2802 4736 cuj
2809 4674 2878 4719 us
2919 4656 3314 4719 substantiam
3366 4662 3604 4718 tantum
3643 4671 3865 4733 expro-

1043 4776 1284 4837 mimus.
