4525 6031
1019 582 1142 646 606
2023 587 2448 649 rmmszmct
2500 586 2848 647 snctwm
3465 589 3630 667 [Axio.
3667 590 3842 653 1248.

1020 717 1257 791 nifices
1301 721 1390 793 de
1431 725 1699 796 tumulo
1750 722 2196 795 extrahentes
2237 743 2320 793 ac
2363 721 2719 792 trahentes
2759 742 2884 814 per
2915 720 3141 791 lutum
3176 721 3428 793 iterum
3468 724 3850 818 suspende·

1019 853 1208 933 runt,
1265 864 1405 915 non
1463 846 1959 941 deponendum
2021 847 2283 938 absque
2332 845 2493 916 novi
2552 844 2750 916 Pilati
2806 844 3083 916 licentia
3138 845 3445 939 speciali,
3481 847 3574 919 ad
3628 849 3850 939 majus

1020 966 1537 1038 christianitatis
1595 970 2043 1064 opprobrium
2065 1022 2085 1060 ,
2136 969 2300 1040 cleri
2355 967 2844 1039 contumeliam
2863 1020 2883 1056 ,
2940 976 3347 1061 perpetuam
3405 969 3848 1060 ignominiam

1021 1090 1466 1162 sacerdotalis
1492 1091 1754 1164 ordinis
1786 1104 1855 1164 et
1891 1093 2172 1166 honoris
2208 1092 2685 1163 confusionem
2724 1088 3278 1186 pontificalis(l).
3306 1093 3486 1165 Sane
3532 1092 3852 1188 martyris

1022 1233 1274 1306 corpus
1309 1213 1500 1308 prius
1549 1236 1886 1309 penarum
1929 1215 2230 1288 ludibrio
2277 1215 2696 1285 tabefactum
2735 1235 2924 1285 nunc
2965 1214 3312 1284 miraculis
3341 1214 3749 1307 illustratur,
3774 1227 3851 1288 ut

1026 1346 1363 1407 testantur
1385 1338 1632 1409 fratres
1658 1340 1958 1432 religiosi
1987 1340 2104 1432 qui
2145 1338 2406 1410 exinde
2438 1339 2902 1429 advenerunt,
2935 1335 3224 1408 firmiter
3244 1347 3634 1410 asserentes
3664 1341 3849 1432 quod

1012 1460 1160 1550 jam
1197 1461 1431 1556 elapso
1460 1462 1800 1533 decennio
1821 1461 1922 1559 (a)
1953 1485 2094 1535 non
2127 1463 2458 1534 foetebat.
2498 1463 2691 1534 Idem
2722 1482 2893 1533 vero
2919 1461 3248 1532 asseritur
3279 1483 3321 1533 a
3351 1462 3519 1533 viris
3546 1464 3850 1557 pruden-

1026 1584 1208 1655 tibus
1240 1585 1329 1657 de
1362 1586 1611 1656 illustri
1646 1587 1798 1657 viro
1836 1586 2121 1659 domino
2162 1585 2506 1679 Hugelino
2541 1585 2846 1656 Remocii
2889 1584 3186 1679 plurima
3229 1585 3436 1656 laude
3466 1585 3706 1678 digno,
3735 1587 3852 1679 qui

1028 1729 1252 1800 nuper
1279 1729 1459 1800 equo
1492 1709 1919 1803 impingente
1959 1732 2169 1780 ruens
2193 1711 2265 1782 in
2290 1710 2509 1804 prelio
2539 1719 2783 1803 captus
2816 1718 2888 1780 et
2912 1709 3219 1781 nudatus
3246 1708 3337 1780 ab
3369 1708 3599 1803 impiis
3630 1709 3758 1779 fuit
3784 1719 3854 1780 et

1022 1830 1396 1902 crudeliter
1426 1832 1855 1903 interfectus.
1891 1830 2279 1923 Attendite,
2322 1831 2558 1926 populi
2594 1830 2976 1919 christiani,
3005 1840 3077 1902 et
3119 1830 3355 1902 videte
3401 1831 3461 1901 si
3508 1840 3613 1902 est
3657 1830 3854 1902 dolor

1022 1954 1201 2025 sicut
1241 1954 1441 2027 dolor
1469 1956 1810 2046 Ecclesie,
1844 1957 1984 2027 imo
2023 1966 2278 2027 vester.
2314 1955 2482 2039 Quis
2518 1954 2703 2025 enim
2740 1954 3009 2026 audivit
3042 1975 3354 2047 unquam
3384 1954 3521 2025 tale
3549 1962 3672 2025 aut
3702 1953 3856 2045 quis

1023 2076 1202 2149 vidit
1231 2077 1396 2149 huic
1427 2077 1697 2149 simile?
1729 2079 1898 2163 Quis
1930 2076 2158 2149 fidelis
2191 2077 2436 2149 Christi
2474 2077 2772 2147 famulus
2801 2076 2930 2149 hec
2964 2077 3337 2148 advertens
3369 2084 3600 2170 potest
3629 2076 3854 2169 lacry-

1026 2222 1176 2272 mas
1209 2200 1592 2292 continere,
1616 2201 1915 2293 gemitus
1944 2221 2386 2296 compescere
2426 2208 2549 2271 aut
2588 2200 2975 2291 singultus?
3003 2199 3360 2291 Numquid
3397 2208 3604 2270 erunt
3636 2217 3855 2290 usque
3893 2200 3898 2207 “

1023 2323 1204 2396 adeo
1239 2324 1453 2416 aliqui
1480 2324 1636 2395 duri
1673 2325 1883 2397 corde
1916 2335 1994 2395 ut
2028 2333 2219 2396 tante
2252 2323 2682 2395 crudelitatis
2718 2323 3028 2418 percussi
3063 2323 3316 2393 malleo
3345 2343 3488 2392 non
3531 2321 3846 2411 doleant,

1023 2468 1166 2519 non
1193 2446 1962 2540 tristenturPNumquid
1989 2470 2129 2519 non
2157 2457 2605 2519 conterentur
2620 2467 3059 2540 quorumque
3078 2445 3618 2518 Christianorum
3643 2445 3852 2516 corda

1023 2569 1297 2663 lapidea
1325 2580 1395 2641 et
1423 2571 1515 2643 ad
1547 2571 2043 2665 compassionis
2076 2571 2397 2642 affectum
2428 2561 2873 2641 adamantina
2920 2580 3202 2663 pectora
3234 2591 3378 2640 non
3407 2568 3852 2641 scindentur?

1022 2691 1153 2763 Ubi
1195 2702 1302 2764 est
1340 2695 1529 2764 zelus
1574 2693 1946 2765 christiane
1991 2691 2200 2765 fidei?
2230 2694 2360 2765 Ubi
2412 2692 2777 2764 flammeus
2817 2713 3014 2765 amor
3054 2693 3302 2765 Christi
3352 2694 3470 2785 qui
3512 2713 3700 2763 nunc
3746 2701 3849 2762 est

1026 2816 1256 2887 denuo
1286 2816 1358 2886 in
1387 2838 1514 2888 suo
1542 2838 1921 2912 suspensus
1941 2814 2266 2912 pontifice
2290 2838 2372 2888 ac
2394 2816 2707 2889 ministro
2725 2816 2756 2886 i>
2771 2817 3372 2900 Quemadmodum
3400 2817 3578 2888 dixit
3600 2816 3840 2887 Petro:

1034 2940 1269 3012 «vade
1284 2940 1572 3012 Romam
1596 2940 1845 3012 iterum
1864 2939 2172 3033 crucifigi
2202 2950 2326 3012 »et
2349 2941 2561 3013 Saulo
2585 2961 2652 3006 z«
2678 2940 2911 3031 Saule,
2927 2941 3134 3012 Saule
3154 2940 3322 3034 quid
3342 2961 3454 3011 me
3474 2958 3848 3035 perseque-

1029 3063 1122 3135 ris
1140 3064 1170 3136 P
1190 3092 1224 3130 »
1250 3071 1321 3135 et
1353 3065 1424 3134 in
1452 3065 1832 3156 Evangelio
1861 3065 1949 3136 de
1978 3064 2334 3160 discipulis
2362 3072 2729 3136 attestatur
2755 3064 2995 3136 dicens
3027 3092 3045 3135 ε
3083 3092 3119 3131 «
3138 3065 3270 3149 Qui
3296 3085 3423 3135 vos
3449 3063 3712 3158 spernit
3737 3083 3847 3133 me

1025 3185 1292 3280 spernit
1318 3196 1388 3256 et
1407 3186 1524 3277 qui
1543 3207 1671 3257 vos
1703 3186 1922 3279 tangit
1950 3186 2171 3280 tangit
2193 3188 2526 3282 pupillam
2549 3187 2731 3260 oculi
2754 3188 2917 3259 mei.
2943 3215 2979 3254 υ
3020 3188 3236 3280 Igitur
3262 3186 3375 3258 hic
3405 3187 3737 3259 scelestus
3756 3185 3849 3257 ad

1027 3329 1152 3380 sue
1179 3308 1641 3381 damnationis
1670 3310 2025 3380 cumulum
2046 3319 2118 3381 et
2138 3311 2229 3381 ad
2252 3310 2749 3405 increpandam
2769 3311 3094 3384 duritiam
3109 3310 3339 3383 cordis
3359 3310 3576 3381 nostri
3593 3329 3731 3403 que
3757 3309 3845 3381 ad

1036 3441 1172 3504 tam
1199 3431 1541 3503 horrenda
1569 3432 1875 3505 facinora
1900 3434 2027 3505 vix
2060 3441 2409 3525 movetur,
2442 3434 2688 3506 similia
2724 3435 2957 3528 sepius
2987 3434 3239 3506 iterare
3271 3433 3528 3524 flagitia
3555 3454 3697 3504 non
3731 3452 3851 3502 ex·

1029 3557 1250 3652 pavit,
1284 3567 1653 3628 autumans
1687 3557 1878 3651 apud
1910 3557 2318 3628 christianos
2351 3578 2437 3630 eo
2468 3557 2660 3651 quod
2692 3580 2818 3630 sua
2850 3559 3001 3631 sine
3036 3559 3289 3629 talione
3313 3557 3696 3628 abundavit
3721 3555 3851 3627 ini-

1024 3679 1253 3774 quitas
1288 3679 1681 3772 refriguisse
1714 3679 2102 3769 caritatem,
2132 3680 2398 3751 aruisse
2428 3681 2500 3750 in
2534 3702 2776 3754 omnes
2803 3682 3079 3775 pietatis
3102 3682 3394 3769 viscera,
3431 3699 3848 3771 omnemque

1110 3834 1191 3916 (a)
1236 3837 1355 3913 Sic,
1378 3835 1826 3912 intelligendum
1853 3851 1995 3895 vero
2012 3841 2148 3914 post
2176 3831 2364 3894 decem
2390 3833 2531 3896 dies.

1024 4087 1453 4158 septuagesimae
1476 4085 1648 4156 dicta,
1678 4099 1818 4157 quae
1851 4083 2029 4158 reipsa
2058 4083 2344 4157 aliquoties
2369 4085 2559 4157 prima
2585 4086 2947 4158 carnisprivii
2973 4084 3246 4142 dicebatur
3263 4127 3278 4154 ,
3309 4099 3476 4157 quum
3501 4082 3604 4139 hac
3628 4081 3715 4138 die
3740 4082 3843 4138 viri

1025 4181 1276 4254 religiosi,
1288 4182 1601 4255 praesertim
1627 4180 1972 4238 ecclesiastici
1996 4186 2053 4237 et
2076 4179 2345 4253 monachi,
2357 4181 2596 4237 carnium
2624 4181 2953 4238 comestione
2978 4181 3246 4239 abstinere
3270 4182 3583 4254 inciperent.
3597 4178 3718 4237 vid.
3743 4181 3846 4235 Art

1025 4276 1089 4336 de
1113 4278 1332 4351 νόν-ἑῇσι·
1356 4278 1429 4334 les
1460 4277 1638 4347 dates,
1659 4277 1821 4349 gloss.
1853 4276 1925 4333 ad
1951 4277 2105 4334 verb.
2136 4276 2568 4335 Canmrarvmu.
2606 4278 2723 4335 Boc
2745 4293 2886 4335 anno
2916 4284 3098 4335 autem
3128 4277 3552 4351 septuagesimae
3582 4275 3843 4332 dominica

1026 4375 1094 4431 ad
1120 4374 1266 4432 diem
1292 4378 1357 4431 ⁴6
1388 4373 1641 4431 februarii
1667 4372 1936 4429 incidebat
1955 4377 2012 4429 et
2040 4373 2277 4431 Paschae
2300 4373 2369 4430 ad
2397 4377 2464 4429 ⁴9
2493 4373 2702 4447 aprilis.

1099 4470 1174 4544 (t)
1210 4471 1288 4527 De
1310 4469 1572 4543 supplicio
1597 4468 1873 4525 Marcelini
1897 4469 2111 4543 publice
2137 4470 2464 4543 praedicavit
2490 4469 2927 4544 archiepiscopus
2956 4470 3302 4544 maguntinus
3336 4469 3479 4542 apud
3514 4467 3844 4540 Herbipolim

1026 4567 1117 4625 die
1148 4571 1218 4625 23
1256 4565 1486 4638 augusti,
1516 4564 1700 4622 fideles
1741 4565 1812 4621 ad
1849 4580 2062 4621 crucem
2099 4572 2284 4623 contra
2315 4565 2648 4623 Fridericum
2684 4566 3064 4625 assumendam
3101 4566 3451 4623 exhortando.
3481 4565 3604 4621 Vid.
3637 4562 3840 4621 Chr-on.

1026 4664 1302 4740 Erphord.
1331 4681 1418 4737 ap.
1448 4665 1739 4736 Roman,
1765 4661 1981 4732 Fontes,
2006 4667 2048 4718 t.
2079 4661 2145 4732 11,
2177 4678 2234 4735 p.
2266 4664 2391 4720 406.
