4525 6031
1795 677 2045 737 INDEX
2094 668 2493 735 NOMINUM.

628 806 899 862 Iohannes
930 804 1233 876 Toletanue,
1258 806 1533 877 magister,
1564 808 1631 860 63
1658 813 1768 863 not.
1805 810 1855 863 4.

630 891 897 948 Iohannes
933 890 995 947 de
1033 892 1211 946 Trecis
1244 906 1337 946 seu
1371 892 1603 960 Trocmis,
1633 892 1737 947 748
1773 897 1830 946 84
1856 897 1963 947 not.
1997 901 2046 959 4,
2131 879 2138 948 Ξ

700 977 809 1033 749
831 981 887 1032 84
909 980 1022 1031 not.
1052 991 1106 1030 a.

629 1056 897 1114 Iohannes
917 1059 1213 1128 Troyisius,
1226 1057 1482 1131 syndicus
1496 1057 1856 1113 universitatis
1872 1057 2052 1114 Sancti

700 1141 840 1197 Petri
866 1141 935 1196 de
964 1140 1125 1210 Polla,
1157 1144 1279 1196 564.

631 1222 900 1279 Iohannes
924 1223 1133 1280 Turdus
1160 1224 1221 1280 cle
1248 1224 1519 1293 Messana,
1548 1226 1650 1280 598
1676 1231 1731 1280 84
1755 1231 1866 1280 not.
1901 1227 1951 1278 4.

629 1306 894 1362 Iohannes
921 1307 983 1362 de
1013 1307 1190 1376 Vacat,
1220 1306 1551 1379 peregrinus,
1580 1307 1702 1363 786.

631 1389 896 1445 Iohannes
925 1389 986 1445 de
1015 1391 1150 1460 Vita,
1175 1390 1508 1462 peregrinus,
1534 1392 1659 1447 787.

631 1474 864 1528 Ioannes
887 1472 1312 1542 Vulleechirzele,
1345 1478 1467 1529 866.

632 1555 899 1612 Iohannes
920 1557 983 1611 de
1013 1556 1232 1627 Varelli,
1256 1557 1589 1629 peregrinuS,
1616 1561 1744 1613 786.

630 1639 897 1696 Iohannes
919 1640 982 1696 de
1013 1642 1234 1698 Ytronto
1257 1643 1372 1698 sive
1397 1642 1682 1713 Hidronto,
1716 1646 1838 1712 808,
1866 1645 1988 1698 840.

632 1723 914 1793 laedanue,
945 1723 1082 1781 filius
1110 1725 1282 1797 Sergii
1302 1726 1496 1798 Papiri,
1526 1728 1650 1790 495,
1681 1726 1806 1780 497.

632 1807 807 1862 luciae
836 1809 1033 1864 Divors
1058 1815 1113 1864 et
1135 1809 1414 1881 Philippa,
1444 1825 1580 1863 uxor
1606 1808 1737 1879 eine,
1777 1813 1831 1864 et
1857 1808 2048 1873 Pasca,

704 1905 858 1946 soror
884 1893 1019 1963 ejus,
1046 1892 1329 1964 peregrini,
1360 1893 1486 1947 787.

633 1974 855 2043 Judeni,
891 1974 1222 2045 peregrinus,
1255 1974 1431 2029 socius
1461 1973 1615 2041 Frisi,
1643 1975 1767 2030 785.

633 2057 816 2114 Iuenie
844 2055 905 2112 de
934 2057 1257 2128 Aryentara,
1283 2057 1617 2128 peregrinus,
1644 2057 1769 2112 788.

632 2140 910 2208 Julianus,
941 2140 1272 2212 peregrinum,
1301 2142 1424 2195 788.

632 2226 888 2283 Julianus
914 2227 978 2282 cle
998 2225 1171 2296 Sesea,
1201 2227 1361 2298 judex
1386 2226 1535 2282 Encii
1564 2227 1722 2297 regiS,
1753 2228 1875 2282 375.

634 2309 811 2366 Iulius
837 2308 899 2364 de
925 2308 1202 2381 Anylona,
1234 2312 1361 2377 764,
1391 2311 1518 2365 765.

635 2389 855 2458 Iuncta,
884 2391 1128 2465 publicus
1149 2391 1362 2447 tabellio
1393 2391 1447 2446 in
1475 2392 1759 2460 Panormo,
1787 2392 1909 2444 563.

633 2473 806 2528 Junta
836 2474 1021 2542 verde,
1052 2474 1214 2530 frater
1238 2473 1610 2543 Bar-tholomei,
1640 2473 1765 2527 725.

630 2554 851 2624 Juonus,
881 2558 1111 2613 nuncius
1136 2558 1342 2614 Guecili
1369 2557 1437 2613 de
1461 2559 1633 2627 Prata,
1659 2559 1719 2612 74
1735 2559 1783 2612 4.

634 2637 876 2694 Karolus
896 2639 959 2695 de
986 2641 1038 2695 Κ
1040 2641 1331 2710 wertheim,
1362 2644 1483 2697 866.

634 2721 969 2792 Kharinmii,
1003 2727 1105 2780 944
1135 2730 1247 2779 not.
1280 2728 1333 2778 2.

637 2805 864 2877 Krane,
894 2804 1034 2861 filius
1059 2806 1453 2874 EmbrichoniS,
1485 2809 1609 2862 866.

635 2888 877 2959 Kyn'leo,
905 2889 1161 2956 notarius,
1196 2892 1319 2957 487,
1348 2890 1468 2944 489.

638 2973 1049 3047 Lafranchinus
1120 2975 1380 3032 Passenus
1405 3019 1418 3045 ,
1463 2972 1695 3048 piscator
1739 2974 1807 3032 de
1858 2973 2016 3047 Papia
2041 3017 2054 3043 ,

709 3062 832 3116 687.

638 3141 940 3214 Lafrancne
967 3144 1152 3211 Betae,
1184 3142 1413 3215 piscator
1436 3140 1506 3197 de
1529 3141 1720 3213 Papia,
1753 3143 1877 3196 688.

637 3225 937 3298 Lafrancus
1007 3225 1354 3283 Coa-bellamus
1375 3270 1389 3295 ,
1443 3225 1674 3297 piscator
1734 3225 1803 3281 de
1856 3224 2018 3297 Papia
2040 3268 2053 3294 ,

710 3310 832 3363 687.

637 3390 940 3463 Lafrancus
966 3393 1331 3464 Petradolius,
1356 3394 1591 3466 piscator
1617 3392 1685 3448 de
1710 3393 1871 3464 Papia
1887 3435 1901 3461 ,
1932 3395 2055 3448 688.

633 3475 1021 3547 ῪΙΛιιηαοκοτηιε,
1052 3476 1192 3532 filius
1215 3478 1405 3533 notarii
1432 3477 1694 3544 Gualteri,
1725 3477 1849 3533 437.

641 3558 1076 3616 Lamban-tuccius
1105 3560 1350 3616 Banadei
1370 3560 1433 3616 de
1460 3569 1637 3616 monte
1668 3561 1910 3628 Latrone,
1929 3563 2057 3617 725.

639 3642 957 3697 Lamberlus
986 3645 1311 3700 Curnientue
1335 3644 1397 3700 de
1425 3644 1633 3715 Barolo,
1655 3644 1907 3716 magister
1931 3659 2058 3715 pro-

708 3733 922 3782 curator
950 3727 1130 3783 curiae
1157 3727 1211 3782 in
1237 3728 1442 3800 Apulia,
1477 3730 1598 3797 420,
1637 3730 1761 3784 424.

637 3808 956 3865 Lambertus
983 3811 1045 3866 de
1073 3812 1273 3881 Heron,
1304 3812 1634 3885 peregrinus,
1660 3812 1785 3865 787.

638 3892 953 3949 Lambertus
975 3895 1224 3965 Huahin,
1252 3896 1584 3967 peregrinus,
1615 3898 1740 3951 786.

639 3975 960 4048 landolfus,
1000 3979 1417 4034 wormatiensis
1452 3979 1765 4051 episcopus,
1801 3982 1894 4047 36,
1936 3980 2060 4049 405,

709 4063 832 4128 467,
865 4064 989 4130 304,
1017 4063 1138 4129 450,
1174 4065 1294 4134 454,
1329 4065 1452 4133 834,
1481 4067 1606 4133 840,
1635 4065 1759 4133 844,
1783 4066 1906 4132 848,
1933 4066 2058 4134 888,

633 4225 935 4298 Landulfus
964 4226 1230 4298 Carpani,
1259 4225 1393 4282 civis
1421 4226 1853 4299 Mediolanensis,
1883 4231 2006 4284 420.

636 4310 936 4383 Landulfus
961 4310 1027 4367 de
1053 4311 1363 4367 pedemonte
1378 4355 1391 4380 ,
1427 4313 1737 4368 monasterii
1764 4312 2064 4369 Casinensis

705 4402 1019 4466 procurator
1043 4396 1311 4468 syndicus,
1342 4398 1466 4464 720,
1497 4399 1623 4465 724,
1650 4397 1775 4453 758.

633 4476 984 4548 Lanfrancue
1011 4478 1074 4533 de
1110 4479 1360 4549 Commo,
1391 4483 1516 4535 530.

633 4559 971 4630 Lantelmue,
1000 4576 1181 4618 comes
1207 4561 1276 4618 de
1307 4563 1526 4620 Cassino
1541 4605 1554 4631 ,
1583 4566 1819 4635 potestas
1846 4561 2063 4619 Cremo-

704 4659 822 4714 nae,
858 4645 980 4714 480,
1015 4646 1135 4700 424.

636 4726 951 4864 ιαὲὴετίυε,
979 4727 1149 4785 abbas
1191 4729 1367 4785 Sancti
1412 4729 1700 4787 salvatoris
1745 4729 1814 4785 de
1860 4729 2065 4797 Insula,

742 4815 793 4869 8.

2132 953 2139 1246 Ξ

2134 1523 2141 1636 ι

2134 1745 2141 1928 1

2134 1931 2141 2156 ³

2134 2415 2142 2568 1

2135 2627 2142 2800 ἓ

2136 2815 2143 3155 ÷

3497 667 3651 727 1019

2228 801 2555 855 Laurencius
2583 797 2818 871 Ghappe,
2846 795 3174 869 peregrinus,
3206 796 3330 851 787.

2224 885 2585 951 Laurentius,
2627 879 3065 953 poenitentiarius
3089 893 3288 951 papae,
3320 882 3413 934 924
3452 886 3559 935 not.
3596 883 3647 933 4.

2225 965 2570 1032 Laurentius,
2599 963 2854 1036 syndicus
2881 961 3242 1017 universitatis
3264 963 3423 1018 castri
3451 963 3649 1027 Pollae,

2227 1055 2580 1203 Latiae-tntae,
2610 1133 2915 1206 presbyter,
2946 1131 3285 1202 peregrinus,
3312 1132 3438 1188 786.

2133 1249 2139 1296 3
2231 1218 2442 1273 Laurus
2469 1217 2878 1285 Constantiana,
2907 1219 3031 1271 758.

2229 1299 2522 1355 Lecoardus
2551 1299 2613 1354 de
2641 1301 2892 1368 Leuvree,
2922 1297 3254 1372 peregrinus,
3281 1299 3406 1353 786.

2231 1381 2375 1437 Lem
2408 1382 2492 1452 (G.
2522 1389 2578 1436 et
2606 1380 2824 1451 Robin),
2856 1379 3142 1452 peregrini,
3173 1382 3301 1436 788.

2229 1465 2349 1531 Leo,
2374 1464 2783 1520 Mediolanensis
2810 1463 3257 1535 archiepiscopus,
3291 1465 3411 1518 347.

2231 1548 2339 1603 Leo
2369 1547 2512 1603 Belli
2540 1548 2603 1604 de
2630 1549 2796 1616 Baro,
2825 1549 2947 1618 420,
2981 1548 3103 1617 424,
3132 1548 3256 1616 422,
3284 1548 3407 1603 423.

2231 1632 2341 1687 Leo
2374 1631 2673 1699 cambitor,
2709 1632 2831 1687 497.

2229 1716 2331 1770 Leo
2351 1715 2415 1770 de
2434 1714 2704 1786 Schifato,
2737 1715 2861 1768 497.

2229 1797 2563 1869 Leonardus,
2620 1797 2791 1852 abbas
2843 1796 3095 1854 Cavensis
3135 1795 3471 1865 monasterii,
3521 1798 3623 1852 426
3641 1838 3654 1862 ,

2303 1884 2427 1950 435,
2459 1883 2579 1949 444,
2616 1883 2746 1951 454,
2780 1884 2884 1938 455
2911 1889 2965 1936 84
2992 1887 3104 1936 not.
3140 1885 3190 1948 4;
3224 1883 3347 1949 474,
3379 1881 3502 1949 475,
3531 1881 3657 1937 476.

2228 1963 2570 2033 Leonardus,
2600 1963 2867 2034 quondam
2890 1963 3124 2019 Mutulae
3150 1962 3343 2032 judex,
3377 1964 3498 2030 420,
3532 1965 3655 2019 423.

2229 2045 2540 2101 Leonardus
2563 2046 2628 2101 de
2660 2048 2906 2117 caserta,
2940 2051 3062 2101 944.

2136 2165 2139 2174 ‚
2228 2128 2540 2185 Loonardas
2561 2128 2625 2183 de
2654 2130 2814 2184 Ponte
2843 2131 3058 2196 Bantri,
3090 2129 3417 2201 peregrinus,
3441 2132 3567 2186 785.

2229 2216 2540 2289 Leopoldus,
2571 2217 2827 2287 marchio,
2858 2220 2981 2271 384.

2231 2303 2585 2371 Licteramus,
2616 2302 2852 2357 notarius
2878 2301 2945 2357 de
2973 2308 3147 2357 castro
3175 2299 3461 2369 Abbatiae,
3497 2302 3620 2356 420.

2231 2386 2424 2455 Lr'qeir
2445 2383 2508 2439 de
2536 2386 2726 2441 Cat-ros
2743 2428 2757 2455 ,
2788 2386 3120 2458 peregrinuS,
3149 2388 3276 2440 788.

2230 2468 2416 2538 Liyier
2442 2468 2731 2539 Arnulfus,
2759 2470 3063 2541 presbyter,
3094 2469 3423 2540 peregrinus,
3455 2471 3579 2524 786.

2137 2573 2140 2580 ·
2232 2552 2483 2621 Ligarius
2513 2553 2863 2622 Caraczulus,
2892 2556 3017 2608 947.

2231 2637 2520 2705 Liyorius,
2553 2634 2856 2707 presbyter,
2888 2637 3013 2701 444,
3046 2636 3168 2691 446.

2229 2717 2477 2788 Ligures,
2508 2721 2597 2785 95,
2632 2720 2751 2787 457,
2787 2720 2908 2786 494,
2939 2720 3064 2772 224.
3096 2716 3220 2773 vid.
3249 2714 3579 2770 Lombardi.·

2231 2802 2486 2857 Limeson
2513 2801 2573 2856 de
2607 2800 2759 2870 Τοαὶ,
2790 2801 3123 2873 peregrinuS,
3151 2802 3274 2855 787.

2233 2883 2526 2941 Liutoldus
2554 2884 2617 2940 de
2642 2886 2933 2954 Pourawe,
2966 2888 3089 2939 630.

2233 2966 2547 3037 Lombardi,
2577 2969 2702 3036 444,
2730 2970 2855 3037 205,
2883 2970 3009 3038 244,
3044 2969 3177 3038 242,
3204 2970 3328 3038 243,
3356 2968 3491 3037 244,
3529 2970 3654 3037 245,

2304 3055 2428 3122 246,
2456 3056 2583 3123 247,
2611 3056 2736 3122 248,
2761 3056 2885 3122 249,
2913 3056 3037 3124 220,
3068 3056 3193 3121 258,
3227 3055 3348 3121 354,
3380 3055 3502 3120 390,
3530 3055 3654 3120 396,

2305 3138 2430 3204 544,
2462 3137 2586 3205 564,
2619 3138 2743 3204 946,
2771 3138 2894 3192 925.

2232 3217 2589 3274 Lombardiae
2616 3219 2863 3288 societas,
2895 3219 3020 3275 204.

2232 3300 2573 3369 Lubecenses,
2602 3305 2727 3372 840,
2754 3307 2858 3359 880
2886 3308 2941 3357 et
2965 3307 3077 3358 not.
3108 3305 3159 3358 4.

2231 3385 2491 3442 Lucenses
2518 3386 2636 3442 sive
2658 3386 2884 3455 Lucani,
2911 3386 3076 3457 civeS,
3108 3387 3196 3455 74,
3220 3389 3341 3455 495,
3375 3390 3497 3455 496,
3529 3388 3654 3454 670,

2232 3555 2601 3623 Lucet-nenses,
2636 3554 2761 3608 567.

2235 3639 2602 3693 Lucimannus
2626 3635 2688 3691 de
2715 3636 2938 3708 lapide,
2971 3639 3096 3692 644.

2235 3719 2697 3791 ΙΛιοιΙιοτίηρήω,
2728 3723 2853 3776 530.

2233 3804 2576 3872 Ludewicus,
2605 3818 2788 3858 comes
2810 3804 2876 3858 de
2905 3802 3248 3872 Helfenstein,
3281 3804 3404 3870 294,
3435 3804 3557 3856 300.

2235 3886 2552 3944 Ludewicue
2570 3885 2635 3941 de
2665 3885 3037 3953 Lunenburch,
3066 3887 3189 3942 845.

2233 3970 2548 4025 ῙΛιάοωίουε
2606 3967 2669 4023 de
2719 3966 3076 4039 Ravinsberq,
3129 3968 3292 4023 frater
3343 3965 3555 4022 Ottonis
3592 3967 3659 4020 de

2303 4051 2559 4120 Flotowe,
2586 4055 2685 4107 482
2710 4056 2820 4107 not.
2856 4055 2909 4106 4.

2232 4137 2548 4193 Ludewicus
2574 4135 2636 4192 de
2665 4137 3033 4207 Richenetein,
3064 4139 3197 4191 866.·

2231 4220 2553 4277 Ludewicus
2581 4219 2642 4276 de
2673 4220 3041 4291 Rotenhaqen,
3072 4222 3196 4276 845.

2234 4304 2553 4362 Ludewious
2588 4305 2650 4360 de
2677 4304 2919 4377 Scippha
2948 4304 3060 4361 sive
3084 4303 3334 4376 Schiphe,
3378 4306 3499 4371 344,
3531 4305 3654 4371 342,

2306 4394 2431 4446 864.

2139 4495 2144 4523 1
2234 4474 2555 4531 Ludewicus
2582 4473 2643 4529 de
2671 4472 3051 4546 Spizenberch,
3077 4487 3275 4541 comes,
3307 4471 3430 4526 874.

2234 4558 2554 4615 Ludewicus
2581 4556 2643 4613 de
2673 4557 3019 4625 Valoenstein,
3049 4559 3171 4612 866.
3469 4600 3473 4604 .

2238 4642 2541 4698 Ludovieus
2570 4642 2676 4711 IX,
2708 4657 2801 4696 rex
2830 4642 3171 4708 Francorum,
3202 4643 3235 4695 2
3265 4646 3321 4694 84
3348 4644 3456 4694 not.
3489 4642 3538 4707 4;
3565 4639 3657 4708 48,

2307 4729 2396 4795 68,
2433 4728 2528 4794 95,
2565 4728 2631 4780 98
2670 4723 2796 4782 not.⁴
2822 4728 2873 4793 4;
2906 4728 3039 4806 440,
3070 4724 3200 4793 442,
3238 4725 3340 4778 497
3377 4727 3431 4779 et
3457 4729 3571 4777 not.
3603 4726 3655 4790 4;

2306 4811 2433 4880 260,
2464 4812 2558 4866 264
2597 4816 2653 4865 84
2678 4816 2789 4867 not.
2823 4813 2884 4881 ²¹3
2918 4813 3049 4880 348,
3080 4811 3201 4879 349,
3241 4808 3364 4878 350,
3393 4809 3519 4877 372,
3557 4808 3658 4862 373
