4525 6031
727 628 927 685 lxmcr.
959 623 1054 701 6.]
1616 620 2013 683 HISTORIA
2064 621 2656 684 mPLOMA'rch.
3430 620 3554 683 615

728 772 798 831 et
839 757 1287 830 dilectionem
1334 763 1648 827 mutuam
1691 776 1776 828 ac
1822 756 2265 828 concordiam
2309 758 2688 851 perfectam
2729 754 3054 827 habuisse
3095 755 3550 848 dignoscitur,

622 888 633 895 '
728 885 935 955 Terre
967 891 1204 953 sancte
1240 898 1325 952 ac
1362 880 1515 972 ejus
1544 878 2049 951 habitatoribus
2095 879 2486 951 christianis
2525 898 2653 975 per
2682 901 2757 951 se
2788 900 2871 950 ac
2902 900 3066 951 suos
3103 879 3359 951 damna
3394 901 3554 972 gra·

728 1006 1010 1077 vissima
1044 1011 1116 1077 et
1145 1002 1640 1076 inestimabiles
1668 1002 1957 1095 injurias
1995 1002 2368 1095 irrogarat,
2406 1003 2645 1075 fecerit
2671 1024 2798 1098 per
2823 1024 3117 1094 reguum
3144 1003 3370 1075 Sicilie
3397 1026 3554 1076 cum

731 1129 1054 1201 laudibus
1084 1128 1177 1200 ad
1214 1127 1528 1220 ejusdem
1562 1125 1836 1198 soldani
1869 1126 2347 1198 extollentiam
2386 1124 2762 1199 honorifice
2804 1127 3059 1221 suscipi
3097 1136 3168 1198 et
3194 1126 3558 1220 magnifice

733 1252 1116 1347 procurari,
1152 1272 1427 1323 necnon
1480 1250 1778 1322 aliorum
1822 1247 2207 1321 infidelium
2255 1250 2659 1345 perniciosis
2698 1260 2771 1322 et
2813 1248 3176 1321 horrendis
3212 1250 3562 1343 obsequiis

734 1387 973 1449 contra
1012 1374 1258 1449 fideles
1303 1376 1637 1464 abutens,
1674 1374 1811 1446 illis
1855 1374 1977 1467 qui
2024 1374 2512 1447 damnabiliter
2541 1374 3049 1469 vilipendentes
3093 1375 3562 1468 Apostolicam

737 1500 988 1572 Sedem
1011 1502 1104 1572 ab
1134 1500 1403 1571 unitate
1436 1498 1740 1570 Ecclesie
1770 1498 2265 1589 discesserunt,
2296 1498 2774 1593 procuraverit
2804 1498 3104 1570 amicitia
3130 1508 3202 1570 et
3228 1498 3562 1571 affinitate

738 1624 1103 1717 conjungi,
1145 1624 1373 1717 ipsum
1416 1622 1487 1692 in
1538 1624 1804 1717 prefato
1848 1623 2143 1695 concilio
2187 1633 2474 1717 propter
2514 1622 2647 1693 hec
2686 1631 2756 1693 et
2800 1622 2936 1693 alia
2974 1622 3271 1716 plurima
3309 1644 3447 1715 que
3491 1622 3563 1693 in

738 1748 1081 1820 sententia
1111 1757 1277 1819 tunc
1318 1747 1588 1842 prolata
1625 1755 1868 1819 contra
1904 1768 2065 1818 eum
2102 1767 2145 1817 a
2184 1747 2387 1819 nobis
2420 1748 2692 1841 plenius
2721 1747 3191 1835 continentur,
3214 1747 3562 1838 abjectum

738 1872 1067 1966 omnique
1127 1870 1391 1944 honore
1434 1892 1518 1942 ac
1565 1870 1900 1961 dignitate
1947 1880 2088 1941 tam
2134 1870 2407 1963 imperii
2454 1892 2667 1962 quam
2717 1891 3090 1961 regnorum
3134 1870 3485 1963 privatum
3525 1891 3563 1941 a

740 1996 1033 2070 Domino
1064 1994 1632 2068 denuntiavimus
1663 2016 1825 2066 eum
1856 1993 2307 2066 nihilominus
2346 1994 2833 2066 sententiando
2870 1994 3252 2087 privanteS,
3284 2014 3568 2065 excom-

742 2119 1227 2193 municationis
1258 2120 1664 2192 solemniter
1693 2119 1766 2190 in
1799 2119 2127 2191 eumdem
2156 2129 2440 2215 propter
2472 2118 2600 2189 has
2631 2127 2702 2189 et
2741 2118 2913 2189 alias
2948 2139 3193 2190 causas
3228 2118 3572 2189 sententia

742 2244 1207 2339 promulgata,
1234 2265 1445 2337 quam
1484 2243 1928 2337 postmodum
1967 2242 2575 2332 annuatimcertis
2611 2242 3163 2314 solemnitatibus
3197 2263 3391 2314 more
3432 2241 3564 2315 Ro·

744 2388 944 2438 mane
977 2367 1280 2438 Ecclesie
1309 2367 1639 2438 duximus
1670 2366 2168 2438 innovandam.
2193 2366 2333 2437 Sed
2361 2366 2510 2460 ipse
2542 2376 2874 2457 tanquam
2903 2366 2975 2436 in
2999 2366 3141 2436 suis
3167 2363 3574 2437 obfirmatus

743 2491 1068 2584 nequitiis
1106 2512 1239 2562 nec
1287 2490 1520 2563 adhuc
1565 2491 1656 2562 de
1700 2499 1843 2562 tam
1877 2489 2178 2562 nefanda
2223 2499 2297 2561 et
2327 2488 2708 2560 damnabili
2752 2488 3144 2584 suspicione
3175 2488 3571 2560 satisfacere

746 2634 873 2685 nec
920 2612 1013 2684 ad
1067 2613 1410 2704 gremium
1470 2612 1710 2684 matris
1772 2613 2078 2684 Ecclesie
2134 2611 2364 2683 redire
2422 2610 2727 2701 curavit,
2788 2612 2950 2683 licet
3005 2610 3570 2682 Panormitanum

743 2735 1338 2830 archiepiscopum
1373 2745 1443 2807 et
1478 2735 1879 2831 episcopum
1911 2735 2319 2830 Papiensem
2353 2742 2425 2806 et
2454 2734 2795 2826 quosdam
2828 2734 3001 2807 alios
3027 2734 3119 2806 ad
3149 2734 3388 2806 sedem
3420 2734 3574 2806 des·

746 2859 982 2931 tinarit
1000 2860 1487 2952 eamdem,qui
1504 2859 2023 2931 venerabilibus
2054 2858 2384 2930 fratribus
2416 2858 2780 2930 Portuensi
2807 2869 2878 2929 et
2903 2858 3285 2930 Albanensi
3311 2858 3571 2952 episco-

746 2984 849 3078 pis
884 2993 958 3057 et
988 2983 1244 3058 dilecto
1284 2983 1427 3057 filio
1474 2995 1711 3057 nostro
1744 2985 1830 3054 Η.
1875 3036 1895 3057 .
1943 3036 1963 3054 .
2005 2983 2181 3055 tituli
2218 2983 2470 3054 Sancte
2510 2983 2764 3054 Sabine
2802 2982 3208 3078 presbytero
3238 2982 3574 3055 cardinali

746 3129 923 3199 quos
965 3107 1066 3179 eis
1105 3109 1576 3180 concessimus
1620 3108 2017 3196 auditores,
2067 3108 2610 3178 instrumentum
2655 3107 3020 3199 cujusdam
3071 3107 3458 3179 tabellionis
3503 3120 3576 3178 et

749 3230 1013 3302 litteras
1058 3232 1360 3303 munitas
1410 3231 1601 3302 bulla
1648 3251 1862 3301 aurea
1900 3241 2419 3324 presentarunt,
2444 3231 2517 3301 in
2557 3231 2813 3322 quibus
2860 3231 3346 3302 continebatur
3384 3231 3576 3324 quod

747 3373 909 3423 cum
939 3353 1128 3425 idem
1152 3354 1561 3426 Fredericus
1591 3354 1834 3425 fuisset
1858 3353 1930 3425 in
1961 3354 2298 3448 premisso
2325 3353 2618 3426 concilio
2651 3353 2931 3425 habitus
2961 3353 3050 3425 de
3079 3353 3383 3425 heretica
3410 3375 3570 3448 pra·

748 3477 961 3550 vitate
1008 3489 1400 3573 suspectus,
1439 3478 1587 3573 ipse
1636 3477 2100 3569 interrogatus
2140 3487 2212 3548 et
2256 3478 2697 3548 examinatus
2739 3477 2832 3548 ab
2873 3478 2973 3549 eis
3015 3499 3226 3571 super
3268 3477 3574 3549 articulis

751 3600 1097 3671 contentis
1142 3601 1212 3671 in
1256 3601 1577 3696 symbolo
1609 3612 1682 3672 et
1711 3601 1865 3672 aliis
1899 3600 1992 3673 ad
2031 3599 2244 3672 fidem
2287 3600 2701 3672 catholicam
2743 3602 3252 3695 pertinentibus
3282 3602 3465 3674 dixit
3498 3623 3573 3673 se

753 3722 907 3795 illos
936 3721 1226 3795 firmiter
1255 3725 1542 3797 credere
1587 3746 1671 3797 ac
1704 3724 2005 3816 juravit3
2042 3724 2115 3793 in
2148 3723 2406 3817 quibus
2437 3723 2647 3795 etiam
2678 3725 3034 3797 constituit
3065 3727 3578 3799 examinatores

755 3845 938 3939 ipsos
970 3855 1456 3939 procuratores
1492 3869 1656 3919 suos
1697 3847 1789 3919 ad
1814 3847 2196 3939 jurandum
2228 3848 2302 3917 in
2327 3848 2562 3920 anima
2595 3850 2746 3939 ejus
2773 3849 2965 3941 quod
3000 3871 3121 3922 eos
3147 3852 3478 3923 credebat
3507 3863 3581 3922 et

755 3968 851 4040 ad
878 3968 1363 4070 purgationem
1398 3970 1607 4042 etiam
1637 3970 1709 4041 in
1739 3970 2089 4064 presentia
2121 3978 2359 4042 nostra
2390 3970 2462 4039 in
2491 3971 2646 4041 loco
2675 3970 2932 4043 idoneo
2961 3993 3173 4066 snper
3185 3973 3577 4067 suspicione

757 4088 1154 4182 hujusmodi
1194 4091 1648 4164 offerendam.
1691 4094 1822 4180 Qui
1854 4092 1985 4165 hec
2019 4093 2283 4165 eisdem
2316 4094 2704 4164 retulerunt
2736 4094 3168 4165 auditoribus
3212 4096 3374 4167 viva
3403 4116 3578 4168 voce

753 4213 1087 4307 quodque
1134 4215 1233 4286 sic
1270 4225 1469 4287 erant
1509 4217 1748 4309 jurare
1792 4216 2042 4309 parati,
2074 4237 2168 4286 ex
2198 4227 2396 4311 parte
2445 4215 2661 4311 ipsius
2702 4216 3048 4288 Frederici
3096 4218 3579 4312 purgationem

757 4336 1158 4435 hujusmodi
1198 4337 1594 4410 offerenteS.
1634 4340 1776 4411 Nos
1818 4347 2053 4411 autem
2095 4337 2204 4409 his
2244 4338 2613 4411 intellectis
2654 4342 2861 4410 talem
2893 4342 3477 4414 examinationem
3509 4353 3583 4417 et

759 4463 1268 4556 purgationem,
1285 4487 1446 4536 cum
1474 4486 1606 4537 nec
1631 4466 1752 4536 ubi
1780 4485 1912 4536 nec
1940 4464 2029 4536 de
2062 4463 2317 4558 quibus
2352 4485 2582 4557 neque
2610 4485 2845 4537 coram
2868 4466 3121 4558 quibus
3147 4467 3390 4540 debuit
3419 4490 3581 4563 pre-

758 4595 1034 4680 sumpta
1077 4589 1324 4678 fuerit,
1359 4610 1521 4661 oum
1562 4588 1776 4660 iidem
1821 4587 2329 4660 examinatores
2370 4597 2441 4660 et
2485 4609 2727 4659 eorum
2775 4591 3270 4682 consanguinei
3315 4592 3458 4664 sint
3493 4592 3583 4664 de

642 4715 645 4722 “
761 4707 978 4803 ipsius
1009 4711 1205 4784 curia
1231 4734 1356 4786 seu
1386 4713 1586 4786 terris
1625 4712 1952 4809 potestati
1976 4713 2088 4786 vel
2121 4712 2359 4785 verius
2404 4712 2753 4810 tyrannidi
2781 4736 2911 4788 sue
2946 4716 3309 4810 subjectis,
3346 4716 3587 4790 illuso·
