4525 6031
1602 661 1859 721 mni-:x
1908 661 2604 727 nochnnTonnu.
2755 695 2761 708 ·
3404 666 3531 731 ⁹88

1530 1006 1640 1051 sua
1674 993 1739 1050 in
1774 991 2097 1052 Ecclesiam
2133 991 2419 1053 fidelitate
2453 993 2611 1070 passi
2646 998 2818 1068 sunt,
2849 994 2935 1055 eis
2961 996 3164 1056 omnia
3186 994 3343 1055 bona
3369 1003 3523 1073 qnae

1529 1091 1792 1165 tempore
1814 1095 2010 1149 motae
2034 1088 2367 1150 discordiae
2392 1091 2761 1152 Fridericnm
2779 1094 2929 1152 inter
2954 1099 3013 1154 et
3031 1093 3354 1156 Ecclesiam
3381 1110 3519 1170 pos·
3598 1139 3599 1142 η

1529 1187 1833 1264 sidebant,
1860 1188 2197 1249 confirmat.
3402 1200 3516 1253 548

678 1297 747 1354 1⁷
768 1295 948 1372 junii.
1049 1291 1349 1370 Lugduni.
1450 1316 1531 1328 —-
1571 1285 1873 1346 Ludovioo
1908 1286 2269 1347 Francorum
2304 1291 2459 1366 regi,
2488 1289 2781 1350 Blanchae
2807 1290 2982 1349 matri
3005 1291 3131 1366 ejus
3156 1296 3216 1348 et
3237 1289 3519 1350 fratribus

1530 1387 1727 1461 grates
1760 1387 1885 1461 agit
1919 1386 2080 1460 quod
2108 1384 2185 1444 ad
2212 1386 2547 1447 subsidium
2574 1388 2867 1446 Ecclesiae
2892 1388 3164 1446 militiam
3192 1390 3516 1462 personali-

1527 1485 1622 1540 ter
1642 1480 2050 1540 adducendam
2085 1481 2443 1560 obtulerint;
2486 1490 2689 1543 monet
2726 1490 2924 1544 tamen
2951 1484 3113 1559 quod
3131 1485 3195 1542 in
3222 1487 3519 1560 praesenti

1529 1591 1729 1636 rerum
1756 1583 1916 1637 statu
1940 1593 2059 1637 non
2082 1594 2146 1637 se
2164 1581 2479 1654 accingant
2500 1580 2578 1639 ad
2604 1582 2735 1652 iter,
2769 1597 3078 1657 quousque
3106 1597 3208 1656 per
3235 1585 3515 1643 nuntium

1529 1675 1620 1733 vel
1654 1675 1882 1735 litteras
1911 1678 2068 1751 ipsos
2094 1677 2414 1751 apostolica
2440 1677 2611 1737 sedes
2637 1679 2955 1737 vocaverit.
3396 1688 3515 1741 544

1045 1776 1352 1855 Lugduni.
1446 1803 1527 1814 —
1565 1771 1854 1849 Episcopo
1898 1773 2153 1832 Ostiensi
2194 1778 2257 1832 et
2299 1773 2492 1833 tribus
2537 1774 2669 1832 aliis
2700 1773 3100 1834 cardinalibus
3132 1773 3208 1833 de
3236 1791 3517 1852 prospero

1522 1884 1801 1929 successu
1812 1885 1919 1929 suo
1937 1876 2145 1929 contra
2161 1870 2527 1930 Fridericum
2539 1870 2841 1946 quondam
2856 1872 3265 1946 imperatorem
3282 1873 3509 1948 scribit,

1523 1968 1874 2041 nuntiatque
1909 1983 2108 2044 regem
2151 1967 2439 2026 Franciae
2484 1982 2767 2044 magnum
2805 1969 3131 2027 exercitum
3159 1985 3507 2044 convocare,

702 1787 738 1839 2
760 1779 916 1858 julii.

1521 2079 1643 2138 qao
1664 2063 1897 2123 facilius
1910 2081 2103 2124 novus
2123 2081 2224 2123 rex
2244 2065 2647 2124 Romanorum
2671 2066 2734 2124 in
2755 2063 3070 2124 Germania
3083 2066 3357 2143 eligatur.
3392 2077 3502 2129 551

1035 2163 1342 2244 Lugduni.
1445 2190 1520 2203 —-
1562 2160 1906 2235 Praeposito
1941 2160 2016 2219 de
2051 2159 2366 2238 Olemberg
2401 2160 2645 2219 mandat
2681 2160 2842 2236 quod
2877 2160 3144 2219 homines
3170 2161 3246 2221 de
3271 2161 3510 2224 Subritz

1519 2262 1580 2315 et
1605 2256 1678 2315 de
1704 2257 1951 2317 Sarmon
1982 2257 2303 2335 villamque
2329 2260 2518 2334 ipsam
2544 2257 3005 2330 Lucernensem,
3036 2260 3149 2316 nisi
3173 2275 3208 2316 a
3226 2258 3507 2322 fidelitate

1516 2354 1800 2414 Friderici
1848 2354 2160 2425 recedant.
2220 2357 2844 2415 excommunicationis
2907 2356 3234 2414 sententiae
3281 2373 3505 2432 suppo-

1514 2457 1643 2512 nat.
3386 2463 3500 2516 567

1035 2556 1334 2634 Lugduni.
1434 2582 1516 2596 -
1555 2550 1729 2610 Petro
1764 2550 1967 2610 Sancti
2007 2548 2241 2627 Georgii
2280 2550 2356 2608 ad
2385 2550 2600 2612 Velum
2627 2551 2888 2611 Aureum
2931 2552 3177 2612 diacono
3217 2552 3503 2611 cardinali

1510 2647 1754 2707 mandat
1796 2648 1956 2724 quod
1999 2646 2500 2723 archiepiscopum
2550 2646 3121 2726 Magdeburgensem
3157 2649 3261 2724 qui
3289 2650 3503 2707 matri-

1511 2747 1777 2804 monium
1810 2747 1959 2803 inter
1984 2744 2347 2804 Fridericum
2379 2751 2439 2803 et
2465 2741 2646 2802 filiam
2674 2743 2843 2803 ducis
2866 2746 3160 2806 saxoniae
3190 2750 3495 2826 procurat,

1509 2857 1739 2901 necnon
1783 2843 2191 2902 Pataviensem
2235 2857 2307 2901 ac
2355 2842 2794 2918 Frisingensem
2833 2844 3136 2919 episcopos
3175 2842 3253 2901 ad
3287 2842 3498 2903 Sedem

1509 2940 1908 3017 Apostolicam
1933 2942 2104 3013 citet,
2134 2944 2249 2999 etc.
3380 2948 3498 3000 574

680 2171 758 2227 28
781 2179 917 2247 aug.

688 2559 764 2610 aa
792 2559 911 2636 oet.

679 3044 750 3096 ¹9
768 3050 908 3098 noV.
955 3060 956 3067 ¹

1026 3034 1330 3118 Lugduni.
1428 3064 1511 3082 -—-
1549 3038 1999 3113 Archiepiscopo
2036 3038 2390 3114 Maguntino
2434 3044 2496 3097 et
2534 3039 2777 3097 caeteris
2804 3037 3188 3098 Alamanniae
3219 3038 3497 3113 praelatis

1508 3136 1713 3195 scribit
1741 3136 1816 3195 dc
1849 3135 2131 3194 electione
2158 3135 2445 3194 Willclmi
2472 3137 2705 3194 comitis
2733 3135 3082 3195 Hellandiac
3108 3141 3168 3195 et
3192 3152 3299 3212 pro
3326 3140 3495 3194 tanto

687 3185 910 3263 ¹248
1506 3236 1740 3310 negotio
1768 3234 2016 3291 viriliter
2041 3232 2529 3291 consummando.
3374 3240 3490 3292 575

679 3337 895 3408 251an.
1022 3329 1320 3409 Lugduni.
1428 3361 1507 3373 -—
1545 3329 2069 3406 Archipresbytero
2093 3329 2168 3387 de
2197 3329 2531 3388 Curtenova
2562 3335 2622 3387 et
2648 3328 2903 3389 Roberto
2928 3328 3005 3388 de
3032 3329 3294 3406 Corrigia
3311 3345 3495 3389 cano-·

1504 3429 1641 3486 nico
1676 3427 1990 3503 Reginensi
2043 3425 2292 3484 mandat
2329 3431 2398 3484 ut
2451 3427 2992 3486 excommunicatos
3026 3426 3375 3485 denuntient
3413 3428 3484 3487 R.

1501 3523 1804 3599 quondam
1831 3524 2083 3597 priorem
2114 3522 2453 3581 Columbari
2494 3528 2554 3582 et
2583 3522 2763 3600 hujus
2802 3526 3096 3598 prioratus
3132 3523 3483 3599 monachos,

1501 3636 1727 3679 necnon
1756 3620 1830 3679 G.
1861 3618 2050 3677 fllium
2078 3619 2399 3678 Benacursi
2431 3618 2505 3677 de
2531 3619 2754 3678 Palude
2772 3661 2789 3689 ,
2820 3625 2938 3678 etc.
3369 3629 3487 3681 584

1371 3764 1384 3778 .
1432 3749 1499 3760 -
1540 3718 1873 3777 Brixienses
1898 3716 2169 3774 hortatur
2207 3721 2276 3774 ut
2303 3716 2534 3774 devicto
2564 3721 2703 3774 ante
2734 3717 3006 3775 Parmam
3041 3716 3336 3776 Friderico
3361 3734 3486 3778 non

1498 3812 1902 3881 obdormiant,
1944 3811 2047 3870 sed
2085 3812 2334 3870 viriliter
2368 3818 2681 3885 assurgant
2711 3813 2776 3869 in
2802 3811 3203 3871 defensionem
3230 3816 3485 3875 civitatis

1497 3911 1678 3986 hujus
1716 3916 1922 3969 contra
1947 3915 2271 3983 tyrannum
2299 3915 2562 3967 extrema
2592 3907 2849 3967 remedia
2878 3909 3235 3971 molientem.
3364 3921 3478 3972 600

955 4054 1380 4075 .......
1420 4040 1496 4050 -
1536 4006 1836 4067 Fidelibus
1867 4006 2177 4075 Ecclesiae,
2209 4003 2452 4063 forsitan
2482 4006 2845 4079 MantuaniS‚
2880 4005 3084 4064 scribit
3110 4012 3176 4065 ut
3200 4008 3478 4068 Parmen-

947 4098 952 4147 ἶ
1494 4104 1657 4163 sibus
1682 4104 1878 4162 inedia
1915 4103 2279 4177 consumptis
2311 4100 2575 4159 celeriter
2601 4100 3005 4176 provideatur.
3361 4113 3476 4165 602

649 4211 706 4262 1⁰
739 4205 913 4280 april.
1014 4206 1313 4283 Lugduni.
1363 4268 1370 4273 ,
1422 4230 1492 4247 --
1536 4201 1629 4260 Ad
1656 4202 1953 4277 querelam
1981 4198 2233 4258 Conradi
2262 4200 2492 4257 comitis
2529 4200 2601 4258 de
2629 4198 3027 4274 Wasserburg
3053 4201 3472 4277 crucesignati,

1492 4301 1776 4376 episeopis
1820 4298 2101 4358 Bavariae
2148 4296 2396 4355 mandat
2427 4296 2590 4372 quod
2631 4295 2843 4354 ducem
2898 4296 3183 4355 Bavariae
3231 4305 3291 4357 et
3329 4299 3477 4361 alios

1491 4396 1759 4458 infideles
1784 4395 2077 4454 Ecclesiae
2099 4396 2202 4469 qui
2233 4399 2427 4452 castra
2455 4399 2514 4451 et
2543 4394 2932 4468 possessiones
2960 4394 3223 4470 ejusdem
3242 4399 3475 4458 comitis

1489 4498 1863 4563 invaserunt,
1892 4509 1994 4567 per
2019 4492 2684 4550 excommunicationem
2716 4496 2999 4552 coerceat.
3354 4503 3471 4555 61⁰

1361 4639 1376 4655 .
1408 4624 1487 4639 —-
1528 4594 1921 4654 Bononienses
1949 4589 2185 4648 hortatu
2257 4588 2334 4647 ad
2367 4589 2762 4648 defensionem
2800 4588 3045 4648 Parmae
3071 4595 3130 4649 et
3156 4589 3232 4648 ad
3258 4594 3471 4652 remis·

1487 4694 1712 4752 sionem
1739 4687 2126 4764 quorumdam
2155 4608 2547 4761 imperialium
2578 4687 2945 4763 captivorum
2972 4688 3077 4763 qui
3103 4689 3165 4743 in
3187 4695 3470 4749 excentro

1488 4787 1890 4846 Parmensium
1919 4760 2277 4842 reluentdr.
3100 4789 3237 4852 610,
3271 4791 3397 4844 not.
3431 4794 3466 4845 2

673 3700 905 3777 [mart.]

653 3989 895 4068 [mart.]

689 4587 863 4677 [circa
952 4631 967 4649 .
1014 4634 1032 4652 .
1081 4634 1096 4651 .
1149 4635 1163 4650 .
1210 4636 1225 4651 .
1284 4636 1298 4654 .

675 4684 874 4768 april.]
