4525 6031
624 718 826 777 11111101,
857 715 954 792 4.]
1520 717 1915 781 HISTORIA
1965 717 2558 782 DIPLOMATICA.
3332 717 3453 779 867

629 849 1033 938 Guntheim‚
1075 851 1277 942 Nagil
1313 850 1400 922 de
1434 851 1893 925 Nittensheim
1914 907 1934 945 ,
1967 855 2306 926 Henricus
2331 854 2421 926 de
2455 851 2957 950 Eppilnsheim.
2992 851 3063 922 Si
3091 872 3259 923 vero
3296 874 3457 947 pars

629 973 1035 1045 eorumdem
1079 973 1335 1045 civium
1383 986 1625 1046 contra
1676 988 1954 1072 pactum
2002 978 2318 1071 ejusdem
2368 974 2739 1049 concordie
2788 973 3060 1046 venerit
3099 996 3253 1045 eam
3295 996 3457 1069 pre·

630 1097 1099 1191 sumptuosius
1149 1097 1621 1189 infringendO,
1676 1102 2044 1174 consilium
2105 1102 2323 1197 ipsius
2374 1100 2673 1173 civitatis
2734 1100 2966 1170 locum
3024 1097 3144 1189 qui
3206 1097 3460 1169 dicitur

630 1220 908 1292 Mandat
937 1220 1298 1292 intrabunt
1323 1222 1663 1311 similiter,
1700 1225 1791 1296 ab
1828 1225 2079 1297 eodem
2111 1225 2265 1298 loco
2299 1246 2441 1297 non
2475 1223 2811 1296 recessuri
2829 1221 3053 1293 donec
3079 1221 3227 1317 pari
3246 1241 3455 1315 pena,

630 1343 1094 1415 satisfactione
1124 1352 1194 1414 et
1220 1344 1502 1417 infamia
1528 1347 1784 1438 quibus
1816 1347 2041 1420 dictus
2070 1349 2491 1420 camerarius
2522 1347 2845 1419 astrictus
2872 1355 3002 1434 est,
3041 1345 3464 1416 satisfaciant

630 1475 710 1539 ut
761 1476 1107 1538 tenentur.
1166 1468 1252 1539 Et
1286 1468 1345 1540 si
1394 1469 1762 1561 contigerit
1806 1471 2110 1566 aliquem
2164 1471 2326 1543 XIX
2366 1473 2758 1564 juratorum
2804 1469 3272 1564 predictorum
3301 1490 3461 1540 cum

630 1590 876 1662 eodem
923 1590 1279 1685 Philippo,
1331 1592 1479 1664 sive
1519 1593 2026 1688 predictorum.
2051 1617 2182 1667 sex
2226 1595 2349 1689 qui
2398 1594 2599 1667 electi
2627 1592 2905 1666 suntad
2931 1591 3461 1664 discernendam

627 1713 990 1785 veritatem
1037 1713 1125 1785 de
1169 1715 1572 1788 excessibus
1613 1717 1830 1812 partis
1880 1718 2244 1812 utriusque
2265 1772 2284 1808 ,
2342 1719 2488 1814 sive
2532 1719 2876 1790 dictorum
2915 1702 3461 1788 consiliariorum

626 1837 1286 1926 wormaciensium,
1325 1841 1614 1911 mortale
1657 1841 1995 1913 tributum
2023 1843 2287 1929 subire,
2320 1842 2552 1914 statim
2596 1841 2775 1912 alius
2822 1841 2974 1911 loco
3004 1839 3219 1936 ipsius
3251 1838 3464 1910 debet

631 1960 779 2032 sine
811 1981 1004 2033 mora
1036 1962 1346 2053 qualibet
1372 1964 1737 2056 subrogari
1767 1975 1847 2036 ut
1873 1968 2272 2037 nullatenus
2300 1965 2705 2037 eorumdem
2729 1986 3061 2034 numerus
3081 1964 3456 2034 minuatur.

630 2085 733 2156 De
776 2085 1082 2176 quodam
1123 2096 1359 2157 autem
1396 2100 1623 2182 'puero
1674 2087 1796 2183 qui
1826 2088 1895 2160 in
1926 2088 2251 2161 conflictu
2281 2098 2431 2161 orte
2455 2088 2799 2161 discordie
2828 2086 3097 2159 occisus
3126 2099 3270 2175 est,
3309 2086 3465 2157 talis

630 2208 996 2302 promissio
1046 2210 1425 2309 intervenit
1474 2210 1665 2304 quod
1704 2211 1931 2285 dictus
1970 2212 2353 2308 Phylippus
2395 2233 2767 2308 procurare
2803 2220 3079 2282 tenetur
3110 2219 3189 2281 ut
3221 2230 3464 2281 omnes
3582 2214 3599 2228 ’

632 2333 1129 2423 consanguinei
1177 2344 1247 2404 et
1300 2334 1503 2406 amici
1568 2334 1882 2427 ejusdem
1948 2335 2146 2430 pueri
2198 2357 2292 2406 ex
2324 2348 2521 2432 parte
2548 2335 2789 2407 matris
2824 2334 3172 2405 remittere
3205 2332 3463 2405 debent

632 2476 809 2550 puro
836 2456 1047 2528 corde
1074 2478 1353 2529 omnem
1392 2480 1654 2530 noxam
1682 2460 2018 2532 adversus
2048 2460 2431 2554 quemlibet
2466 2462 2589 2555 qui
2617 2461 2705 2531 de
2732 2458 2946 2554 ipsius
2977 2468 3200 2529 morte
3228 2469 3463 2553 posset

630 2579 878 2651 merito
908 2581 1268 2651 conveniri
1286 2635 1304 2671 ‚
1343 2591 1414 2653 et
1442 2593 1614 2677 aput
1640 2583 2193 2675 consanguineos
2225 2582 2442 2678 patris
2477 2582 2692 2677 ipsius
2710 2581 2907 2677 pueri
2926 2579 3064 2652 fide
3085 2580 3269 2651 bona
3296 2598 3459 2673 par-

633 2711 738 2773 tes
769 2725 930 2774 suas
961 2704 1357 2800 interponet
1388 2716 1466 2776 ut
1502 2705 1816 2778 similiter
1848 2708 2111 2779 nullam
2142 2707 2526 2778 vindictam
2557 2707 2646 2779 de
2677 2717 2901 2778 morte
2934 2703 3225 2800 predicti
3266 2703 3463 2798 pueri

632 2847 926 2919 querere
956 2828 1352 2899 moliantur.
1388 2830 1713 2901 Preterea
1741 2831 2034 2922 quilibet
2066 2831 2383 2925 captivus
2417 2830 2744 2902 detentus
2776 2852 2901 2924 per
2927 2829 3114 2900 cives
3143 2829 3460 2898 Warma-

636 2948 904 3042 cieuses
934 2951 1054 3045 qui
1088 2952 1157 3022 in
1189 2950 1435 3024 eodem
1469 2951 1794 3025 conflictu
1826 2954 2008 3050 capti
2040 2955 2356 3045 fuerunt,
2389 2953 2727 3046 jurabunt
2758 2976 2918 3026 cum
2947 2962 3246 3046 quatuor
3279 2947 3455 3034 aliis,

637 3084 706 3144 et
753 3074 1097 3168 Rupertus
1149 3076 1270 3169 qui
1324 3076 1577 3148 dicitur
1614 3098 1847 3149 comes
1897 3079 2215 3149 Hirsutus
2246 3101 2407 3149 cum
2440 3079 2747 3171 quinque
2776 3078 2930 3149 aliis
2959 3098 3232 3162 secum,
3272 3073 3463 3167 quod

633 3197 897 3269 1111113111
928 3199 1306 3270 vindictam
1337 3201 1429 3273 de
1459 3202 1763 3296 ipsorum
1796 3203 2117 3297 captione
2149 3204 2264 3273 vel
2298 3203 2386 3273 de
2419 3202 2742 3296 dampnis
2774 3201 2981 3272 illatis
3013 3200 3112 3270 eis
3139 3206 3466 3290 quereret

634 3321 746 3392 vel
779 3323 977 3413 queri
1002 3325 1208 3395 faciet
1236 3324 1575 3397 adversus
1601 3309 2188 3398 warmaciensem
2225 3326 2631 3421 episcopum
2670 3327 2777 3397 vel
2813 3326 3001 3397 cives
3031 3323 3376 3414 ejusdem,
3395 3329 3469 3390 et

633 3464 911 3540 semper
947 3447 1036 3519 de
1068 3457 1304 3521 cetero
1336 3450 1520 3520 bona
1553 3448 1691 3521 fide
1729 3471 1855 3545 pro
1887 3450 2127 3521 amicis
2157 3448 2517 3520 habebunt
2543 3450 2870 3535 eosdem3
2918 3461 2990 3518 et
3020 3446 3337 3519 similiter
3350 3445 3465 3534 ju-

633 3579 1025 3641 ramentum
1058 3572 1311 3643 facient
1337 3593 1579 3644 omnes
1607 3574 1864 3668 captivi
1891 3574 2012 3665 qui
2041 3573 2111 3644 111
2149 3574 2445 3646 vinculis
2474 3573 2721 3667 prefati
2753 3570 3113 3643 camerarii
3146 3569 3467 3641 detinen-

633 3702 773 3763 tur.
831 3693 1154 3767 Promisit
1215 3696 1503 3789 insuper
1566 3698 1754 3770 idem
1813 3698 2199 3792 Phylippus
2248 3698 2320 3768 in
2364 3697 2712 3793 presentia
2740 3705 2977 3768 nostra
3005 3695 3173 3767 dare
3208 3693 3470 3764 litteras

632 3825 910 3909 apertas
941 3816 1211 3888 civibus
1231 3819 1866 3892 Warmaciensibus
1896 3820 1969 3891 in
1994 3820 2248 3912 quibus
2278 3820 2540 3892 debent
2565 3819 2824 3914 apponi
2843 3817 3065 3910 sigilla
3088 3814 3469 3887 Eberhardi

633 3947 706 4009 et
735 3939 1004 4012 Ottonis
1037 3942 1327 4013 fratrum
1361 3942 1450 4014 de
1482 3942 1885 4034 Eberstein,
1928 3943 2259 4015 Friderici
2288 3943 2560 4015 comitis
2587 3943 2679 4015 de
2708 3943 3042 4034 Liningen
3065 3994 3087 4030 ‚
3124 3938 3469 4010 Silvestris

631 4063 904 4134 comitis
941 4074 1013 4136 et
1050 4065 1503 4138 Embichonis
1544 4064 1670 4138 filii
1702 4068 1847 4155 sui,
1886 4067 2192 4139 Heinrici
2217 4067 2420 4138 Irsuti
2453 4067 2762 4155 comitis,
2799 4063 3099 4137 Cunradi
3129 4062 3329 4134 Irsuti
3354 4083 3469 4132 co-

634 4185 857 4274 mitiS,
891 4187 1262 4260 Wernheri
1290 4189 1381 4261 de
1405 4189 1809 4280 Bollandia,
1860 4190 2159 4284 Philippi
2200 4190 2290 4263 de
2326 4190 2732 4261 Falcensten
2762 4187 2993 4259 fratris
3025 4186 3134 4258 sui
3155 4238 3174 4274 ,
3212 4186 3465 4255 Wern-

627 4308 778 4380 heri
806 4311 1099 4406 dapiferi
1128 4312 1218 4384 de
1246 4310 1479 4384 Alzeia
1499 4367 1518 4403 ,
1561 4314 1753 4407 quod
1786 4315 1844 4385 si
1876 4313 2258 4406 aliquando
2291 4314 2478 4384 idem
2515 4311 2895 4409 Phylippus
2920 4320 3164 4383 contra
3184 4318 3468 4403 pactum

625 4433 846 4529 ipsius
898 4436 1272 4509 concordie
1313 4437 1612 4526 venerit,
1659 4437 1953 4533 predicti
1989 4458 2233 4508 omnes
2285 4437 2666 4509 excludent
2700 4459 2861 4508 eum
2898 4457 2940 4506 a
2991 4432 3342 4505 consortio
3396 4440 3468 4502 et

563 4640 569 4647 ‚
628 4558 942 4630 amicicia
975 4582 1218 4632 eorum
1255 4583 1386 4632 nec
1419 4562 1484 4633 ei
1520 4562 1932 4656 prestabunt
1957 4561 2241 4654 aliquod
2269 4560 2609 4632 auxilium
2638 4570 2882 4632 contra
2907 4555 3462 4631 Warmacienses

631 4681 1007 4774 predictos·
1063 4684 1378 4755 Promisit
1416 4684 1703 4779 insuper
1746 4685 2162 4757 excellentia
2198 4695 2437 4756 nostra
2471 4685 2750 4777 utrique
2794 4684 3095 4778 partium
3126 4691 3206 4751 ut
3236 4679 3294 4751 si
3327 4678 3457 4749 ali·

632 4827 774 4897 qua
817 4808 1124 4902 ipsarum
1166 4809 1469 4903 partium
1520 4820 1762 4882 contra
1802 4819 2084 4905 pactum
2117 4809 2474 4881 nominate
2503 4809 2873 4882 concordie
2907 4805 3180 4880 venerit
3208 4813 3280 4876 et
3311 4823 3468 4875 eam
