4525 6031
630 1543 779 1600 [Circa
789 1545 996 1601 julium-l

1042 613 1162 675 782
2040 617 2469 680 FRIDERICI
2520 615 2867 678 SECUNDI
3482 614 3648 693 [An.
3685 610 3887 678 1250.‘

1040 749 1343 842 Virginis
1386 751 1744 847 possidere
1807 753 1878 824 in
1920 753 2123 826 Troia
2185 754 2431 826 decem
2485 751 2769 842 domOS,
2833 750 2964 823 tria
3012 750 3316 847 palacia,
3366 761 3527 824 octo
3575 750 3817 824 vineas
3841 803 3864 843 ,

1043 881 1340 965 quatuor
1366 872 1604 947 hortos
1633 886 1703 946 et
1738 876 2080 948 territoria
2106 897 2392 966 novem,
2419 895 2598 967 quae
2619 873 2843 946 eidem
2875 895 3002 969 per
3020 874 3425 967 judicialem
3459 876 3871 948 sententiam

1049 998 1534 1070 restituuntur.

1152 1538 1620 1650 Fridericus,
1660 1541 2183 1626 Romanorum
2230 1544 2672 1651 imperator,
2712 1542 2972 1626 comiti
3020 1542 3405 1627 Gualterio
3449 1544 3547 1627 de
3590 1544 3870 1627 Manu-

1044 1671 1248 1780 pello
1310 1675 1391 1754 in
1454 1675 1791 1758 Marchia
1861 1677 2257 1784 capitaneo
2336 1686 2588 1785 grates
2660 1675 2822 1785 agit
2880 1676 2977 1759 de
3048 1676 3473 1760 redditione
3550 1677 3867 1760 civitatis

1045 1802 1318 1907 Firmi,
1380 1831 1703 1889 monens
1757 1809 1966 1916 quod
2018 1808 2272 1916 ipsum
2328 1808 2427 1890 ad
2479 1832 2561 1889 se
2612 1833 2963 1890 revocare
2999 1833 3153 1890 non
3192 1808 3576 1917 proponit,
3630 1810 3869 1892 donec

1043 1935 1352 2044 plenam
1427 1939 1524 2021 de
1596 1938 2007 2021 rebellibus
2071 1939 2464 2022 victoriam
2516 1938 2892 2022 habuerit.
2958 1939 3068 2021 De
3130 1940 3617 2024 matrimonio
3670 1939 3869 2023 filiae

1046 2068 1392 2178 ejusdem
1429 2072 1726 2154 comitis
1772 2098 1950 2155 cum
1987 2071 2430 2155 marchione
2469 2073 2567 2154 de
2603 2071 3070 2183 Hohenburg
3104 2074 3563 2182 congaudet.

1211 2312 1403 2392 (Edit.
1427 2316 1486 2373 in
1514 2313 1683 2374 Petri
1712 2311 1782 2373 de
1808 2314 1940 2374 Vin.
1966 2314 2161 2393 epist„
2190 2314 2295 2375 lib.
2317 2313 2431 2386 111,
2457 2330 2588 2390 cap.
2608 2314 2867 2393 XXXV3
2896 2315 3033 2377 coll.
3055 2332 3192 2376 cum
3223 2314 3472 2376 codicib.
3490 2314 3644 2376 Bibl.
3670 2315 3863 2375 Cesar.

1289 2417 1699 2496 Paris.‚sonds
1740 2417 2221 2480 Sanc-omnin
2246 2416 2499 2497 Har-lay,
2530 2431 2596 2480 n⁰
2628 2428 2767 2491 455,
2798 2426 2857 2479 et
2866 2418 3051 2499 fonds
3075 2421 3491 2496 Nota-Dama,
3523 2430 3589 2481 n⁰
3618 2428 3756 2480 202.
3799 2420 3869 2481 In

1285 2526 1486 2586 codlee
1515 2525 1893 2585 Mediomont.
1925 2525 2223 2604 Phillipss.
2258 2526 2469 2586 titulus
2506 2526 2592 2584 lta
2625 2532 2907 2586 exaratur
2943 2527 3139 2587 comiti
3166 2526 3396 2588 Simoni
3402 2545 3437 2602 ,·
3475 2527 3636 2605 quod
3671 2528 3870 2587 minus

1288 2638 1494 2708 aptum
1518 2629 1924 2708 arbitramur.)

2446 2815 2474 2885 1

1149 3000 1335 3069 Inter
1368 2991 1829 3088 gratitudines
1879 2991 2090 3084 alias,
2133 3013 2272 3086 que
2304 2991 2485 3065 votis
2534 2991 2788 3064 nostris
2836 2991 3169 3064 accedere
3210 3001 3590 3087 potuerunt
3612 3046 3632 3078 ,
3675 2992 3864 3066 illam

1051 3121 1296 3193 habuit
1326 3119 1660 3191 serenitas
1697 3126 1934 3190 nostra
1966 3117 2365 3213 precipuam
2400 3116 2591 3211 quod
2631 3115 2938 3188 Marchia
2968 3114 3402 3188 Anconitana
3440 3126 3511 3188 et
3553 3116 3870 3189 Firmana

1052 3244 1381 3340 precipue
1414 3242 1698 3333 civitas,
1745 3262 1955 3335 quam
1993 3241 2384 3312 emulorum
2415 3250 2809 3312 nostrorum
2847 3240 3019 3311 falsa
3066 3240 3418 3333 suggestio
3458 3262 3500 3312 a
3536 3241 3868 3336 benepla-

1053 3367 1205 3439 citis
1239 3366 1491 3438 nostris
1518 3366 1844 3436 aberrare
1876 3373 2234 3456 coegerat,
2275 3373 2391 3434 tue
2427 3362 2950 3459 interpositione
2980 3363 3294 3455 virtutis,
3327 3364 3420 3436 ad
3453 3364 3634 3435 viam
3664 3364 3870 3436 recti-

1055 3487 1317 3561 tudinis
1371 3496 1443 3558 et
1491 3487 1584 3558 ad
1635 3486 1902 3558 cultum
1935 3495 2171 3558 nostre
2218 3483 2383 3557 fidei
2427 3507 2502 3558 se
2546 3486 2916 3559 convertit.
2964 3487 3078 3559 Ex
3115 3509 3256 3579 quo
3299 3496 3533 3582 preter
3576 3486 3713 3559 alia
3755 3496 3872 3559 tue

1053 3610 1445 3685 devotionis
1492 3609 1860 3702 obsequia,
1903 3630 2042 3701 que
2091 3617 2158 3680 te
2199 3609 2272 3680 in
2312 3619 2685 3705 conspectu
2731 3620 2967 3682 nostre
3019 3611 3396 3703 majestatis
3446 3608 3824 3682 clarificant
3844 3661 3866 3701 ‚

1052 3736 1187 3808 hec
1227 3734 1619 3831 specialiter
1651 3744 1717 3805 te
1753 3732 2112 3805 clariorem
2146 3732 2454 3805 efficiunt
2490 3743 2561 3804 et
2598 3733 2853 3805 nostris
2878 3733 3138 3806 obnixe
3169 3733 3551 3806 visceribus
3582 3733 3872 3827 impres-

1055 3870 1323 3933 serunt.
1365 3859 1554 3931 Licet
1578 3857 1788 3950 igitur
1818 3866 1936 3929 tue
1963 3855 2217 3929 devote
2269 3856 2546 3928 virtutis
2579 3856 3010 3950 experientia
3044 3856 3172 3928 sibi
3207 3856 3357 3951 ipsa
3388 3857 3479 3927 sit
3510 3856 3829 3928 stimulus
3847 3907 3869 3945 ,

1053 4006 1188 4059 nec
1243 3983 1635 4056 extrinseca
1682 3989 1877 4052 motu
1926 3978 2433 4052 exhortationis
2483 3979 2834 4071 indigeat,
2889 3978 3331 4051 devotionem
3391 3990 3621 4051 tamen
3681 3988 3872 4050 tuam

1054 4128 1419 4182 monemus
1450 4116 1521 4178 et
1547 4105 1908 4177 hortamur
1929 4113 2194 4175 attente
2224 4113 2570 4198 quatenus
2598 4124 2997 4198 processum
3030 4125 3123 4174 ex
3150 4101 3683 4197 precedentibus
3711 4102 3876 4174 acti-

1055 4230 1187 4314 bus
1212 4226 1789 4326 presentibusque
1823 4224 2259 4297 laudabiliter
2288 4225 2381 4297 ad
2409 4225 3025 4298 consummationis
3059 4225 3350 4317 gloriam
3381 4226 3623 4297 futura
3647 4223 3871 4296 conti·-

1055 4351 1342 4424 nuando
1373 4349 1745 4447 perducaS,
1770 4358 1850 4418 ut
1873 4347 2051 4418 sicut
2077 4346 2148 4418 in
2176 4345 2283 4418 his
2306 4368 2443 4440 que
2478 4358 2593 4419 tue
2617 4347 2954 4420 industrie
2984 4349 3477 4440 commisimus,
3510 4348 3873 4441 hucusque

1059 4474 1451 4571 quievimus
1466 4526 1486 4564 ,
1525 4471 1723 4543 sicin
1754 4469 1863 4542 his
1889 4491 2027 4563 que
2061 4469 2378 4542 facienda
2408 4480 2782 4566 supersunt
2815 4471 2889 4543 in
2919 4482 3274 4566 posterum
3310 4471 3771 4567 quiescamus.
