4525 6031
1776 688 2398 750 Annl'rAMENTA.
3381 690 3508 752 903

674 828 1114 892 sacrosancte
1135 820 1447 893 Romane
1482 823 1787 896 Ecclesie
1834 846 2106 897 summo
2162 824 2508 921 pontifici,
2564 827 2676 914 B.,
2737 826 2983 898 eadem
3028 827 3249 919 gratia
3305 828 3505 898 Hun-

672 942 904 1034 garie,
978 944 1354 1034 Dalmatie,
1405 946 1806 1038 Choroatie,
1855 949 2108 1041 Rame,
2175 950 2450 1039 Servie,
2518 949 2788 1022 Gallitie
2842 951 3283 1043 Cumaneque
3332 972 3497 1041 rex,

675 1064 954 1137 filialem
1004 1068 1075 1138 in
1118 1070 1445 1141 omnibus
1486 1072 1947 1143 reverentiam
1994 1084 2074 1145 ut
2121 1074 2429 1146 debitam
2458 1075 2557 1145 sic
2599 1073 2949 1145 devotam.
2988 1075 3250 1145 Summi
3282 1074 3502 1145 Patris

671 1190 1054 1284 sapientia,
1108 1192 1458 1285 attingens
1500 1215 1542 1265 a
1595 1194 1734 1266 fine
1771 1218 1994 1291 usque
2049 1197 2141 1269 ad
2185 1196 2397 1269 finem
2444 1198 2712 1269 fortiter
2757 1208 2829 1269 et
2859 1197 3237 1293 disponens
3266 1199 3500 1269 omnia

674 1315 1009 1407 suaviter,
1081 1337 1406 1411 sponsam
1468 1339 1666 1389 suam
1739 1321 2154 1412 Ecclesiam,
2224 1344 2368 1393 uon
2427 1299 2802 1393 habentem
2869 1324 3213 1393 maculam
3272 1343 3498 1414 neque

675 1459 959 1531 rugam,
1008 1440 1437 1536 redemptam
1492 1444 1803 1537 precioso
1852 1466 1979 1517 suo
2022 1446 2363 1538 sanguine
2405 1468 2616 1539 quem
2642 1445 2731 1517 de
2769 1447 2982 1517 latere
3012 1467 3137 1517 suo
3166 1445 3501 1540 produxit

675 1561 744 1632 in
769 1564 994 1635 crucis
1022 1565 1332 1659 patibulo
1355 1620 1375 1658 ,
1413 1567 1506 1638 ad
1542 1567 1675 1639 hoc
1706 1591 1916 1664 super
1961 1568 2230 1641 firmam
2262 1579 2534 1665 petram
2567 1570 2859 1642 fundare
2887 1568 3146 1659 voluit,
3173 1590 3264 1639 ne
3303 1579 3499 1663 porte

675 1686 882 1756 Inferi
926 1687 1262 1760 adversus
1309 1710 1464 1761 eam
1513 1692 1956 1786 prevalentes
2011 1695 2230 1789 ipsam
2287 1694 2541 1766 faciant
2581 1693 2953 1784 ancillare,
3008 1703 3079 1764 et
3109 1693 3501 1788 specialiter

672 1810 885 1894 solius
939 1813 1122 1883 Petri
1166 1834 1250 1884 ac
1299 1835 1777 1886 successorum
1832 1817 1984 1908 ejus
2031 1818 2347 1910 regimini
2385 1817 2853 1907 committere,
2886 1827 2966 1888 ut
2999 1838 3243 1888 omnes
3274 1815 3393 1909 qui
3423 1838 3497 1888 se

674 1954 840 2005 vere
874 1937 1189 2027 ejusdem
1236 1938 1543 2010 Ecclesie
1595 1938 2009 2034 profitentur
2052 1939 2265 2031 filios,
2318 1941 2545 2012 eidem
2577 1951 2906 2034 tanquam
2935 1941 3243 2011 membra
3291 1941 3497 2035 capiti

677 2057 1005 2132 obediant
1036 2080 1119 2132 ac
1141 2062 1502 2155 utriusque
1524 2062 1822 2135 hominis
1853 2065 2393 2137 consolationem
2422 2063 2809 2136 fiducialius
2834 2064 3168 2159 recipiant
3187 2075 3497 2158 tempore

672 2194 1090 2277 opportuno.
1144 2187 1354 2258 Porro
1416 2209 1576 2257 cum
1616 2188 1852 2259 divina
1891 2189 2364 2283 providentia,
2421 2210 2559 2282 que
2606 2189 2677 2258 in
2719 2188 2825 2260 sui
2868 2188 3320 2283 dispositione
3353 2208 3495 2259 non

670 2307 957 2400 fallitur,
998 2330 1125 2381 vos
1151 2309 1244 2381 ad
1275 2310 1545 2405 apicem
1575 2311 1784 2404 hujus
1816 2311 2168 2405 dignitatis
2202 2313 2488 2404 elegerit
2517 2334 2782 2404 nosque
2802 2310 2901 2408 (a)
2921 2333 3495 2403 recognoscamus

669 2454 911 2504 omnes
938 2443 1410 2506 antecessores
1445 2446 1721 2508 nostros
1757 2446 1829 2508 et
1860 2437 2319 2532 nosmetipsos
2347 2436 2556 2507 fuisse
2592 2457 2866 2530 semper
2894 2445 2965 2506 et
2998 2458 3148 2506 esse
3179 2436 3492 2526 ejusdem

672 2556 979 2629 Ecclesie
1014 2558 1455 2630 obedientem
1497 2558 1716 2631 fllium
1764 2571 1835 2632 et
1880 2561 2208 2633 devotum
2252 2559 2434 2656 (sic),
2477 2559 2848 2654 specialem
2875 2557 3165 2651 figentes
3190 2559 3262 2629 in
3298 2559 3499 2631 vobis

669 2681 818 2775 spei
855 2682 1271 2773 anchoram,
1320 2685 1633 2779 oppressi
1689 2707 2118 2780 paganorum
2159 2683 2602 2755 multitudine
2653 2682 2773 2776 qui
2805 2685 3123 2754 Tartaros
3151 2704 3226 2754 se
3254 2683 3497 2777 appel·

670 2805 817 2876 lant
861 2805 994 2877 hiis
1035 2808 1423 2878 novissimis
1474 2810 1940 2903 temporibus,
1992 2830 2122 2880 nec
2171 2809 2488 2880 valentes
2524 2829 2651 2902 per
2691 2829 2819 2879 nos
2852 2816 2923 2877 et
2953 2815 3227 2877 nostros
3255 2827 3496 2876 eorum

668 2928 952 3000 obviare
988 2931 1387 3022 conatibus,
1420 2930 1552 3001 nisi
1586 2933 1741 3002 freti
1767 2941 2000 3003 vestro
2038 2942 2108 3003 et
2135 2931 2440 3003 Ecclesie
2472 2952 2556 3002 ac
2580 2930 3075 3003 catholicorum
3105 2930 3494 3025 principum

666 3054 965 3143 auxilio,
1022 3055 1316 3127 Domino
1376 3055 1678 3151 desuper
1712 3056 2128 3149 adjuvante,
2203 3057 2514 3127 misimus
2571 3056 2663 3127 ad
2722 3055 2960 3127 sedem
3024 3056 3494 3150 Apostolicam

667 3178 892 3273 primo
933 3179 1403 3250 venerabilem
1432 3190 1698 3274 patrem
1729 3179 2133 3275 episcopum
2161 3179 2598 3251 Waciensem
2625 3177 2727 3275 (l)
2764 3201 2892 3274 pro
2934 3179 3494 3251 tribulationibus

667 3304 1013 3395 Hungarie
1062 3324 1146 3374 ac
1190 3302 1639 3375 ecclesiarum
1670 3302 1916 3375 Christi
1960 3303 2129 3375 inibi
2168 3303 2620 3375 existentium
2674 3302 3090 3374 exterminio
3128 3324 3491 3397 exponen·

666 3425 808 3517 dis,
847 3427 1157 3498 secundo
1189 3429 1440 3498 Lucam
1459 3479 1479 3515 ,
1509 3427 1937 3522 prepositum
1957 3427 2331 3499 Icuriensis
2355 3428 2646 3499 ecclesie
2664 3480 2684 3518 ,
2711 3438 2782 3499 et
2812 3426 3241 3521 Stephanum
3267 3426 3495 3498 archi·

666 3550 1037 3622 diaconum
1083 3552 1241 3644 qui,
1290 3561 1368 3622 ut
1413 3552 1922 3641 intelleximus,
1975 3564 2139 3625 sunt
2170 3552 2377 3624 maris
2408 3552 2728 3623 fluctibus
2753 3550 3109 3646 prefocati.
3147 3552 3325 3622 Ecce
3343 3551 3491 3642 jam

669 3675 869 3746 tertio
918 3675 1228 3746 misimus
1271 3674 1363 3746 ad
1401 3684 1702 3747 vestram
1742 3675 2226 3769 paternitatem
2264 3675 2654 3747 carissimos
2688 3688 2959 3747 nostros
2988 3675 3232 3746 fratres
3255 3674 3491 3770 predi-

665 3811 969 3890 catoreS,
1003 3801 1257 3871 latores
1287 3800 1713 3895 presentium
1735 3853 1755 3891 ,
1789 3800 1878 3871 de
1906 3821 2189 3870 suorum
2223 3800 2583 3870 voluntate
2616 3807 2688 3870 et
2718 3798 3152 3892 beneplacito
3186 3801 3493 3894 prelato·

665 3945 817 3993 rum
839 3950 860 4013 ς
882 3924 1349 4019 supplicantes
1362 3933 1593 3995 vestre
1613 3923 2007 4018 paternitati
2027 3934 2372 4017 quatenus
2393 3921 2773 3993 ascendant
2789 3921 2880 3992 ad
2894 3944 3015 3994 cor
3031 3932 3260 3994 vestre
3285 3944 3491 3994 sanc·

666 4047 879 4118 titatis
906 4047 1203 4140 gemitus
1229 4048 1782 4142 compeditorum
1803 4101 1823 4139 ,
1842 4048 2185 4139 singultus
2204 4046 2621 4117 merentium
2640 4045 3044 4137 viduarum,
3066 4046 3491 4141 pupillorum

664 4181 737 4241 et
774 4170 1245 4266 orphanorum
1269 4224 1289 4262 ,
1342 4171 1645 4243 maxime
1699 4173 1886 4242 zelus
1921 4169 2226 4243 Ecclesie
2257 4170 2459 4261 cujus
2491 4169 2769 4240 novella
2795 4168 3130 4264 plantatio
3158 4171 3385 4241 fuerat
3416 4170 3488 4240 in

665 4294 1014 4387 Hungaria
1046 4316 1136 4366 ne
1183 4304 1324 4367 tam
1373 4293 1858 4366 miserabiliter
1910 4294 2189 4389 penitus
2236 4292 2656 4388 extirpetur,
2710 4292 2963 4364 milites
3003 4293 3123 4387 qui
3161 4293 3383 4365 sciant
3419 4303 3496 4366 et

751 4443 832 4521 (a)
879 4445 950 4504 In
977 4447 1146 4521 copia
1171 4420 1243 4506 L.
1274 4444 1347 4504 de
1374 4443 1586 4505 Barive
1611 4460 1836 4524 vosque.

737 4704 814 4777 (4)
851 4704 932 4763 Cf.
959 4706 1237 4781 epistolam
1261 4706 1444 4765 datam
1462 4706 1757 4779 Zagrabiae
1777 4704 2010 4779 (Agram)
2044 4708 2111 4762 48
2133 4706 2259 4763 maii
2277 4706 2439 4776 4241,
2466 4721 2557 4780 ap.
2578 4705 2776 4775 Fama,
2801 4703 2933 4763 Cod.
2957 4703 3181 4779 diplom.
3213 4705 3491 4779 limmat,

661 4817 789 4875 pars
815 4802 906 4875 tv,
938 4820 994 4879 p.
1021 4805 1148 4878 2⁴4,
1176 4810 1439 4880 utsupra,
1469 4805 1683 4862 Hister.
1710 4802 2024 4878 diplomat„
2055 4809 2097 4861 t.
2126 4804 2196 4876 V,
2230 4820 2286 4877 p.
2315 4804 2478 4876 ΜΗ,
2513 4804 2674 4866 4442,
2705 4805 2867 4861 4150.
