4525 6031
700 689 904 749 Iunior.
929 685 1028 768 9.]
1592 677 1984 740 HISTORIA
2033 676 2623 743 DIPLOMATICA.
3401 692 3523 758 807

702 824 892 896 ditur
934 844 977 893 a
1017 819 1363 892 maritima
1411 816 1621 888 Terre
1645 815 1804 887 Bari
1833 836 2057 908 usque
2094 814 2188 887 ad
2227 816 2691 907 Polinianum,
2734 827 2806 890 et
2831 820 3058 916 ipsum
3088 825 3520 900 Polinianum

702 967 862 1019 cum
899 945 1098 1017 terris
1133 942 1457 1015 omnibus
1489 962 1529 1011 a
1572 939 1930 1011 Poliniano
1962 959 2091 1035 per
2131 947 2348 1011 totam
2394 941 2807 1013 Maritimam
2859 965 3084 1039 usque
3124 949 3216 1021 ad
3267 950 3523 1024 dictam

702 1079 976 1165 portam
1025 1066 1297 1155 Roseti,
1340 1063 1603 1136 scilicet
1639 1061 2071 1151 civitatibus,
2118 1061 2362 1133 castris
2403 1073 2476 1133 et
2521 1064 2705 1135 villis
2754 1065 2934 1137 infra
2959 1070 3328 1161 contentiS,
3363 1094 3520 1145 cum

573 1250 582 1253 v
701 1192 1025 1265 omnibus
1065 1188 1390 1283 justiciis»,
1450 1184 1884 1282 pertinentiis
1924 1193 1995 1254 et
2043 1183 2425 1256 rationibus
2464 1186 2786 1259 omnibus
2833 1197 2974 1259 tam
3009 1191 3225 1286 ipsius
3266 1195 3521 1287 princi·

701 1324 908 1411 patus
952 1335 1162 1406 quam
1225 1311 1675 1384 comitatuum
1717 1307 2215 1403 predictorum.
2275 1308 2730 1381 Concedimus
2791 1312 2999 1383 etiam
3059 1316 3285 1387 eidem
3353 1319 3522 1390 civi-

701 1448 919 1512 tatem
944 1437 1194 1512 Montis
1228 1434 1460 1507 Sancti
1486 1431 1736 1526 Angeli
1766 1451 1925 1503 cum
1968 1438 2113 1503 toto
2152 1430 2418 1502 honore
2478 1453 2640 1523 suo,
2708 1435 3031 1507 omnibus
3087 1438 3517 1533 civitatibuS,

702 1563 948 1636 castris
1018 1571 1089 1634 et
1151 1560 1365 1651 villis,
1432 1559 1665 1649 terris,
1738 1554 2172 1651 pertinentiis
2241 1565 2314 1628 et
2366 1557 2650 1648 justitiis
2714 1569 2785 1630 et
2846 1561 3230 1635 rationibus
3294 1564 3523 1637 eidem

702 1685 949 1759 honori
1002 1681 1537 1781 pertinentibus,
1596 1678 1861 1751 scilicet
1907 1700 2045 1771 que
2096 1678 2185 1751 de
2243 1679 2568 1752 demanio
2612 1680 2685 1752 in
2733 1682 3129 1755 demanium
3164 1696 3234 1757 et
3262 1709 3401 1780 que
3433 1689 3523 1762 de

701 1809 989 1881 servitio
1029 1809 1102 1880 in
1149 1806 1531 1879 servitium.
1582 1801 2039 1877 Concedimus
2095 1802 2304 1874 etiam
2365 1814 2437 1875 et
2488 1803 2981 1879 confirmamus
3034 1808 3263 1881 eidem
3314 1810 3520 1904 quid-

701 1931 874 2024 quid
915 1929 1046 2003 sibi
1095 1931 1167 2002 in
1211 1928 1503 2025 imperio
1541 1936 1647 1999 est
1684 1948 1727 1997 a
1772 1935 2007 1997 nostra
2039 1926 2401 2017 majestate
2445 1947 2888 2018 concessum3
2932 1930 3030 2001 ita
3069 1940 3301 2004 tamen
3332 1934 3524 2027 quod

701 2055 1014 2150 predicta
1084 2054 1318 2126 omnia
1372 2074 1415 2125 a
1477 2052 1748 2148 prefato
1800 2048 2116 2122 Conrado
2172 2058 2408 2120 teneat
2461 2070 2544 2121 ac
2586 2051 2794 2122 etiam
2845 2067 3295 2146 recognoscat
3343 2087 3361 2130 ε
3410 2059 3524 2130 cui

699 2177 1061 2249 Manfredo
1102 2175 1498 2269 judicamus
1553 2173 1762 2245 etiam
1816 2194 1945 2267 pro
2005 2172 2332 2267 expensis
2386 2172 2530 2244 suis
2587 2173 2832 2245 decem
2888 2176 3101 2248 millia
3159 2179 3521 2251 unciarum

700 2288 878 2371 auri.
924 2339 1026 2355 —
1077 2301 1247 2372 Item
1301 2297 1667 2370 statuimus
1711 2295 1904 2389 quod
1943 2293 2332 2367 Fridericus
2375 2316 2595 2390 nepos
2639 2307 2877 2369 noster
2919 2298 3178 2372 habeat
3231 2302 3524 2376 ducatus

700 2423 978 2496 Austrie
1039 2433 1110 2495 et
1177 2422 1432 2518 Styrie,
1489 2443 1665 2515 quos
1721 2442 1764 2491 a
1797 2419 2111 2515 predicto
2141 2419 2456 2493 Conrado
2509 2431 2742 2492 teneat
2791 2430 2861 2493 et
2886 2437 3365 2517 recognoscat;
3411 2431 3524 2501 cui

699 2546 1049 2619 Friderico
1091 2544 1488 2639 judicamus
1543 2564 1671 2640 pro
1734 2543 2061 2638 expensis
2105 2544 2248 2615 suis
2309 2542 2554 2614 decem
2615 2543 2802 2615 milia
2828 2545 3188 2618 unciarum
3223 2551 3400 2623 auri.
3424 2593 3524 2607 —

700 2672 872 2743 Item
923 2670 1290 2742 statuimus
1329 2679 1410 2739 ut
1450 2666 1812 2740 Heinricus
1852 2665 2034 2738 filius
2075 2675 2312 2739 noster
2358 2666 2616 2738 habeat
2640 2689 2935 2760 regnum
2972 2669 3374 2745 Arelatense
3405 2676 3522 2747 vel

701 2815 994 2886 regnum
1056 2791 1680 2864 lerosolimitanum
1697 2844 1716 2881 ,
1782 2811 2077 2885 quorum
2136 2789 2432 2861 alterum
2490 2790 2714 2862 dictus
2775 2791 3129 2864 Conradus
3178 2796 3520 2890 prefatum

699 2918 1098 2989 Heinricum
1152 2916 1411 2987 habere
1467 2913 1799 3005 voluerit3
1851 2914 1962 2985 cui
2005 2912 2326 2985 Heinrico
2359 2912 2754 3005 judicamus
2806 2925 3085 2988 centum
3146 2918 3334 2990 milia
3387 2943 3521 2992 un·

700 3041 964 3113 ciarum
995 3041 1146 3112 auri
1178 3062 1307 3136 pro
1358 3038 1709 3135 expensis.
1741 3078 1843 3092 —
1881 3038 2051 3109 Item
2094 3038 2460 3110 statuimus
2499 3048 2577 3108 ut
2627 3049 2907 3110 centum
2943 3040 3127 3112 milia
3158 3043 3519 3115 unciarum

700 3166 852 3237 auri
899 3162 1390 3260 expendantur
1428 3183 1555 3258 pro
1600 3163 1820 3233 salute
1860 3161 2091 3234 anime
2129 3172 2367 3233 nostre
2414 3161 2487 3231 in
2546 3161 2929 3261 subsidium
2983 3164 3189 3236 Terre
3238 3167 3516 3259 Sancte,

701 3289 1084 3361 secundum
1128 3287 1635 3360 ordinationem
1676 3285 1842 3357 dicti
1889 3284 2186 3357 Conradi
2242 3295 2312 3356 et
2356 3285 2649 3357 aliorum
2693 3286 3030 3357 nobilium
3079 3291 3519 3383 crucesigna-

704 3424 957 3485 torum.
982 3452 1083 3466 —
1126 3414 1308 3490 Item,
1330 3410 1695 3482 statuimus
1727 3418 1807 3480 ut
1832 3409 2063 3480 omnia
2090 3409 2275 3481 bona
2305 3409 2557 3480 milicie
2591 3410 2839 3480 domus
2863 3410 3128 3506 Templi
3157 3435 3295 3506 que
3328 3416 3518 3488 curia

699 3546 935 3608 nostra
989 3545 1207 3624 tenet,
1260 3534 1710 3606 restituantur
1755 3532 2011 3622 eidem,
2060 3554 2144 3604 ea
2174 3533 2436 3604 scilicet
2465 3554 2604 3625 que
2636 3532 2724 3604 de
2750 3534 2908 3625 jure
2938 3534 3198 3607 debent
3226 3537 3512 3611 habere.

700 3702 801 3716 —
844 3662 1016 3732 Item
1094 3659 1459 3732 statuimus
1524 3668 1604 3729 ut
1662 3657 1985 3729 omnibus
2055 3657 2364 3728 ecclesiis
2418 3665 2490 3727 et
2549 3655 2871 3729 domibus
2930 3660 3266 3752 religiosis
3329 3664 3521 3734 resti·

704 3796 986 3859 tuantur
1038 3785 1199 3876 jura
1245 3803 1482 3854 earum
1529 3790 1601 3853 et
1646 3779 1996 3873 gaudeant
2035 3781 2236 3852 solita
2288 3780 2630 3852 libertate.
2676 3820 2776 3834 —
2818 3783 2988 3852 Item
3029 3784 3393 3858 statuimus
3443 3797 3520 3860 ut

703 3909 1020 3982 homines
1082 3906 1278 3997 regni
1344 3905 1560 3976 nostri
1636 3903 1774 3975 sint
1831 3904 2031 3975 liberi
2091 3913 2163 3973 et
2219 3903 2527 3996 exempti
2573 3903 2663 3973 ab
2710 3904 3033 3976 omnibus
3080 3909 3520 3997 generalibus

703 4033 1037 4122 collectiS,
1079 4031 1258 4101 sicut
1305 4039 1821 4101 consueverunt
1866 4048 2016 4099 esse
2059 4036 2369 4120 tempore
2405 4025 2589 4118 regis
2632 4025 2979 4097 Guillelmi
3020 4028 3311 4100 secundi
3347 4052 3517 4102 con-
3562 4061 3579 4100 e

704 4156 965 4229 sobrini
993 4153 1240 4226 nostri.
1266 4154 1561 4223 —Item
1599 4150 1963 4223 statuimus
1994 4149 2186 4243 quod
2222 4149 2535 4238 comites,
2573 4149 2870 4220 barones
2907 4161 2977 4221 et
3011 4151 3263 4223 milites
3300 4164 3371 4225 et
3400 4155 3518 4225 alii

703 4278 1143 4375 pheudatarii
1182 4276 1378 4369 regni
1420 4275 1771 4369 gaudeant
1803 4272 2081 4366 juribus
2113 4273 2255 4343 suis
2288 4283 2358 4344 et
2386 4272 2771 4344 rationibus
2803 4273 3121 4345 omnibus
3163 4297 3301 4368 que
3349 4299 3519 4349 con-

700 4412 1078 4475 sueverunt
1129 4399 1391 4472 habere
1443 4407 1756 4492 tempore
1803 4396 1986 4489 regis
2039 4395 2384 4467 Guillelmi
2431 4396 2500 4465 in
2543 4396 2848 4467 collectis
2895 4407 2965 4467 et
3007 4397 3183 4468 aliis.
3217 4402 3515 4471 —Item
3569 4389 3576 4397 ’

703 4525 1066 4598 statuimus
1093 4533 1174 4594 ut
1207 4522 1494 4594 ecclesie
1526 4520 1809 4592 Lucerie
1843 4527 1913 4591 et
1945 4521 2113 4591 Sore
2144 4528 2215 4589 et
2240 4519 2296 4589 si
2327 4541 2463 4611 que
2492 4519 2623 4590 alie
2655 4520 2798 4591 lese
2832 4529 2996 4591 sunt
3030 4542 3156 4615 per
3188 4522 3516 4596 officiales

704 4662 1000 4739 nostros,
1054 4645 1450 4719 reficiantur
1499 4656 1570 4717 et
1623 4645 2097 4716 restituantur.
2141 4685 2226 4696 —
2273 4643 2442 4714 Item
2496 4644 2859 4716 statuimus
2908 4655 2986 4715 ut
3020 4654 3160 4716 tota
3187 4648 3515 4719 massaria

703 4781 937 4843 nostra
968 4791 1182 4865 quam
1215 4770 1554 4842 habemus
1584 4768 1772 4863 apud
1808 4769 2134 4839 Sanctum
2165 4766 2524 4838 Nicolaum
2560 4769 2652 4840 de
2678 4766 2928 4841 Aufido
2968 4780 3040 4841 et
3079 4790 3319 4843 omnes
3349 4794 3513 4868 pro·
