4525 6031
674 547 880 607 lutum.
912 543 1008 622 5.]
1574 537 1975 601 HISTORIA
2016 536 2615 601 DIPLOMATICA.
3392 537 3512 600 567

673 678 834 751 chio
863 679 1163 765 Lancee,
1196 671 1556 745 Eczelinus
1588 671 1680 743 de
1710 674 2051 763 Romano,
2089 672 2389 743 Ubertus
2425 670 2733 743 marchio
2769 671 3228 763 Pelavicinus,
3269 672 3513 744 Petrus

676 800 766 873 de
806 799 1121 873 Calabria
1165 794 1579 867 mariscallie
1619 805 1856 867 nostre
1898 794 2253 888 magister,
2291 794 2563 866 Tadeus
2602 793 2693 866 de
2742 795 2995 866 Suessa
3033 814 3283 887 magne
3321 796 3513 868 curie

676 931 913 994 nostre
933 920 1191 1013 judex,
1226 926 1298 989 et
1324 917 1441 988 alii
1470 918 1944 1011 quamplures.

774 1045 1067 1137 Signum
1096 1041 1361 1116 domini
1393 1040 1608 1113 nostri
1637 1038 1965 1111 Friderici
2007 1038 2133 1109 Dei
2168 1037 2395 1130 gratia
2426 1037 2855 1110 invictissimi
2881 1039 3350 1112 Romanorum
3377 1040 3511 1112 im·

679 1168 1018 1263 peratoris
1051 1186 1328 1259 semper
1359 1164 1660 1256 augusti,
1695 1163 2077 1235 Jerusalem
2109 1171 2181 1232 et
2213 1161 2443 1233 Sicilie
2471 1162 2680 1255 regiS.

773 1291 950 1365 Acta
982 1299 1148 1361 sunt
1177 1288 1309 1360 hec
1336 1309 1525 1361 anno
1552 1285 1901 1360 dominice
1926 1285 2421 1358 incarnationis
2444 1285 2810 1359 millesimo
2839 1286 3316 1358 ducentesimo
3348 1308 3515 1378 qua·

679 1415 1075 1509 dragesimo
1134 1413 1466 1508 septimo,
1516 1432 1756 1483 mense
1809 1410 2123 1503 augusti,
2171 1411 2231 1481 V
2285 1409 2716 1499 indictioniS,
2777 1410 3164 1503 imperante
3229 1409 3513 1483 domino

662 1548 919 1613 nostro
962 1536 1315 1612 Friderico
1354 1536 1482 1608 Dei
1520 1535 1742 1628 gratia
1789 1533 2237 1606 invictissimo
2275 1533 2745 1606 Romanorum
2779 1533 3196 1627 imperatore
3239 1555 3515 1628 semper

680 1670 1005 1754 augusto,
1034 1660 1416 1733 Jerusalem
1460 1669 1532 1730 et
1570 1658 1799 1731 Sicilie
1842 1678 2036 1748 rege,
2077 1657 2349 1750 imperii
2393 1658 2545 1749 ejus
2589 1677 2777 1728 anno
2811 1656 3142 1728 vicesimo
3186 1658 3508 1752 septimo,

681 1784 880 1878 regni
906 1785 1283 1856 Ierusalem
1309 1782 1640 1856 vicesimo
1666 1781 2003 1871 secunde,
2036 1780 2234 1873 regni
2265 1801 2435 1852 vero
2472 1780 2699 1851 Sicilie
2733 1779 3266 1874 quadragesimo
3294 1801 3509 1870 nono,

682 1907 1002 1980 feliciter.
1044 1906 1297 1979 Amen.

777 2032 1035 2102 Datum
1072 2031 1143 2101 in
1186 2030 1428 2102 castris
1458 2028 1532 2100 in
1564 2026 1927 2100 obsidione
1957 2026 2240 2116 Parme,
2272 2047 2497 2116 anno,
2528 2046 2768 2097 mense
2809 2034 2882 2098 et
2925 2025 3303 2099 indictione
3346 2048 3511 2123 pre·

683 2153 981 2248 scriptis.

789 2587 1271 2685 Innocentius
1343 2613 1544 2698 papa
1590 2587 2019 2696 praeposito
2070 2588 2168 2670 de
2227 2585 2642 2694 Olemberg
2697 2588 3013 2669 mandat
3080 2588 3290 2697 quod
3344 2589 3508 2672 ho-

686 2721 927 2803 mines
972 2722 1068 2803 de
1128 2719 1432 2802 Subritz
1502 2730 1577 2801 et
1645 2720 1741 2801 de
1796 2719 2087 2800 Sarnen
2142 2718 2561 2828 villamque
2613 2717 2860 2827 ipsam
2913 2720 3504 2829 Lucernensem,

685 2853 830 2933 nisi
891 2879 937 2934 a
993 2852 1292 2935 servitio
1348 2864 1424 2934 et
1478 2851 1837 2933 fidelitate
1898 2848 2257 2933 Friderici
2311 2851 2703 2959 quondam
2758 2851 3238 2959 imperatoris
3291 2880 3507 2937 rece-

682 2985 901 3092 dant,
940 2983 1741 3068 excommunicationis
1778 2993 1853 3066 et
1887 2983 2264 3067 interdicti
2301 2984 2713 3067 sententiae
2750 2995 3154 3095 supponat.

848 3199 1055 3279 (Edid.
1088 3202 1501 3276 sennarum,
1532 3197 1720 3260 Altae.
1752 3196 2077 3279 diplomat„
2108 3201 2428 3278 supplem„
2459 3217 2521 3277 p.
2553 3208 2693 3275 484,
2724 3218 2759 3262 e
2787 3202 2918 3261 cod.
2951 3201 3145 3263 Vatic.
3178 3207 3380 3278 7188.)

777 3385 1221 3456 Innocentius
1248 3386 1649 3480 episcopus,
1683 3404 1929 3457 servus
1959 3407 2323 3459 servorum
2348 3386 2513 3477 Dei,
2547 3386 2803 3458 dilecto
2829 3384 2998 3458 filio.
3044 3439 3062 3457 .
3107 3443 3122 3459 .
3171 3442 3188 3488 .·
3239 3442 3257 3460 .
3300 3446 3315 3461 .
3356 3413 3513 3485 pre-

682 3508 907 3604 posito
947 3509 1238 3580 ecclesie
1282 3509 1369 3580 de
1396 3509 1741 3581 Olimberc
1774 3509 2037 3581 ordinis
2068 3509 2287 3581 sancti
2315 3508 2720 3602 Augustini,
2752 3511 3143 3583 Basiliensis
3176 3512 3504 3608 diocesiS,

686 3631 981 3702 salutem
1025 3641 1094 3702 et
1124 3630 1574 3725 apostolicam
1606 3631 2193 3704 benedictionem.
2231 3632 2497 3704 Dilecto
2529 3631 2672 3706 filio
2714 3633 2929 3706 nobili
2957 3635 3109 3708 viro
3140 3637 3508 3733 Rodolpho

680 3755 954 3826 seniore
978 3755 1228 3827 comite
1262 3755 1352 3827 de
1379 3755 1766 3844 Habsburc‚
1798 3754 2055 3828 devoto
2081 3765 2350 3845 nostro,
2377 3757 2772 3851 accepimus
2805 3757 3167 3830 intimante
3196 3762 3388 3853 quod
3415 3762 3505 3833 de

681 3879 955 3950 Subritz
1000 3889 1072 3950 et
1123 3880 1211 3951 de
1255 3880 1521 3951 Samen
1572 3881 1884 3952 locorum
1933 3880 2251 3951 homines
2304 3881 2845 3952 Constantiensis
2891 3883 3188 3955 diocesis
3246 3886 3361 3977 qui
3416 3888 3510 3959 ad

680 4001 909 4095 ipsum
951 4001 1373 4073 hereditario
1409 4003 1569 4092 jure
1603 4011 1946 4095 spectant,
1981 4022 2025 4073 a
2055 4001 2389 4075 fidelitate
2435 4013 2505 4074 et
2548 4004 2856 4076 dominio
2898 4006 3210 4096 ejusdem
3249 4020 3507 4081 temere

681 4123 1117 4214 recedenteS‚
1142 4124 1489 4196 Friderico
1517 4125 1872 4218 quondam
1898 4125 2295 4220 imperatori
2324 4136 2481 4219 post
2505 4127 2716 4196 latam
2744 4125 2817 4196 in
2846 4126 3074 4219 ipsum
3105 4140 3174 4200 et
3206 4131 3510 4204 fautores

681 4269 844 4319 suos
891 4248 1630 4321 excommunicationis
1676 4250 2090 4322 sententiam
2141 4248 2460 4344 nequiter
2503 4249 2952 4323 adheserunt.
2989 4253 3076 4324 Et
3114 4253 3276 4327 licet
3315 4266 3506 4351 post·

679 4372 966 4445 modum
1000 4372 1190 4444 ducti
1218 4373 1504 4446 consilio
1540 4373 1823 4464 saniori,
1846 4373 2136 4467 prestito
2155 4374 2557 4465 juramento
2586 4372 2925 4446 firmarint
2954 4376 3146 4468 quod
3179 4380 3312 4450 sub
3343 4381 3508 4453 dicti

654 4495 953 4567 ,comitis
998 4495 1307 4568 dominio
1358 4497 1446 4568 de
1493 4508 1726 4569 cetero
1777 4497 2223 4593 persistentes
2243 4548 2264 4587 ,
2317 4497 2449 4592 ipsi
2500 4496 2849 4570 Friderico
2895 4500 3009 4570 vel
3057 4501 3263 4573 alicui
3308 4505 3509 4577 alteri

681 4631 923 4693 contra
948 4621 1178 4716 ipsum
1216 4620 1499 4700 minime
1535 4621 1929 4737 obedirent,
1962 4622 2173 4694 iidem
2212 4633 2445 4695 tamen
2472 4624 2853 4716 juramenti
2888 4624 3222 4717 religione
3253 4649 3337 4700 ac
3368 4630 3509 4703 lala
