4525 6031
626 675 826 732 lnmcr.
857 671 949 747 7.]
1522 667 1915 730 HISTORIA
1963 669 2550 731 DIPLOMATICA.
2785 723 2792 732 s
3315 669 3435 730 723

630 817 765 896 tur,
816 826 974 875 cum
1021 803 1562 899 depopulentur,
1600 813 1680 874 ut
1708 804 2062 895 asseritur,
2100 825 2142 875 a
2178 805 2546 899 predictiS,
2588 814 2793 900 prout
2822 806 3086 897 justum
3120 807 3329 878 fuerit
3362 807 3433 877 in

629 937 776 999 tuto
826 928 1037 998 facias
1091 927 1512 1019 sequestrari
1532 980 1552 1016 ,
1610 937 1690 998 ut
1731 937 2208 1000 consummato
2259 928 2621 1000 diffinitive
2665 928 2943 1021 negotio
2990 929 3101 999 cui
3149 929 3237 1001 de
3275 932 3434 1021 jure

631 1050 835 1121 fuerit
867 1051 1345 1145 applicentur3
1400 1050 1584 1121 diem
1632 1051 2013 1140 citationiS‚
2054 1053 2346 1122 formam
2390 1052 2816 1146 presentium
2841 1106 2860 1142 ‚
2906 1071 3139 1121 coram
3183 1052 3436 1144 quibus

633 1194 752 1244 eos
803 1173 1125 1244 citaveris
1164 1182 1236 1244 et
1282 1173 1472 1266 quod
1527 1173 1689 1245 inde
1739 1174 1982 1245 feceris
2036 1185 2273 1246 nostro
2318 1175 2603 1245 culmini
2650 1175 3132 1270 rescripturus,
3180 1177 3433 1246 Datum

632 1306 803 1391 aput
831 1294 1348 1385 Ficiochiclum,
1378 1297 1713 1388 vigesimo
1744 1296 2019 1392 apriliS,
2050 1297 2340 1392 septima
2372 1298 2776 1369 indictione.

727 1420 876 1511 Ego
914 1420 1169 1514 Coppia
1208 1419 1606 1491 Boncambii
1645 1420 1955 1491 notarius
1991 1421 2490 1515 suprascriptas
2530 1422 2795 1492 litteras
2833 1422 3055 1513 sigillo
3096 1422 3434 1516 imperiali

632 1543 934 1616 munitas
966 1542 1110 1614 vidi
1141 1553 1214 1614 et
1246 1542 1381 1634 legi
1408 1552 1478 1613 et
1503 1542 1842 1635 quidquid
1877 1543 1947 1612 in
1984 1543 2083 1613 eis
2125 1544 2456 1638 scriptum
2498 1543 2733 1614 inveni
2757 1596 2777 1632 ,
2814 1542 2928 1615 hic
2965 1543 3051 1615 de
3083 1545 3299 1616 verbo
3342 1545 3433 1616 ad

629 1668 921 1739 verbum
946 1665 1156 1736 nichil
1183 1664 1422 1736 addito
1451 1666 1568 1737 vel
1594 1666 1935 1738 diminuto
1971 1668 2043 1737 in
2075 1666 2320 1738 fraude
2351 1666 2464 1738 hic
2495 1666 2585 1738 de
2613 1667 2940 1738 mandato
2973 1667 3140 1738 dicti
3173 1667 3432 1739 domini

630 1790 833 1863 Ticcii
858 1788 1100 1861 vicarii
1126 1786 1427 1860 fideliter
1454 1790 1849 1884 exemplavi
1873 1790 2173 1884 ideoque
2206 1789 2605 1885 subscripsi.

1065 2087 1330 2099 Ἦ
1343 2086 3007 2100 mmm-m

733 2312 1156 2396 Fridericus
1172 2376 1195 2421 ,
1240 2314 1760 2399 Romanorum
1805 2316 2244 2424 imperator,
2291 2312 2669 2397 Friderico
2714 2313 2810 2394 de
2848 2309 3246 2394 Antiochia
3280 2310 3436 2390 im-

628 2445 887 2553 periali
922 2447 1003 2526 in
1041 2446 1310 2530 Tuscia
1345 2446 1623 2532 vicario
1647 2447 1981 2558 generali
2016 2447 2334 2528 mandat
2365 2455 2450 2527 ut
2486 2470 2713 2553 super
2745 2443 3101 2560 petitione
3138 2440 3436 2524 abbatis

630 2577 882 2661 Sancti
920 2578 1328 2664 Salvatoris
1373 2581 1468 2661 de
1504 2580 1754 2664 Monte
1802 2579 2106 2663 Amiato
2144 2604 2285 2688 pro
2338 2587 2670 2659 mercato
2705 2576 2953 2658 Plebis
2989 2576 3084 2656 de
3121 2573 3435 2656 Lamula

629 2712 1045 2794 secundum
1080 2711 1209 2821 jus
1253 2712 1649 2821 procedat3
1692 2714 1792 2795 ad
1845 2713 2297 2794 mandatum
2345 2711 2563 2820 cujus
2608 2708 2965 2791 Friderici
3015 2708 3110 2790 de
3147 2706 3432 2789 Antio-

628 2840 794 2924 chia
846 2842 884 2925 J
888 2843 1170 2926 acobus
1229 2844 1571 2946 notarius
1606 2845 1703 2927 de
1743 2845 2008 2928 Castro
2047 2843 2395 2925 abbatiae
2430 2841 2991 2927 universitatem
3041 2839 3137 2922 de
3200 2840 3434 2922 Arci-

628 2973 856 3059 dosso
903 2986 980 3060 et
1032 2975 1386 3060 abbatem
1422 2976 1679 3061 Sancti
1716 2976 2123 3063 Salvatoris
2166 2977 2268 3059 ad
2303 2974 2715 3058 terminum
2755 2972 3176 3083 praefixum
3224 2975 3428 3054 citat.

786 3216 1034 3297 (Inedit.
1066 3235 1144 3279 ex
1180 3218 1451 3297 originali
1478 3219 1543 3278 ln
1577 3218 1818 3280 archivo
1846 3219 2092 3296 diplom.
2130 3218 2398 3280 Florent.
2437 3223 2770 3290 asservato,
2808 3219 2979 3294 cujus
3018 3217 3248 3291 copiam
3282 3213 3438 3273 idem

867 3322 1035 3385 Gius.
1056 3323 1197 3385 Rosi
1223 3325 1397 3384 nobis
1421 3323 1607 3402 fecit.)

721 3530 831 3602 Ex
868 3529 1002 3602 hac
1049 3531 1329 3625 publica
1382 3532 1678 3603 formula
1718 3531 2105 3603 litterarum
2143 3539 2379 3625 pateat
2421 3529 2836 3602 hevidenter
2875 3528 3065 3621 quod
3115 3526 3440 3599 dominus

626 3654 1027 3727 Fredericus
1082 3654 1170 3726 de
1218 3654 1585 3728 Antiochia
1635 3655 1896 3727 domini
1950 3654 2387 3749 imperatoris
2423 3652 2605 3724 filius
2651 3651 2924 3747 scripsit
2967 3651 3137 3722 mihi
3183 3652 3439 3723 Iacobo

627 3779 894 3850 notario
947 3778 1038 3853 de
1088 3778 1328 3851 Castro
1373 3778 1650 3851 abbatie
1705 3778 1836 3850 sub
1894 3777 2030 3850 hac
2075 3780 2297 3850 forma
2351 3804 2369 3847 ε
2415 3777 2822 3849 Fredericus
2870 3775 2961 3846 de
3024 3774 3439 3847 Anthiochia
3548 3774 3551 3776 ’

628 3903 888 3975 domini
932 3904 1369 3998 imperatoris
1424 3901 1646 3991 filius,
1706 3901 1885 3974 sacri
1942 3902 2214 3997 imperii
2264 3901 2337 3973 in
2388 3901 2631 3972 Tuscia
2688 3899 2988 3971 vicarius
3045 3899 3390 3990 generalis
3414 3951 3434 3987 ,

629 4027 951 4121 prudenti
972 4027 1125 4100 viro
1153 4027 1409 4101 Iacobo
1435 4026 1706 4098 notario
1739 4026 1827 4098 de
1852 4025 2153 4098 Abbatia
2179 4025 2369 4097 fideli
2397 4024 2669 4119 imperii
2701 4023 2992 4093 salutem
3033 4031 3104 4092 et
3131 4042 3438 4091 amorem

630 4149 998 4222 sincerum.
1031 4151 1095 4223 A
1122 4150 1406 4223 domino
1439 4151 1863 4245 imperatore
1908 4150 2345 4221 serenissimo
2374 4158 2571 4242 patre
2614 4150 2850 4217 nostro
2903 4143 3291 4237 recepimus
3332 4142 3440 4212 lit·

629 4284 811 4347 teras
844 4275 917 4346 in
949 4275 1082 4346 hac
1118 4275 1340 4346 forma
1373 4300 1391 4344 ε
1428 4273 1832 4345 Fredericus
1853 4273 1979 4345 Dei
2005 4274 2226 4364 gratia
2259 4274 2636 4366 imperator
2663 4263 3131 4373 Romanorum
3167 4286 3441 4359 semper

631 4408 1002 4490 augustuS,
1036 4399 1436 4472 Jerosolime
1465 4408 1536 4469 et
1567 4396 1793 4469 Sicilie
1823 4418 1990 4487 rex,
2026 4395 2280 4467 dilecto
2310 4393 2455 4467 filio
2487 4415 2613 4465 suo
2640 4391 3003 4465 Frederico
3030 4389 3120 4461 de
3147 4388 3441 4459 Anthio-

635 4520 787 4593 chia
820 4523 1056 4594 comiti
1090 4522 1307 4613 Albe,
1339 4521 1515 4594 sacri
1557 4519 1830 4616 imperii
1861 4519 1932 4590 in
1969 4520 2215 4591 Tuscia
2240 4519 2501 4590 vicario
2534 4515 2868 4610 generali,
2910 4514 3201 4607 gratiam
3246 4533 3441 4584 suam

635 4655 705 4716 et
734 4666 940 4717 omne
974 4646 1265 4717 bonum.
1312 4645 1724 4718 Petitionem
1756 4642 2175 4715 venerabilis
2212 4642 2487 4713 abbatis
2528 4652 2598 4712 et
2630 4646 3013 4711 conventus
3047 4635 3444 4707 monasterii

633 4768 866 4840 Sancti
909 4769 1285 4841 salvatoris
1325 4768 1417 4840 de
1466 4768 1700 4840 Monte
1748 4765 2023 4838 Amiato
2078 4764 2388 4838 fidelium
2429 4774 2823 4836 nostrorum
2870 4771 3107 4833 nostro
3162 4759 3444 4831 culmini
