4525 6031
680 638 880 699 Iunior.
911 638 1004 715 2.]
1560 637 1953 699 HISTORIA
2002 634 2594 700 DIPLOMATICA.
3364 642 3486 703 849

844 822 1031 897 (Edit.
1064 838 1162 899 ap.
1195 823 1586 895 S‘rrnnrnmn,
1615 823 1869 885 Menum.
1898 822 2138 899 Zoller„
2167 826 2194 885 1
2219 841 2379 901 pars,
2408 840 2469 900 p.
2499 830 2606 894 ⁴63
2639 836 2799 880 nunc
2829 838 2968 881 vero
2995 822 3126 883 coll.
3154 841 3288 886 cum
3316 830 3482 903 copia

914 929 1257 989 anthentica
1282 930 1346 988 in
1366 928 1609 988 archivo
1637 928 2118 1008 stuttgartense.)

773 1111 1162 1201 ConraduS,
1207 1111 1351 1183 divi
1392 1113 1665 1203 augusti
1708 1114 2142 1208 imperatoris
2186 1114 2512 1186 Friderici
2554 1111 2771 1201 filius,
2817 1113 2940 1184 Dei
2980 1115 3201 1204 gratia
3231 1116 3478 1187 Roma-

675 1256 927 1307 norum
961 1234 1031 1306 in
1064 1256 1300 1326 regem
1339 1235 1626 1325 electus,
1669 1257 1943 1330 semper
1974 1247 2306 1330 augustus
2339 1247 2411 1307 et
2440 1236 2644 1307 heres
2673 1235 2868 1327 regni
2907 1237 3474 1332 lerosolymitani.

676 1357 806 1428 Per
837 1380 1124 1452 presens
1166 1359 1496 1452 scriptum
1528 1368 1768 1430 notum
1807 1359 2093 1431 facimus
2123 1360 2464 1431 universis
2500 1369 2638 1429 tam
2676 1359 3106 1452 presentibus
3134 1382 3339 1451 quam
3371 1363 3478 1431 fu-

645 1464 849 1553 turis
879 1480 1071 1574 quod
1112 1481 1548 1552 venerabiles
1595 1483 1840 1553 fratres
1876 1482 2234 1577 hospitalis
2266 1484 2514 1553 Sancte
2562 1482 2772 1552 Marie
2818 1482 3065 1553 domus
3105 1482 3479 1555 Theutoni-

676 1624 913 1676 corum
951 1604 1018 1673 in
1049 1605 1455 1697 Jerusalem,
1494 1604 1726 1676 dilecti
1760 1606 2001 1695 nostri,
2036 1604 2498 1698 subscriptum
2534 1604 2970 1699 privilegium
3003 1604 3346 1676 indultum
3380 1608 3478 1679 eis

676 1749 717 1798 a
775 1727 1058 1798 domino
1102 1735 1295 1821 patre
1345 1736 1584 1799 nostro
1626 1728 1975 1799 Friderico
2027 1729 2495 1800 Romanorum
2563 1728 2975 1820 imperatore
3042 1729 3475 1802 serenissimo

675 1871 947 1944 semper
978 1860 1300 1942 augusto,
1337 1859 1570 1922 nostre
1608 1852 2017 1923 excellentie
2049 1860 2563 1946 presentarunt,
2600 1850 2852 1921 devote
2894 1850 3361 1944 supplicantes
3399 1864 3475 1924 ut

675 1973 859 2044 idem
900 1973 1336 2067 privilegium
1369 1974 1741 2062 innovare,
1777 1984 2004 2045 ratum
2036 1974 2291 2045 habere
2322 1983 2392 2044 et
2418 1970 2826 2044 confirmare
2865 1972 2952 2043 de
2988 1983 3224 2044 nostra
3253 1975 3473 2065 gratia

674 2094 1144 2188 dignaremur.
1176 2097 1398 2187 Hujus
1429 2095 1662 2186 itaque
1695 2096 2033 2190 privilegii
2072 2107 2267 2167 tenor
2307 2117 2432 2189 per
2465 2095 2697 2166 omnia
2731 2095 2883 2165 talis
2917 2105 3065 2167 erat
3098 2123 3113 2166 ε

773 2215 1133 2313 (Sequitur
1182 2217 1272 2289 de
1325 2218 1542 2289 verbo
1589 2220 1684 2290 ad
1726 2220 2018 2290 verbum
2072 2219 2508 2314 privilegium
2553 2240 2594 2289 a
2631 2218 2976 2289 Friderico
3027 2220 3081 2289 Π
3126 2218 3468 2289 indultum

671 2341 859 2434 apud
891 2340 1302 2432 Augustam,
1340 2361 1525 2411 anno
1553 2343 1768 2431 4235,
1796 2363 2031 2412 mense
2062 2342 2451 2412 novembri.
2485 2341 2658 2412 Vide
2679 2361 2912 2435 supra,
2948 2350 2995 2412 t.
3022 2341 3138 2430 IV,
3167 2364 3236 2435 p.
3263 2337 3469 2436 793.)

766 2464 909 2535 Nos
958 2464 1164 2554 igitur
1209 2463 1477 2534 devotis
1518 2464 2131 2557 supplicationibus
2180 2464 2647 2557 predictorum
2691 2464 2978 2533 fratrum
3026 2463 3146 2555 qui
3196 2484 3471 2557 semper

670 2583 808 2657 fide
840 2587 1107 2657 sincera
1148 2585 1433 2657 domino
1475 2587 1655 2679 patri
1704 2596 1971 2676 nostro,
2012 2586 2210 2658 nobis
2254 2596 2326 2657 et
2367 2586 2657 2680 imperio
2698 2585 3137 2657 laudabiliter
3179 2585 3468 2656 adhese-

668 2720 859 2798 runt,
895 2718 966 2779 et
999 2710 1089 2780 ad
1127 2709 1620 2780 exaltationem
1661 2710 1876 2780 nostri
1919 2709 2217 2780 nominis
2265 2720 2334 2780 et
2379 2709 2661 2781 honoris
2697 2710 3095 2801 frequenter
3131 2709 3466 2802 aspirant,

668 2832 1137 2904 favorabiliter
1184 2842 1608 2920 annuentes,
1662 2847 2113 2905 memoratum
2170 2832 2604 2925 privilegium
2644 2831 2734 2903 de
2785 2832 3001 2902 verbo
3041 2832 3133 2902 ad
3180 2831 3466 2902 verbum

669 2955 1156 3050 transcriptum
1193 2956 1497 3049 presenti
1539 2956 1901 3051 privilegio
1934 2966 2169 3029 nostro
2212 2957 2420 3029 inseri
2444 2956 2810 3048 jussimus;
2851 2955 3175 3026 universa
3212 2964 3280 3026 et
3326 2954 3468 3025 sin-

667 3080 831 3170 gula
880 3099 1017 3171 que
1062 3079 1507 3150 continentur
1547 3079 1620 3148 in
1667 3079 1818 3174 ipso
1866 3080 2311 3170 innovamus,
2362 3078 2776 3150 ratificamus
2807 3089 2878 3150 et
2920 3100 3045 3171 pro
3085 3079 3304 3148 salute
3345 3098 3469 3172 pa-

669 3210 866 3272 terno
931 3211 1001 3272 et
1054 3202 1362 3274 remedio
1426 3214 1863 3296 peccatorum
1918 3204 2266 3275 carissime
2324 3203 2561 3273 matris
2614 3212 2848 3273 nostre
2907 3202 3090 3272 clare
3141 3201 3471 3271 memorie

667 3324 1043 3396 liberaliter
1087 3323 1607 3413 confirmamus,
1667 3337 2049 3398 statuentes
2105 3348 2196 3397 ne
2252 3327 2409 3417 quis
2462 3336 2705 3396 contra
2759 3325 3066 3416 ejusdem
3132 3324 3473 3419 privilegii

669 3455 978 3519 tenorem
1018 3448 1456 3538 aliquatenus
1494 3448 1733 3519 venire
1779 3459 2157 3542 presumat.
2208 3449 2298 3520 Ut
2337 3459 2570 3519 autem
2612 3447 2820 3540 hujus
2866 3448 3027 3519 facti
3063 3446 3280 3518 nostri
3325 3447 3471 3517 evi-

669 3569 903 3640 dentia
958 3580 1371 3662 perpetuum
1424 3571 1636 3642 robur
1689 3570 2000 3642 obtineat
2047 3570 2428 3662 firmitatiS,
2477 3592 2763 3666 presens
2817 3571 3148 3664 scriptum
3201 3569 3352 3641 fieri
3407 3580 3477 3641 et

668 3692 892 3783 sigillo
919 3693 1136 3763 nostri
1176 3693 1496 3764 culminis
1521 3694 1853 3784 jussimus
1892 3695 2226 3767 roborari.

764 3816 1000 3885 Testes
1056 3823 1287 3884 autem
1343 3816 1551 3907 hujus
1601 3819 1698 3888 rei
1746 3828 1907 3888 sunt
1950 3847 1967 3889 :
2011 3817 2373 3888 Heinricus
2417 3817 2832 3887 venerabilis
2886 3815 3480 3907 Babenbergensis

670 3937 958 4025 electus,
1021 3937 1348 4027 magister
1408 3938 1768 4034 Philippus
1843 3940 2286 4012 decretorum
2345 3939 2612 4028 doctor,
2685 3938 3172 4011 Rindesmulus
3247 3948 3479 4009 custos

667 4059 1260 4151 Babenbergensis
1285 4113 1306 4149 ,
1354 4061 1624 4133 Ulricus
1682 4085 1915 4135 comes
1973 4063 2063 4135 de
2118 4063 2429 4151 Ultimis,
2495 4060 2850 4133 Conradus
2925 4060 3336 4152 burgravius
3388 4060 3478 4132 de

666 4180 1116 4252 Norenbercb
1159 4182 1391 4254 senior
1437 4193 1508 4255 et
1540 4186 1779 4277 junior
1813 4186 2226 4276 burgravius
2275 4183 2456 4255 filius
2493 4206 2693 4274 suus,
2735 4183 3147 4256 Godefridus
3188 4193 3258 4255 et
3302 4184 3479 4255 Con-

668 4303 878 4376 radus
910 4306 1158 4376 fratres
1203 4305 1293 4377 de
1330 4306 1777 4399 Hohenloch,
1814 4308 2166 4382 Conradus
2209 4306 2299 4378 de
2345 4306 2770 4396 Smidilvelt,
2804 4306 3072 4378 Ulricus
3113 4307 3203 4378 de
3247 4307 3479 4378 Kune-

667 4426 953 4519 geshein
992 4424 1126 4522 (a),
1158 4427 1573 4502 Godefridus
1600 4432 1689 4503 de
1718 4430 2120 4520 Solzburcb‚
2157 4439 2227 4501 et
2258 4430 2373 4501 alii
2403 4430 2878 4523 quamplures,

750 4699 836 4782 (α)
882 4703 1017 4765 Sive
1042 4702 1111 4764 de
1141 4706 1554 4787 Καησρωερὸπ.
