<?xml version="1.0" encoding="UTF-8"?>
<!DOCTYPE html PUBLIC "-//W3C//DTD XHTML 1.0 Transitional//EN"
    "http://www.w3.org/TR/xhtml1/DTD/xhtml1-transitional.dtd">
<html xmlns="http://www.w3.org/1999/xhtml" xml:lang="en" lang="en">
 <head>
  <title>
</title>
<meta http-equiv="Content-Type" content="text/html;charset=utf-8" />
  <meta name='ocr-system' content='tesseract 3.04.00' />
  <meta name='ocr-capabilities' content='ocr_page ocr_carea ocr_par ocr_line ocrx_word'/>
</head>
<body>
  <div class='ocr_page' id='page_1' title='image "./historiadiploma01empegoog_0454.png"; bbox 0 0 4525 6031; ppageno 0'>
   <div class='ocr_carea' id='block_1_1' title="bbox 1070 873 1297 948">
    <p class='ocr_par' dir='ltr' id='par_1_1' title="bbox 1070 873 1297 948">
     <span class='ocr_line' id='line_1_1' title="bbox 1070 873 1297 948; baseline 0 -1"><span class='ocrx_word' id='word_1_1' title='bbox 1070 873 1297 948; x_wconf 67' lang='lat'><strong>1245</strong></span> 
     </span>
    </p>
   </div>
   <div class='ocr_carea' id='block_1_2' title="bbox 1042 982 1315 993">
    <p class='ocr_par' dir='ltr' id='par_1_2' title="bbox 1042 982 1315 993">
     <span class='ocr_line' id='line_1_2' title="bbox 1042 982 1315 993; baseline 0 5038"><span class='ocrx_word' id='word_1_2' title='bbox 1042 982 1315 993; x_wconf 95' lang='lat' dir='ltr'><strong> </strong></span> 
     </span>
    </p>
   </div>
   <div class='ocr_carea' id='block_1_3' title="bbox 1962 663 2965 725">
    <p class='ocr_par' dir='ltr' id='par_1_3' title="bbox 1962 663 2965 725">
     <span class='ocr_line' id='line_1_3' title="bbox 1962 663 2965 725; baseline -0.001 -1"><span class='ocrx_word' id='word_1_3' title='bbox 1962 665 2214 725; x_wconf 80' lang='lat' dir='ltr'>INDEX</span> <span class='ocrx_word' id='word_1_4' title='bbox 2264 663 2965 725; x_wconf 71' lang='lat' dir='ltr'>DOCUMENTORUM.</span> 
     </span>
    </p>
   </div>
   <div class='ocr_carea' id='block_1_4' title="bbox 1697 990 3883 1072">
    <p class='ocr_par' dir='ltr' id='par_1_4' title="bbox 1697 990 3883 1072">
     <span class='ocr_line' id='line_1_4' title="bbox 1697 990 3883 1072; baseline 0.001 -17"><span class='ocrx_word' id='word_1_5' title='bbox 1697 1037 1716 1055; x_wconf 90' lang='lat'><strong><em>.</em></strong></span> <span class='ocrx_word' id='word_1_6' title='bbox 1763 1037 1781 1055; x_wconf 88' lang='lat'><strong>.</strong></span> <span class='ocrx_word' id='word_1_7' title='bbox 1819 994 2087 1055; x_wconf 87' lang='lat' dir='ltr'><strong>Universi</strong></span> <span class='ocrx_word' id='word_1_8' title='bbox 2113 993 2318 1053; x_wconf 81' lang='lat' dir='ltr'><strong>fideles</strong></span> <span class='ocrx_word' id='word_1_9' title='bbox 2345 995 2407 1053; x_wconf 88' lang='lat' dir='ltr'><strong>in</strong></span> <span class='ocrx_word' id='word_1_10' title='bbox 2432 998 2627 1052; x_wconf 81' lang='lat' dir='ltr'><strong>castro</strong></span> <span class='ocrx_word' id='word_1_11' title='bbox 2649 992 2896 1052; x_wconf 80' lang='lat' dir='ltr'><strong>viterbii</strong></span> <span class='ocrx_word' id='word_1_12' title='bbox 2922 990 3148 1052; x_wconf 78' lang='lat' dir='ltr'><strong>obsessi</strong></span> <span class='ocrx_word' id='word_1_13' title='bbox 3180 993 3520 1069; x_wconf 86' lang='lat' dir='ltr'><strong>imperatori</strong></span> <span class='ocrx_word' id='word_1_14' title='bbox 3547 997 3883 1072; x_wconf 77' lang='lat' dir='ltr'><strong>supplicant</strong></span> 
     </span>
    </p>
   </div>
   <div class='ocr_carea' id='block_1_5' title="bbox 1894 1090 3877 1168">
    <p class='ocr_par' dir='ltr' id='par_1_5' title="bbox 1894 1090 3877 1168">
     <span class='ocr_line' id='line_1_5' title="bbox 1894 1090 3877 1168; baseline 0.002 -17"><span class='ocrx_word' id='word_1_15' title='bbox 1894 1091 2051 1168; x_wconf 87' lang='lat' dir='ltr'><strong>quod</strong></span> <span class='ocrx_word' id='word_1_16' title='bbox 2080 1092 2157 1150; x_wconf 91' lang='lat' dir='ltr'><strong>ad</strong></span> <span class='ocrx_word' id='word_1_17' title='bbox 2184 1093 2446 1166; x_wconf 87' lang='lat' dir='ltr'><strong>ipsorum</strong></span> <span class='ocrx_word' id='word_1_18' title='bbox 2474 1090 2873 1149; x_wconf 85' lang='lat' dir='ltr'><strong>liberationem</strong></span> <span class='ocrx_word' id='word_1_19' title='bbox 2902 1090 3281 1166; x_wconf 73' lang='lat' dir='ltr'><strong>personaliter</strong></span> <span class='ocrx_word' id='word_1_20' title='bbox 3313 1094 3533 1152; x_wconf 80' lang='lat' dir='ltr'><strong>veniat.</strong></span> <span class='ocrx_word' id='word_1_21' title='bbox 3763 1102 3877 1156; x_wconf 75' lang='lat'><strong>126</strong></span> 
     </span>
    </p>
   </div>
   <div class='ocr_carea' id='block_1_6' title="bbox 1698 1184 3879 1276">
    <p class='ocr_par' dir='ltr' id='par_1_6' title="bbox 1698 1184 3879 1276">
     <span class='ocr_line' id='line_1_6' title="bbox 1698 1184 3879 1276; baseline 0.001 -29"><span class='ocrx_word' id='word_1_22' title='bbox 1698 1234 1717 1254; x_wconf 88' lang='lat'><strong>.</strong></span> <span class='ocrx_word' id='word_1_23' title='bbox 1766 1236 1782 1253; x_wconf 87' lang='lat'><strong>.</strong></span> <span class='ocrx_word' id='word_1_24' title='bbox 1811 1188 2018 1247; x_wconf 79' lang='lat' dir='ltr'><strong>Simon</strong></span> <span class='ocrx_word' id='word_1_25' title='bbox 2050 1204 2230 1246; x_wconf 77' lang='lat' dir='ltr'><strong>comes</strong></span> <span class='ocrx_word' id='word_1_26' title='bbox 2273 1184 2615 1260; x_wconf 74' lang='lat' dir='ltr'><strong>Theatinue,</strong></span> <span class='ocrx_word' id='word_1_27' title='bbox 2650 1188 2712 1245; x_wconf 90' lang='lat' dir='ltr'><strong>in</strong></span> <span class='ocrx_word' id='word_1_28' title='bbox 2740 1192 2932 1245; x_wconf 87' lang='lat' dir='ltr'><strong>castro</strong></span> <span class='ocrx_word' id='word_1_29' title='bbox 2961 1186 3208 1247; x_wconf 80' lang='lat' dir='ltr'><strong>viterbii</strong></span> <span class='ocrx_word' id='word_1_30' title='bbox 3251 1204 3288 1247; x_wconf 91' lang='lat' dir='ltr'><strong>a</strong></span> <span class='ocrx_word' id='word_1_31' title='bbox 3324 1187 3634 1248; x_wconf 71' lang='lat' dir='ltr'><strong>rebellibus</strong></span> <span class='ocrx_word' id='word_1_32' title='bbox 3673 1190 3879 1276; x_wconf 75' lang='lat' dir='ltr'><strong>obses-</strong></span> 
     </span>
    </p>
   </div>
   <div class='ocr_carea' id='block_1_7' title="bbox 1080 1579 1780 1654">
    <p class='ocr_par' dir='ltr' id='par_1_7' title="bbox 1080 1579 1780 1654">
     <span class='ocr_line' id='line_1_7' title="bbox 1080 1579 1780 1654; baseline -0.003 -17"><span class='ocrx_word' id='word_1_33' title='bbox 1080 1579 1780 1654; x_wconf 85' lang='lat' dir='ltr'><strong>[sept.].......</strong></span> 
     </span>
    </p>
   </div>
   <div class='ocr_carea' id='block_1_8' title="bbox 1063 1831 1291 1907">
    <p class='ocr_par' dir='ltr' id='par_1_8' title="bbox 1063 1831 1291 1907">
     <span class='ocr_line' id='line_1_8' title="bbox 1063 1831 1291 1907; baseline -0.009 0"><span class='ocrx_word' id='word_1_34' title='bbox 1063 1831 1291 1907; x_wconf 73' lang='grc'>1244-</span> 
     </span>
    </p>
   </div>
   <div class='ocr_carea' id='block_1_9' title="bbox 1048 1939 1317 1949">
    <p class='ocr_par' dir='ltr' id='par_1_9' title="bbox 1048 1939 1317 1949">
     <span class='ocr_line' id='line_1_9' title="bbox 1048 1939 1317 1949; baseline 0 4082"><span class='ocrx_word' id='word_1_35' title='bbox 1048 1939 1317 1949; x_wconf 95' lang='lat' dir='ltr'><strong> </strong></span> 
     </span>
    </p>
   </div>
   <div class='ocr_carea' id='block_1_10' title="bbox 1041 1975 1779 2249">
    <p class='ocr_par' dir='ltr' id='par_1_10' title="bbox 1041 1975 1779 2249">
     <span class='ocr_line' id='line_1_10' title="bbox 1066 1975 1779 2054; baseline -0.006 -20"><span class='ocrx_word' id='word_1_36' title='bbox 1066 1975 1298 2054; x_wconf 86' lang='lat' dir='ltr'><strong>[martio</strong></span> <span class='ocrx_word' id='word_1_37' title='bbox 1353 2010 1779 2031; x_wconf 87' lang='grc'><strong>.......</strong></span> 
     </span>
     <span class='ocr_line' id='line_1_11' title="bbox 1041 2071 1313 2149; baseline -0.007 -17"><span class='ocrx_word' id='word_1_38' title='bbox 1041 2071 1313 2149; x_wconf 82' lang='lat' dir='ltr'><strong>exeunt.]</strong></span> 
     </span>
     <span class='ocr_line' id='line_1_12' title="bbox 1061 2165 1777 2249; baseline -0.004 -21"><span class='ocrx_word' id='word_1_39' title='bbox 1061 2165 1298 2249; x_wconf 81' lang='lat' dir='ltr'><strong>[aprili.]</strong></span> <span class='ocrx_word' id='word_1_40' title='bbox 1351 2204 1777 2225; x_wconf 84' lang='grc'><strong>.......</strong></span> 
     </span>
    </p>
   </div>
   <div class='ocr_carea' id='block_1_11' title="bbox 1044 3115 1321 3131">
    <p class='ocr_par' dir='ltr' id='par_1_11' title="bbox 1044 3115 1321 3131">
     <span class='ocr_line' id='line_1_13' title="bbox 1044 3115 1321 3131; baseline 0 2900"><span class='ocrx_word' id='word_1_41' title='bbox 1044 3115 1321 3131; x_wconf 95' lang='lat' dir='ltr'><strong> </strong></span> 
     </span>
    </p>
   </div>
   <div class='ocr_carea' id='block_1_12' title="bbox 1428 3131 1704 3209">
    <p class='ocr_par' dir='ltr' id='par_1_12' title="bbox 1428 3131 1704 3209">
     <span class='ocr_line' id='line_1_14' title="bbox 1428 3131 1704 3209; baseline -0.007 -18"><span class='ocrx_word' id='word_1_42' title='bbox 1428 3131 1704 3209; x_wconf 61' lang='lat' dir='ltr'><strong>Poggius.</strong></span> 
     </span>
    </p>
   </div>
   <div class='ocr_carea' id='block_1_13' title="bbox 1815 1283 3877 1843">
    <p class='ocr_par' dir='ltr' id='par_1_13' title="bbox 1815 1283 3877 1843">
     <span class='ocr_line' id='line_1_15' title="bbox 1893 1283 3877 1364; baseline 0.003 -21"><span class='ocrx_word' id='word_1_43' title='bbox 1893 1301 2020 1355; x_wconf 76' lang='lat' dir='ltr'><strong>sus,</strong></span> <span class='ocrx_word' id='word_1_44' title='bbox 2051 1286 2250 1343; x_wconf 85' lang='lat' dir='ltr'><strong>comiti</strong></span> <span class='ocrx_word' id='word_1_45' title='bbox 2280 1283 2620 1357; x_wconf 85' lang='lat' dir='ltr'><strong>Casertano,</strong></span> <span class='ocrx_word' id='word_1_46' title='bbox 2654 1285 2875 1342; x_wconf 80' lang='lat' dir='ltr'><strong>vicario</strong></span> <span class='ocrx_word' id='word_1_47' title='bbox 2901 1285 3133 1359; x_wconf 89' lang='lat' dir='ltr'><strong>imperii</strong></span> <span class='ocrx_word' id='word_1_48' title='bbox 3161 1284 3239 1344; x_wconf 89' lang='lat' dir='ltr'><strong>ab</strong></span> <span class='ocrx_word' id='word_1_49' title='bbox 3264 1284 3492 1345; x_wconf 83' lang='lat' dir='ltr'><strong>Amelia</strong></span> <span class='ocrx_word' id='word_1_50' title='bbox 3520 1303 3708 1364; x_wconf 80' lang='lat' dir='ltr'><strong>usque</strong></span> <span class='ocrx_word' id='word_1_51' title='bbox 3732 1288 3877 1348; x_wconf 88' lang='lat' dir='ltr'><strong>Cor·</strong></span> 
     </span>
     <span class='ocr_line' id='line_1_16' title="bbox 1894 1379 3875 1456; baseline 0.003 -17"><span class='ocrx_word' id='word_1_52' title='bbox 1894 1388 2096 1440; x_wconf 89' lang='lat' dir='ltr'><strong>netum</strong></span> <span class='ocrx_word' id='word_1_53' title='bbox 2125 1386 2184 1438; x_wconf 88' lang='lat' dir='ltr'><strong>et</strong></span> <span class='ocrx_word' id='word_1_54' title='bbox 2210 1397 2313 1456; x_wconf 88' lang='lat' dir='ltr'><strong>per</strong></span> <span class='ocrx_word' id='word_1_55' title='bbox 2339 1381 2716 1447; x_wconf 82' lang='lat' dir='ltr'><strong>Maritimam,</strong></span> <span class='ocrx_word' id='word_1_56' title='bbox 2736 1379 2942 1439; x_wconf 81' lang='lat' dir='ltr'><strong>scribit</strong></span> <span class='ocrx_word' id='word_1_57' title='bbox 2967 1387 3039 1441; x_wconf 87' lang='lat' dir='ltr'><strong>ut</strong></span> <span class='ocrx_word' id='word_1_58' title='bbox 3067 1381 3134 1438; x_wconf 86' lang='lat' dir='ltr'><strong>in</strong></span> <span class='ocrx_word' id='word_1_59' title='bbox 3155 1396 3334 1441; x_wconf 87' lang='lat' dir='ltr'><strong>sunm</strong></span> <span class='ocrx_word' id='word_1_60' title='bbox 3352 1382 3686 1443; x_wconf 73' lang='lat' dir='ltr'><strong>subsidium</strong></span> <span class='ocrx_word' id='word_1_61' title='bbox 3718 1384 3875 1443; x_wconf 84' lang='lat' dir='ltr'><strong>eele-</strong></span> 
     </span>
     <span class='ocr_line' id='line_1_17' title="bbox 1893 1476 3873 1541; baseline 0.002 -5"><span class='ocrx_word' id='word_1_62' title='bbox 1893 1480 2035 1536; x_wconf 87' lang='lat' dir='ltr'><strong>riter</strong></span> <span class='ocrx_word' id='word_1_63' title='bbox 2062 1476 2320 1536; x_wconf 76' lang='lat' dir='ltr'><strong>festinet.</strong></span> <span class='ocrx_word' id='word_1_64' title='bbox 3763 1489 3873 1541; x_wconf 76' lang='lat'><strong>127</strong></span> 
     </span>
     <span class='ocr_line' id='line_1_18' title="bbox 1815 1571 3875 1648; baseline 0.003 -17"><span class='ocrx_word' id='word_1_65' title='bbox 1815 1606 1892 1617; x_wconf 93' lang='lat'><strong>—</strong></span> <span class='ocrx_word' id='word_1_66' title='bbox 1936 1573 2290 1632; x_wconf 84' lang='lat' dir='ltr'><strong>Consiliariis</strong></span> <span class='ocrx_word' id='word_1_67' title='bbox 2330 1575 2563 1632; x_wconf 89' lang='lat' dir='ltr'><strong>comitis</strong></span> <span class='ocrx_word' id='word_1_68' title='bbox 2600 1571 2901 1632; x_wconf 75' lang='lat' dir='ltr'><strong>Casei-tani</strong></span> <span class='ocrx_word' id='word_1_69' title='bbox 2941 1589 3046 1648; x_wconf 89' lang='lat' dir='ltr'><strong>pro</strong></span> <span class='ocrx_word' id='word_1_70' title='bbox 3093 1573 3358 1635; x_wconf 84' lang='lat' dir='ltr'><strong>subsidio</strong></span> <span class='ocrx_word' id='word_1_71' title='bbox 3401 1593 3513 1636; x_wconf 90' lang='lat' dir='ltr'><strong>suo</strong></span> <span class='ocrx_word' id='word_1_72' title='bbox 3555 1578 3875 1638; x_wconf 85' lang='lat' dir='ltr'><strong>instantius</strong></span> 
     </span>
     <span class='ocr_line' id='line_1_19' title="bbox 1895 1669 3875 1749; baseline 0.002 -19"><span class='ocrx_word' id='word_1_73' title='bbox 1895 1669 2126 1747; x_wconf 78' lang='lat' dir='ltr'><strong>scribit,</strong></span> <span class='ocrx_word' id='word_1_74' title='bbox 2166 1686 2410 1729; x_wconf 87' lang='lat' dir='ltr'><strong>monens</strong></span> <span class='ocrx_word' id='word_1_75' title='bbox 2464 1687 2541 1728; x_wconf 91' lang='lat' dir='ltr'><strong>ne</strong></span> <span class='ocrx_word' id='word_1_76' title='bbox 2590 1686 2695 1745; x_wconf 90' lang='lat' dir='ltr'><strong>per</strong></span> <span class='ocrx_word' id='word_1_77' title='bbox 2739 1686 2941 1728; x_wconf 88' lang='lat' dir='ltr'><strong>eorum</strong></span> <span class='ocrx_word' id='word_1_78' title='bbox 2989 1670 3274 1730; x_wconf 87' lang='lat' dir='ltr'><strong>desidiam</strong></span> <span class='ocrx_word' id='word_1_79' title='bbox 3321 1672 3511 1732; x_wconf 88' lang='lat' dir='ltr'><strong>honor</strong></span> <span class='ocrx_word' id='word_1_80' title='bbox 3559 1675 3875 1749; x_wconf 82' lang='lat' dir='ltr'><strong>imperialis</strong></span> 
     </span>
     <span class='ocr_line' id='line_1_20' title="bbox 1895 1765 3876 1843; baseline 0.002 -18"><span class='ocrx_word' id='word_1_81' title='bbox 1895 1773 2112 1842; x_wconf 86' lang='lat' dir='ltr'><strong>pereat,</strong></span> <span class='ocrx_word' id='word_1_82' title='bbox 2143 1783 2277 1826; x_wconf 89' lang='lat' dir='ltr'><strong>cum</strong></span> <span class='ocrx_word' id='word_1_83' title='bbox 2302 1768 2429 1843; x_wconf 82' lang='lat' dir='ltr'><strong>jam</strong></span> <span class='ocrx_word' id='word_1_84' title='bbox 2452 1773 2575 1826; x_wconf 86' lang='lat' dir='ltr'><strong>tota</strong></span> <span class='ocrx_word' id='word_1_85' title='bbox 2596 1768 2751 1826; x_wconf 88' lang='lat' dir='ltr'><strong>circa</strong></span> <span class='ocrx_word' id='word_1_86' title='bbox 2778 1765 3107 1826; x_wconf 77' lang='lat' dir='ltr'><strong>viterbium</strong></span> <span class='ocrx_word' id='word_1_87' title='bbox 3134 1770 3439 1843; x_wconf 83' lang='lat' dir='ltr'><strong>provincia</strong></span> <span class='ocrx_word' id='word_1_88' title='bbox 3463 1784 3501 1828; x_wconf 90' lang='lat' dir='ltr'><strong>a</strong></span> <span class='ocrx_word' id='word_1_89' title='bbox 3524 1767 3645 1829; x_wconf 80' lang='lat' dir='ltr'><strong>ilde</strong></span> <span class='ocrx_word' id='word_1_90' title='bbox 3669 1770 3876 1830; x_wconf 87' lang='lat' dir='ltr'><strong>deter-</strong></span> 
     </span>
    </p>
   </div>
   <div class='ocr_carea' id='block_1_14' title="bbox 1814 1871 3871 2123">
    <p class='ocr_par' dir='ltr' id='par_1_14' title="bbox 1814 1871 3871 2123">
     <span class='ocr_line' id='line_1_21' title="bbox 1896 1871 3782 1926; baseline 0.003 -5"><span class='ocrx_word' id='word_1_91' title='bbox 1896 1871 2114 1924; x_wconf 86' lang='lat' dir='ltr'><strong>reatur.</strong></span> <span class='ocrx_word' id='word_1_92' title='bbox 3759 1879 3782 1926; x_wconf 82' lang='grc' dir='ltr'><strong>ι</strong></span> 
     </span>
     <span class='ocr_line' id='line_1_22' title="bbox 1814 1876 3871 2039; baseline 0 -16"><span class='ocrx_word' id='word_1_93' title='bbox 1814 1963 2059 2023; x_wconf 77' lang='lat' dir='ltr'><strong>Articuli</strong></span> <span class='ocrx_word' id='word_1_94' title='bbox 2088 1964 2247 2037; x_wconf 88' lang='lat' dir='ltr'><strong>pacis</strong></span> <span class='ocrx_word' id='word_1_95' title='bbox 2278 1978 2428 2038; x_wconf 85' lang='lat' dir='ltr'><strong>quos</strong></span> <span class='ocrx_word' id='word_1_96' title='bbox 2462 1963 2664 2021; x_wconf 84' lang='lat' dir='ltr'><strong>nuncii</strong></span> <span class='ocrx_word' id='word_1_97' title='bbox 2701 1963 3070 2037; x_wconf 84' lang='lat' dir='ltr'><strong>imperatoris</strong></span> <span class='ocrx_word' id='word_1_98' title='bbox 3102 1964 3129 2038; x_wconf 84' lang='lat' dir='ltr'>J</span> <span class='ocrx_word' id='word_1_99' title='bbox 3137 1969 3457 2023; x_wconf 80' lang='lat' dir='ltr'><strong>uraverunt</strong></span> <span class='ocrx_word' id='word_1_100' title='bbox 3491 1962 3650 2039; x_wconf 87' lang='lat' dir='ltr'><strong>apud</strong></span> <span class='ocrx_word' id='word_1_101' title='bbox 3695 1876 3871 2025; x_wconf 47' lang='lat' dir='ltr'><strong>Lat?</strong></span> 
     </span>
     <span class='ocr_line' id='line_1_23' title="bbox 1891 2059 3870 2123; baseline 0.001 -3"><span class='ocrx_word' id='word_1_102' title='bbox 1891 2077 2099 2120; x_wconf 91' lang='lat' dir='ltr'><strong>ranum</strong></span> <span class='ocrx_word' id='word_1_103' title='bbox 2127 2063 2188 2120; x_wconf 93' lang='lat' dir='ltr'><strong>in</strong></span> <span class='ocrx_word' id='word_1_104' title='bbox 2217 2060 2413 2119; x_wconf 87' lang='lat' dir='ltr'><strong>Coena</strong></span> <span class='ocrx_word' id='word_1_105' title='bbox 2439 2059 2698 2119; x_wconf 89' lang='lat' dir='ltr'><strong>Domini.</strong></span> <span class='ocrx_word' id='word_1_106' title='bbox 3760 2071 3870 2123; x_wconf 82' lang='lat'><strong>172</strong></span> 
     </span>
    </p>
   </div>
   <div class='ocr_carea' id='block_1_15' title="bbox 1811 2155 3876 2815">
    <p class='ocr_par' dir='ltr' id='par_1_15' title="bbox 1811 2155 3874 2428">
     <span class='ocr_line' id='line_1_24' title="bbox 1811 2155 3874 2235; baseline 0.002 -20"><span class='ocrx_word' id='word_1_107' title='bbox 1811 2157 2065 2230; x_wconf 82' lang='lat' dir='ltr'><strong>Quidam</strong></span> <span class='ocrx_word' id='word_1_108' title='bbox 2102 2159 2471 2231; x_wconf 87' lang='lat' dir='ltr'><strong>imperatoris</strong></span> <span class='ocrx_word' id='word_1_109' title='bbox 2508 2155 2699 2215; x_wconf 81' lang='lat' dir='ltr'><strong>fidelis</strong></span> <span class='ocrx_word' id='word_1_110' title='bbox 2725 2157 2801 2216; x_wconf 84' lang='lat' dir='ltr'><strong>ad</strong></span> <span class='ocrx_word' id='word_1_111' title='bbox 2831 2157 3095 2233; x_wconf 82' lang='lat' dir='ltr'><strong>captivos</strong></span> <span class='ocrx_word' id='word_1_112' title='bbox 3130 2157 3335 2218; x_wconf 87' lang='lat' dir='ltr'><strong>scribit</strong></span> <span class='ocrx_word' id='word_1_113' title='bbox 3363 2158 3525 2235; x_wconf 85' lang='lat' dir='ltr'><strong>quod</strong></span> <span class='ocrx_word' id='word_1_114' title='bbox 3553 2175 3694 2235; x_wconf 86' lang='lat' dir='ltr'><strong>pace</strong></span> <span class='ocrx_word' id='word_1_115' title='bbox 3721 2161 3874 2219; x_wconf 89' lang='lat' dir='ltr'><strong>inter</strong></span> 
     </span>
     <span class='ocr_line' id='line_1_25' title="bbox 1889 2252 3871 2331; baseline 0.001 -18"><span class='ocrx_word' id='word_1_116' title='bbox 1889 2270 2188 2313; x_wconf 91' lang='lat' dir='ltr'><strong>summum</strong></span> <span class='ocrx_word' id='word_1_117' title='bbox 2216 2252 2552 2329; x_wconf 79' lang='lat' dir='ltr'><strong>pontificem</strong></span> <span class='ocrx_word' id='word_1_118' title='bbox 2580 2259 2642 2312; x_wconf 89' lang='lat' dir='ltr'><strong>et</strong></span> <span class='ocrx_word' id='word_1_119' title='bbox 2667 2255 2987 2331; x_wconf 74' lang='lat' dir='ltr'>principem</span> <span class='ocrx_word' id='word_1_120' title='bbox 3013 2257 3360 2331; x_wconf 85' lang='lat' dir='ltr'><strong>composita,</strong></span> <span class='ocrx_word' id='word_1_121' title='bbox 3389 2271 3650 2316; x_wconf 82' lang='lat' dir='ltr'><strong>carceres</strong></span> <span class='ocrx_word' id='word_1_122' title='bbox 3678 2261 3871 2317; x_wconf 87' lang='lat' dir='ltr'><strong>utrin-</strong></span> 
     </span>
     <span class='ocr_line' id='line_1_26' title="bbox 1890 2352 3867 2428; baseline 0.001 -18"><span class='ocrx_word' id='word_1_123' title='bbox 1890 2369 2007 2428; x_wconf 87' lang='lat' dir='ltr'><strong>que</strong></span> <span class='ocrx_word' id='word_1_124' title='bbox 2038 2353 2098 2409; x_wconf 92' lang='lat' dir='ltr'><strong>in</strong></span> <span class='ocrx_word' id='word_1_125' title='bbox 2127 2352 2292 2410; x_wconf 82' lang='lat' dir='ltr'><strong>brevi</strong></span> <span class='ocrx_word' id='word_1_126' title='bbox 2323 2353 2677 2426; x_wconf 84' lang='lat' dir='ltr'><strong>aperientur.</strong></span> <span class='ocrx_word' id='word_1_127' title='bbox 3760 2362 3867 2412; x_wconf 72' lang='lat'><strong>17²1</strong></span> 
     </span>
    </p>

    <p class='ocr_par' dir='ltr' id='par_1_16' title="bbox 1816 2448 3876 2718">
     <span class='ocr_line' id='line_1_27' title="bbox 1816 2448 3876 2525; baseline 0.002 -18"><span class='ocrx_word' id='word_1_128' title='bbox 1816 2449 2139 2508; x_wconf 79' lang='lat' dir='ltr'><strong>cardinalis</strong></span> <span class='ocrx_word' id='word_1_129' title='bbox 2192 2449 2437 2524; x_wconf 86' lang='lat' dir='ltr'><strong>quidam</strong></span> <span class='ocrx_word' id='word_1_130' title='bbox 2486 2448 2855 2523; x_wconf 86' lang='lat' dir='ltr'><strong>[imperatori</strong></span> <span class='ocrx_word' id='word_1_131' title='bbox 2902 2448 3583 2525; x_wconf 67' lang='lat' dir='ltr'><strong>Constantinopolitano]</strong></span> <span class='ocrx_word' id='word_1_132' title='bbox 3631 2452 3876 2525; x_wconf 77' lang='lat' dir='ltr'><strong>exponit</strong></span> 
     </span>
     <span class='ocr_line' id='line_1_28' title="bbox 1892 2544 3875 2621; baseline 0.002 -17"><span class='ocrx_word' id='word_1_133' title='bbox 1892 2546 2054 2621; x_wconf 87' lang='lat' dir='ltr'><strong>quod</strong></span> <span class='ocrx_word' id='word_1_134' title='bbox 2082 2546 2357 2605; x_wconf 87' lang='lat' dir='ltr'><strong>dominus</strong></span> <span class='ocrx_word' id='word_1_135' title='bbox 2391 2561 2543 2621; x_wconf 85' lang='lat' dir='ltr'><strong>papa</strong></span> <span class='ocrx_word' id='word_1_136' title='bbox 2579 2561 2698 2604; x_wconf 92' lang='lat' dir='ltr'><strong>non</strong></span> <span class='ocrx_word' id='word_1_137' title='bbox 2736 2546 2968 2604; x_wconf 78' lang='lat' dir='ltr'><strong>videtur</strong></span> <span class='ocrx_word' id='word_1_138' title='bbox 3005 2544 3240 2605; x_wconf 84' lang='lat' dir='ltr'><strong>credere</strong></span> <span class='ocrx_word' id='word_1_139' title='bbox 3274 2544 3470 2604; x_wconf 85' lang='lat' dir='ltr'><strong>verbis</strong></span> <span class='ocrx_word' id='word_1_140' title='bbox 3506 2548 3875 2621; x_wconf 83' lang='lat' dir='ltr'><strong>imperatoris</strong></span> 
     </span>
     <span class='ocr_line' id='line_1_29' title="bbox 1894 2639 3872 2718; baseline 0.002 -18"><span class='ocrx_word' id='word_1_141' title='bbox 1894 2642 1967 2700; x_wconf 90' lang='lat' dir='ltr'><strong>de</strong></span> <span class='ocrx_word' id='word_1_142' title='bbox 2000 2659 2170 2718; x_wconf 90' lang='lat' dir='ltr'><strong>pace,</strong></span> <span class='ocrx_word' id='word_1_143' title='bbox 2199 2649 2434 2718; x_wconf 89' lang='lat' dir='ltr'><strong>propter</strong></span> <span class='ocrx_word' id='word_1_144' title='bbox 2464 2642 2616 2701; x_wconf 79' lang='lat' dir='ltr'><strong>facta</strong></span> <span class='ocrx_word' id='word_1_145' title='bbox 2644 2644 2938 2702; x_wconf 87' lang='lat' dir='ltr'><strong>contraria</strong></span> <span class='ocrx_word' id='word_1_146' title='bbox 2965 2658 3117 2717; x_wconf 86' lang='lat' dir='ltr'><strong>quae</strong></span> <span class='ocrx_word' id='word_1_147' title='bbox 3143 2644 3320 2701; x_wconf 77' lang='lat' dir='ltr'><strong>sentit</strong></span> <span class='ocrx_word' id='word_1_148' title='bbox 3347 2644 3407 2700; x_wconf 91' lang='lat' dir='ltr'><strong>in</strong></span> <span class='ocrx_word' id='word_1_149' title='bbox 3433 2639 3602 2701; x_wconf 88' lang='lat' dir='ltr'><strong>urbe.</strong></span> <span class='ocrx_word' id='word_1_150' title='bbox 3760 2651 3872 2704; x_wconf 77' lang='lat'><strong>18⁴</strong></span> 
     </span>
    </p>

    <p class='ocr_par' dir='ltr' id='par_1_17' title="bbox 1818 2739 3876 2815">
     <span class='ocr_line' id='line_1_30' title="bbox 1818 2739 3876 2815; baseline 0.001 -17"><span class='ocrx_word' id='word_1_151' title='bbox 1818 2739 2141 2799; x_wconf 86' lang='lat' dir='ltr'><strong>Cardinalis</strong></span> <span class='ocrx_word' id='word_1_152' title='bbox 2197 2741 2439 2814; x_wconf 83' lang='lat' dir='ltr'><strong>quidam</strong></span> <span class='ocrx_word' id='word_1_153' title='bbox 2488 2739 2783 2799; x_wconf 86' lang='lat' dir='ltr'><strong>Friderico</strong></span> <span class='ocrx_word' id='word_1_154' title='bbox 2836 2740 3231 2799; x_wconf 82' lang='lat' dir='ltr'><strong>Romanorum</strong></span> <span class='ocrx_word' id='word_1_155' title='bbox 3292 2741 3629 2815; x_wconf 86' lang='lat' dir='ltr'><strong>imperatori</strong></span> <span class='ocrx_word' id='word_1_156' title='bbox 3672 2740 3876 2801; x_wconf 81' lang='lat' dir='ltr'><strong>scribit</strong></span> 
     </span>
    </p>
   </div>
   <div class='ocr_carea' id='block_1_16' title="bbox 1892 2837 3987 2918">
    <p class='ocr_par' dir='ltr' id='par_1_18' title="bbox 1892 2837 3987 2918">
     <span class='ocr_line' id='line_1_31' title="bbox 1892 2837 3987 2918; baseline 0 -23"><span class='ocrx_word' id='word_1_157' title='bbox 1892 2853 1966 2895; x_wconf 90' lang='lat' dir='ltr'><strong>ne</strong></span> <span class='ocrx_word' id='word_1_158' title='bbox 1989 2842 2259 2912; x_wconf 86' lang='lat' dir='ltr'><strong>procuret</strong></span> <span class='ocrx_word' id='word_1_159' title='bbox 2286 2837 2625 2896; x_wconf 84' lang='lat' dir='ltr'><strong>scandalum</strong></span> <span class='ocrx_word' id='word_1_160' title='bbox 2653 2853 2788 2896; x_wconf 89' lang='lat' dir='ltr'><strong>cum</strong></span> <span class='ocrx_word' id='word_1_161' title='bbox 2818 2837 3100 2895; x_wconf 83' lang='lat' dir='ltr'><strong>Romanis</strong></span> <span class='ocrx_word' id='word_1_162' title='bbox 3126 2842 3331 2896; x_wconf 85' lang='lat' dir='ltr'><strong>eontra</strong></span> <span class='ocrx_word' id='word_1_163' title='bbox 3364 2837 3677 2896; x_wconf 84' lang='lat' dir='ltr'><strong>Ecclesiam</strong></span> <span class='ocrx_word' id='word_1_164' title='bbox 3695 2881 3713 2915; x_wconf 92' lang='lat'>,</span> <span class='ocrx_word' id='word_1_165' title='bbox 3745 2856 3872 2897; x_wconf 86' lang='lat' dir='ltr'><strong>mo-</strong></span> <span class='ocrx_word' id='word_1_166' title='bbox 3960 2891 3987 2918; x_wconf 68' lang='lat'><strong>,</strong></span> 
     </span>
    </p>
   </div>
   <div class='ocr_carea' id='block_1_17' title="bbox 1818 2934 3872 3482">
    <p class='ocr_par' dir='ltr' id='par_1_19' title="bbox 1818 2934 3872 3482">
     <span class='ocr_line' id='line_1_32' title="bbox 1891 2934 3872 3010; baseline 0.001 -16"><span class='ocrx_word' id='word_1_167' title='bbox 1891 2942 2108 3010; x_wconf 82' lang='lat' dir='ltr'><strong>netque</strong></span> <span class='ocrx_word' id='word_1_168' title='bbox 2135 2940 2203 2993; x_wconf 85' lang='lat' dir='ltr'><strong>ut</strong></span> <span class='ocrx_word' id='word_1_169' title='bbox 2233 2934 2488 2993; x_wconf 78' lang='lat' dir='ltr'><strong>fautores</strong></span> <span class='ocrx_word' id='word_1_170' title='bbox 2523 2935 2748 2994; x_wconf 80' lang='lat' dir='ltr'><strong>dissidii</strong></span> <span class='ocrx_word' id='word_1_171' title='bbox 2784 2941 3119 3010; x_wconf 86' lang='lat' dir='ltr'><strong>compescat</strong></span> <span class='ocrx_word' id='word_1_172' title='bbox 3146 2935 3224 2994; x_wconf 88' lang='lat' dir='ltr'><strong>ad</strong></span> <span class='ocrx_word' id='word_1_173' title='bbox 3260 2934 3725 2995; x_wconf 85' lang='lat' dir='ltr'><strong>conservandam</strong></span> <span class='ocrx_word' id='word_1_174' title='bbox 3757 2938 3872 2996; x_wconf 93' lang='lat' dir='ltr'><strong>im-</strong></span> 
     </span>
     <span class='ocr_line' id='line_1_33' title="bbox 1891 3034 3872 3108; baseline 0.002 -18"><span class='ocrx_word' id='word_1_175' title='bbox 1891 3035 2033 3108; x_wconf 78' lang='lat' dir='ltr'><strong>perii</strong></span> <span class='ocrx_word' id='word_1_176' title='bbox 2063 3038 2123 3091; x_wconf 91' lang='lat' dir='ltr'><strong>et</strong></span> <span class='ocrx_word' id='word_1_177' title='bbox 2152 3034 2443 3092; x_wconf 80' lang='lat' dir='ltr'><strong>Ecclesiae</strong></span> <span class='ocrx_word' id='word_1_178' title='bbox 2469 3036 2769 3093; x_wconf 89' lang='lat' dir='ltr'><strong>unionem.</strong></span> <span class='ocrx_word' id='word_1_179' title='bbox 3759 3043 3872 3095; x_wconf 77' lang='lat'><strong>184</strong></span> 
     </span>
     <span class='ocr_line' id='line_1_34' title="bbox 1818 3125 3869 3208; baseline 0.002 -21"><span class='ocrx_word' id='word_1_180' title='bbox 1818 3130 2081 3205; x_wconf 78' lang='lat' dir='ltr'><strong>Quatuor</strong></span> <span class='ocrx_word' id='word_1_181' title='bbox 2105 3147 2351 3208; x_wconf 74' lang='lat' dir='ltr'><strong>maynae</strong></span> <span class='ocrx_word' id='word_1_182' title='bbox 2376 3126 2692 3207; x_wconf 75' lang='lat' dir='ltr'><strong>imperialis</strong></span> <span class='ocrx_word' id='word_1_183' title='bbox 2716 3129 2911 3187; x_wconf 76' lang='lat' dir='ltr'><strong>curiae</strong></span> <span class='ocrx_word' id='word_1_184' title='bbox 2922 3125 3180 3208; x_wconf 74' lang='lat' dir='ltr'><strong>judices,</strong></span> <span class='ocrx_word' id='word_1_185' title='bbox 3212 3128 3314 3188; x_wconf 77' lang='lat' dir='ltr'><strong>lite</strong></span> <span class='ocrx_word' id='word_1_186' title='bbox 3345 3129 3602 3206; x_wconf 78' lang='lat' dir='ltr'><strong>legitime</strong></span> <span class='ocrx_word' id='word_1_187' title='bbox 3634 3138 3869 3191; x_wconf 59' lang='lat' dir='ltr'><strong>eonta-</strong></span> 
     </span>
     <span class='ocr_line' id='line_1_35' title="bbox 1890 3224 3871 3303; baseline 0.002 -18"><span class='ocrx_word' id='word_1_188' title='bbox 1890 3233 2045 3301; x_wconf 87' lang='lat' dir='ltr'><strong>tata,</strong></span> <span class='ocrx_word' id='word_1_189' title='bbox 2077 3227 2231 3286; x_wconf 89' lang='lat' dir='ltr'><strong>filios</strong></span> <span class='ocrx_word' id='word_1_190' title='bbox 2264 3227 2565 3303; x_wconf 81' lang='lat' dir='ltr'><strong>quondam</strong></span> <span class='ocrx_word' id='word_1_191' title='bbox 2588 3227 2804 3303; x_wconf 88' lang='lat' dir='ltr'><strong>judicis</strong></span> <span class='ocrx_word' id='word_1_192' title='bbox 2832 3227 2990 3285; x_wconf 88' lang='lat' dir='ltr'><strong>Petri</strong></span> <span class='ocrx_word' id='word_1_193' title='bbox 3023 3227 3097 3285; x_wconf 90' lang='lat' dir='ltr'><strong>de</strong></span> <span class='ocrx_word' id='word_1_194' title='bbox 3133 3224 3322 3284; x_wconf 89' lang='lat' dir='ltr'><strong>Ebulo</strong></span> <span class='ocrx_word' id='word_1_195' title='bbox 3351 3225 3428 3285; x_wconf 91' lang='lat' dir='ltr'><strong>ad</strong></span> <span class='ocrx_word' id='word_1_196' title='bbox 3466 3227 3871 3288; x_wconf 85' lang='lat' dir='ltr'><strong>molendinum</strong></span> 
     </span>
     <span class='ocr_line' id='line_1_36' title="bbox 1890 3322 3868 3400; baseline 0.001 -16"><span class='ocrx_word' id='word_1_197' title='bbox 1890 3325 1964 3384; x_wconf 88' lang='lat' dir='ltr'><strong>de</strong></span> <span class='ocrx_word' id='word_1_198' title='bbox 2030 3324 2384 3385; x_wconf 86' lang='lat' dir='ltr'><strong>Albiscenda</strong></span> <span class='ocrx_word' id='word_1_199' title='bbox 2444 3325 2965 3400; x_wconf 84' lang='lat' dir='ltr'><strong>archiepiscopatui</strong></span> <span class='ocrx_word' id='word_1_200' title='bbox 3020 3322 3390 3384; x_wconf 87' lang='lat' dir='ltr'><strong>Salernitano</strong></span> <span class='ocrx_word' id='word_1_201' title='bbox 3442 3326 3868 3386; x_wconf 73' lang='lat' dir='ltr'><strong>restItuendum</strong></span> 
     </span>
     <span class='ocr_line' id='line_1_37' title="bbox 1889 3421 3867 3482; baseline 0.002 -4"><span class='ocrx_word' id='word_1_202' title='bbox 1889 3421 2306 3479; x_wconf 87' lang='lat' dir='ltr'><strong>condemnant.</strong></span> <span class='ocrx_word' id='word_1_203' title='bbox 3750 3430 3867 3482; x_wconf 76' lang='lat'><strong>250</strong></span> 
     </span>
    </p>
   </div>
   <div class='ocr_carea' id='block_1_18' title="bbox 1354 3515 3870 3592">
    <p class='ocr_par' dir='ltr' id='par_1_20' title="bbox 1354 3515 3870 3592">
     <span class='ocr_line' id='line_1_38' title="bbox 1354 3515 3870 3592; baseline 0.002 -16"><span class='ocrx_word' id='word_1_204' title='bbox 1354 3560 1368 3576; x_wconf 90' lang='lat'><strong>.</strong></span> <span class='ocrx_word' id='word_1_205' title='bbox 1432 3559 1774 3578; x_wconf 92' lang='grc'><strong>......</strong></span> <span class='ocrx_word' id='word_1_206' title='bbox 1811 3516 2066 3588; x_wconf 86' lang='lat' dir='ltr'><strong>Quidam</strong></span> <span class='ocrx_word' id='word_1_207' title='bbox 2095 3516 2294 3576; x_wconf 83' lang='lat' dir='ltr'><strong>fautor</strong></span> <span class='ocrx_word' id='word_1_208' title='bbox 2317 3517 2610 3576; x_wconf 79' lang='lat' dir='ltr'><strong>Ecclesiae</strong></span> <span class='ocrx_word' id='word_1_209' title='bbox 2635 3519 2697 3575; x_wconf 87' lang='lat' dir='ltr'><strong>in</strong></span> <span class='ocrx_word' id='word_1_210' title='bbox 2725 3515 2986 3592; x_wconf 86' lang='lat' dir='ltr'><strong>partibus</strong></span> <span class='ocrx_word' id='word_1_211' title='bbox 3010 3516 3214 3575; x_wconf 86' lang='lat' dir='ltr'><strong>Italiae</strong></span> <span class='ocrx_word' id='word_1_212' title='bbox 3233 3531 3417 3592; x_wconf 79' lang='lat' dir='ltr'><strong>agens</strong></span> <span class='ocrx_word' id='word_1_213' title='bbox 3437 3517 3512 3576; x_wconf 88' lang='lat' dir='ltr'><strong>ad</strong></span> <span class='ocrx_word' id='word_1_214' title='bbox 3539 3518 3870 3580; x_wconf 81' lang='lat' dir='ltr'><strong>cardinales</strong></span> 
     </span>
    </p>
   </div>
   <div class='ocr_carea' id='block_1_19' title="bbox 1889 3613 3868 3884">
    <p class='ocr_par' dir='ltr' id='par_1_21' title="bbox 1889 3613 3868 3884">
     <span class='ocr_line' id='line_1_39' title="bbox 1889 3613 3864 3691; baseline 0.002 -18"><span class='ocrx_word' id='word_1_215' title='bbox 1889 3615 2045 3689; x_wconf 87' lang='lat' dir='ltr'><strong>apud</strong></span> <span class='ocrx_word' id='word_1_216' title='bbox 2076 3615 2430 3691; x_wconf 83' lang='lat' dir='ltr'><strong>Lugdunum</strong></span> <span class='ocrx_word' id='word_1_217' title='bbox 2457 3615 2576 3673; x_wconf 89' lang='lat' dir='ltr'><strong>duo</strong></span> <span class='ocrx_word' id='word_1_218' title='bbox 2608 3615 2963 3673; x_wconf 87' lang='lat' dir='ltr'><strong>memorialia</strong></span> <span class='ocrx_word' id='word_1_219' title='bbox 2989 3613 3213 3688; x_wconf 88' lang='lat' dir='ltr'><strong>dirigit,</strong></span> <span class='ocrx_word' id='word_1_220' title='bbox 3243 3613 3347 3673; x_wconf 89' lang='lat' dir='ltr'><strong>ubi</strong></span> <span class='ocrx_word' id='word_1_221' title='bbox 3375 3614 3634 3676; x_wconf 83' lang='lat' dir='ltr'><strong>facinora</strong></span> <span class='ocrx_word' id='word_1_222' title='bbox 3664 3615 3864 3676; x_wconf 85' lang='lat' dir='ltr'><strong>Fride-</strong></span> 
     </span>
     <span class='ocr_line' id='line_1_40' title="bbox 1890 3710 3868 3787; baseline 0.002 -18"><span class='ocrx_word' id='word_1_223' title='bbox 1890 3716 2011 3771; x_wconf 82' lang='lat' dir='ltr'><strong>rico</strong></span> <span class='ocrx_word' id='word_1_224' title='bbox 2051 3713 2386 3786; x_wconf 87' lang='lat' dir='ltr'><strong>imperatori</strong></span> <span class='ocrx_word' id='word_1_225' title='bbox 2425 3711 2655 3786; x_wconf 75' lang='lat' dir='ltr'><strong>objecta</strong></span> <span class='ocrx_word' id='word_1_226' title='bbox 2698 3710 2826 3769; x_wconf 80' lang='lat' dir='ltr'><strong>fuse</strong></span> <span class='ocrx_word' id='word_1_227' title='bbox 2867 3717 3238 3779; x_wconf 82' lang='lat' dir='ltr'><strong>enarrantur,</strong></span> <span class='ocrx_word' id='word_1_228' title='bbox 3280 3717 3596 3787; x_wconf 88' lang='lat' dir='ltr'><strong>monetque</strong></span> <span class='ocrx_word' id='word_1_229' title='bbox 3639 3729 3714 3772; x_wconf 89' lang='lat' dir='ltr'><strong>ne</strong></span> <span class='ocrx_word' id='word_1_230' title='bbox 3755 3713 3868 3773; x_wconf 88' lang='lat' dir='ltr'><strong>snb</strong></span> 
     </span>
     <span class='ocr_line' id='line_1_41' title="bbox 1889 3806 3862 3884; baseline 0.002 -18"><span class='ocrx_word' id='word_1_231' title='bbox 1889 3808 2011 3867; x_wconf 91' lang='lat' dir='ltr'><strong>ulla</strong></span> <span class='ocrx_word' id='word_1_232' title='bbox 2037 3808 2369 3866; x_wconf 87' lang='lat' dir='ltr'><strong>conditione</strong></span> <span class='ocrx_word' id='word_1_233' title='bbox 2397 3823 2510 3881; x_wconf 84' lang='lat' dir='ltr'><strong>pax</strong></span> <span class='ocrx_word' id='word_1_234' title='bbox 2541 3822 2678 3865; x_wconf 91' lang='lat' dir='ltr'><strong>cum</strong></span> <span class='ocrx_word' id='word_1_235' title='bbox 2705 3806 2911 3864; x_wconf 87' lang='lat' dir='ltr'><strong>eodem</strong></span> <span class='ocrx_word' id='word_1_236' title='bbox 2940 3809 3176 3864; x_wconf 89' lang='lat' dir='ltr'><strong>tractari</strong></span> <span class='ocrx_word' id='word_1_237' title='bbox 3205 3807 3438 3884; x_wconf 85' lang='lat' dir='ltr'><strong>debeat,</strong></span> <span class='ocrx_word' id='word_1_238' title='bbox 3467 3814 3580 3867; x_wconf 87' lang='lat' dir='ltr'><strong>etc.</strong></span> <span class='ocrx_word' id='word_1_239' title='bbox 3749 3819 3821 3869; x_wconf 78' lang='lat'><strong>27</strong></span> <span class='ocrx_word' id='word_1_240' title='bbox 3831 3819 3862 3869; x_wconf 84' lang='grc'><strong>7</strong></span> 
     </span>
    </p>
   </div>
   <div class='ocr_carea' id='block_1_20' title="bbox 1561 3898 3868 3981">
    <p class='ocr_par' dir='ltr' id='par_1_22' title="bbox 1561 3898 3868 3981">
     <span class='ocr_line' id='line_1_42' title="bbox 1561 3898 3868 3981; baseline -0.001 -15"><span class='ocrx_word' id='word_1_241' title='bbox 1561 3949 1577 3966; x_wconf 87' lang='lat'><strong>.</strong></span> <span class='ocrx_word' id='word_1_242' title='bbox 1628 3948 1645 3967; x_wconf 90' lang='lat'><strong>.</strong></span> <span class='ocrx_word' id='word_1_243' title='bbox 1693 3953 1709 3968; x_wconf 91' lang='lat'><strong>.</strong></span> <span class='ocrx_word' id='word_1_244' title='bbox 1760 3950 1776 3966; x_wconf 87' lang='lat'><strong>.</strong></span> <span class='ocrx_word' id='word_1_245' title='bbox 1817 3902 2156 3962; x_wconf 70' lang='lat' dir='ltr'><strong>Thaddam</strong></span> <span class='ocrx_word' id='word_1_246' title='bbox 2182 3901 2251 3961; x_wconf 78' lang='lat' dir='ltr'><strong>de</strong></span> <span class='ocrx_word' id='word_1_247' title='bbox 2279 3903 2511 3977; x_wconf 74' lang='lat' dir='ltr'><strong>Suessa,</strong></span> <span class='ocrx_word' id='word_1_248' title='bbox 2537 3898 2856 3978; x_wconf 76' lang='lat' dir='ltr'><strong>imperialis</strong></span> <span class='ocrx_word' id='word_1_249' title='bbox 2883 3901 3078 3959; x_wconf 78' lang='lat' dir='ltr'><strong>curiae</strong></span> <span class='ocrx_word' id='word_1_250' title='bbox 3094 3898 3290 3978; x_wconf 74' lang='lat' dir='ltr'><strong>judex</strong></span> <span class='ocrx_word' id='word_1_251' title='bbox 3324 3910 3380 3962; x_wconf 78' lang='lat' dir='ltr'><strong>et</strong></span> <span class='ocrx_word' id='word_1_252' title='bbox 3406 3904 3769 3981; x_wconf 76' lang='lat' dir='ltr'><strong>imperatoris</strong></span> <span class='ocrx_word' id='word_1_253' title='bbox 3801 3906 3868 3963; x_wconf 78' lang='lat' dir='ltr'><strong>in</strong></span> 
     </span>
    </p>
   </div>
   <div class='ocr_carea' id='block_1_21' title="bbox 1062 4394 1722 4549">
    <p class='ocr_par' dir='ltr' id='par_1_23' title="bbox 1062 4394 1722 4549">
     <span class='ocr_line' id='line_1_43' title="bbox 1062 4394 1712 4469; baseline 0 -18"><span class='ocrx_word' id='word_1_254' title='bbox 1062 4401 1130 4451; x_wconf 79' lang='lat'><strong>1³</strong></span> <span class='ocrx_word' id='word_1_255' title='bbox 1161 4408 1293 4469; x_wconf 83' lang='lat' dir='ltr'><strong>aug.</strong></span> <span class='ocrx_word' id='word_1_256' title='bbox 1419 4395 1486 4452; x_wconf 86' lang='lat' dir='ltr'><strong>In</strong></span> <span class='ocrx_word' id='word_1_257' title='bbox 1519 4394 1712 4468; x_wconf 84' lang='lat' dir='ltr'><strong>platea</strong></span> 
     </span>
     <span class='ocr_line' id='line_1_44' title="bbox 1404 4490 1722 4549; baseline -0.013 0"><span class='ocrx_word' id='word_1_258' title='bbox 1404 4490 1468 4549; x_wconf 88' lang='lat' dir='ltr'><strong>S.</strong></span> <span class='ocrx_word' id='word_1_259' title='bbox 1500 4490 1722 4548; x_wconf 86' lang='lat' dir='ltr'><strong>Mariae</strong></span> 
     </span>
    </p>
   </div>
   <div class='ocr_carea' id='block_1_22' title="bbox 1410 4588 1707 4647">
    <p class='ocr_par' dir='ltr' id='par_1_24' title="bbox 1410 4588 1707 4647">
     <span class='ocr_line' id='line_1_45' title="bbox 1410 4588 1707 4647; baseline -0.003 0"><span class='ocrx_word' id='word_1_260' title='bbox 1410 4588 1707 4647; x_wconf 86' lang='lat' dir='ltr'><strong>Novellae.</strong></span> 
     </span>
    </p>
   </div>
   <div class='ocr_carea' id='block_1_23' title="bbox 1810 3998 3867 4837">
    <p class='ocr_par' dir='ltr' id='par_1_25' title="bbox 1810 3998 3867 4837">
     <span class='ocr_line' id='line_1_46' title="bbox 1887 3998 3867 4079; baseline 0.001 -20"><span class='ocrx_word' id='word_1_261' title='bbox 1887 3998 2123 4059; x_wconf 80' lang='lat' dir='ltr'><strong>concilio</strong></span> <span class='ocrx_word' id='word_1_262' title='bbox 2173 3998 2548 4079; x_wconf 76' lang='lat' dir='ltr'><strong>Luqdunemi</strong></span> <span class='ocrx_word' id='word_1_263' title='bbox 2585 4005 2952 4077; x_wconf 78' lang='lat' dir='ltr'><strong>procurator,</strong></span> <span class='ocrx_word' id='word_1_264' title='bbox 3000 4013 3036 4057; x_wconf 92' lang='lat' dir='ltr'><strong>a</strong></span> <span class='ocrx_word' id='word_1_265' title='bbox 3090 4000 3379 4058; x_wconf 86' lang='lat' dir='ltr'><strong>sententia</strong></span> <span class='ocrx_word' id='word_1_266' title='bbox 3422 4016 3522 4074; x_wconf 88' lang='lat' dir='ltr'><strong>per</strong></span> <span class='ocrx_word' id='word_1_267' title='bbox 3565 4017 3867 4061; x_wconf 86' lang='lat' dir='ltr'><strong>summum</strong></span> 
     </span>
     <span class='ocr_line' id='line_1_47' title="bbox 1887 4082 3866 4175; baseline 0 -18"><span class='ocrx_word' id='word_1_268' title='bbox 1887 4099 2223 4175; x_wconf 79' lang='lat' dir='ltr'><strong>pontificem</strong></span> <span class='ocrx_word' id='word_1_269' title='bbox 2272 4082 2475 4171; x_wconf 86' lang='lat' dir='ltr'><strong>inique</strong></span> <span class='ocrx_word' id='word_1_270' title='bbox 2514 4096 2942 4172; x_wconf 87' lang='lat' dir='ltr'><strong>promulganda</strong></span> <span class='ocrx_word' id='word_1_271' title='bbox 2984 4094 3061 4154; x_wconf 89' lang='lat' dir='ltr'><strong>ad</strong></span> <span class='ocrx_word' id='word_1_272' title='bbox 3106 4094 3374 4154; x_wconf 83' lang='lat' dir='ltr'><strong>futurum</strong></span> <span class='ocrx_word' id='word_1_273' title='bbox 3426 4112 3636 4171; x_wconf 88' lang='lat' dir='ltr'><strong>papam</strong></span> <span class='ocrx_word' id='word_1_274' title='bbox 3683 4105 3743 4156; x_wconf 87' lang='lat' dir='ltr'><strong>et</strong></span> <span class='ocrx_word' id='word_1_275' title='bbox 3786 4099 3866 4158; x_wconf 85' lang='lat' dir='ltr'><strong>ad</strong></span> 
     </span>
     <span class='ocr_line' id='line_1_48' title="bbox 1888 4193 3865 4270; baseline -0.001 -14"><span class='ocrx_word' id='word_1_276' title='bbox 1888 4198 2200 4257; x_wconf 85' lang='lat' dir='ltr'><strong>concilium</strong></span> <span class='ocrx_word' id='word_1_277' title='bbox 2237 4194 2568 4253; x_wconf 87' lang='lat' dir='ltr'><strong>universale</strong></span> <span class='ocrx_word' id='word_1_278' title='bbox 2612 4195 2726 4252; x_wconf 89' lang='lat' dir='ltr'><strong>isto</strong></span> <span class='ocrx_word' id='word_1_279' title='bbox 2761 4193 3004 4252; x_wconf 87' lang='lat' dir='ltr'><strong>concilio</strong></span> <span class='ocrx_word' id='word_1_280' title='bbox 3040 4193 3368 4269; x_wconf 81' lang='lat' dir='ltr'><strong>generalius</strong></span> <span class='ocrx_word' id='word_1_281' title='bbox 3407 4210 3514 4269; x_wconf 88' lang='lat' dir='ltr'><strong>pro</strong></span> <span class='ocrx_word' id='word_1_282' title='bbox 3550 4200 3714 4270; x_wconf 87' lang='lat' dir='ltr'><strong>parte</strong></span> <span class='ocrx_word' id='word_1_283' title='bbox 3754 4195 3865 4254; x_wconf 90' lang='lat' dir='ltr'><strong>do-</strong></span> 
     </span>
     <span class='ocr_line' id='line_1_49' title="bbox 1890 4291 3863 4367; baseline 0 -15"><span class='ocrx_word' id='word_1_284' title='bbox 1890 4297 2033 4353; x_wconf 85' lang='lat' dir='ltr'><strong>mini</strong></span> <span class='ocrx_word' id='word_1_285' title='bbox 2061 4296 2151 4351; x_wconf 87' lang='lat' dir='ltr'><strong>sui</strong></span> <span class='ocrx_word' id='word_1_286' title='bbox 2180 4291 2458 4367; x_wconf 86' lang='lat' dir='ltr'><strong>appellat.</strong></span> <span class='ocrx_word' id='word_1_287' title='bbox 3637 4292 3642 4296; x_wconf 80' lang='grc'><strong>’</strong></span> <span class='ocrx_word' id='word_1_288' title='bbox 3748 4301 3863 4352; x_wconf 76' lang='grc'><strong>318</strong></span> 
     </span>
     <span class='ocr_line' id='line_1_50' title="bbox 1810 4384 3862 4468; baseline -0.001 -20"><span class='ocrx_word' id='word_1_289' title='bbox 1810 4391 2020 4448; x_wconf 78' lang='lat' dir='ltr'><strong>Frater</strong></span> <span class='ocrx_word' id='word_1_290' title='bbox 2051 4390 2356 4468; x_wconf 76' lang='lat' dir='ltr'><strong>Roqerius,</strong></span> <span class='ocrx_word' id='word_1_291' title='bbox 2387 4386 2456 4446; x_wconf 79' lang='lat' dir='ltr'><strong>de</strong></span> <span class='ocrx_word' id='word_1_292' title='bbox 2480 4385 2680 4445; x_wconf 77' lang='lat' dir='ltr'><strong>ordine</strong></span> <span class='ocrx_word' id='word_1_293' title='bbox 2702 4384 3194 4465; x_wconf 75' lang='lat' dir='ltr'><strong>praedicatorum,</strong></span> <span class='ocrx_word' id='word_1_294' title='bbox 3225 4384 3636 4446; x_wconf 72' lang='lat' dir='ltr'><strong>haereticorum</strong></span> <span class='ocrx_word' id='word_1_295' title='bbox 3665 4388 3862 4468; x_wconf 75' lang='lat' dir='ltr'><strong>inqui-</strong></span> 
     </span>
     <span class='ocr_line' id='line_1_51' title="bbox 1887 4485 3865 4561; baseline 0.001 -17"><span class='ocrx_word' id='word_1_296' title='bbox 1887 4489 2031 4545; x_wconf 78' lang='lat' dir='ltr'><strong>sitor</strong></span> <span class='ocrx_word' id='word_1_297' title='bbox 2065 4488 2129 4544; x_wconf 80' lang='lat' dir='ltr'><strong>in</strong></span> <span class='ocrx_word' id='word_1_298' title='bbox 2177 4486 2411 4558; x_wconf 71' lang='lat' dir='ltr'><strong>Tuscia,</strong></span> <span class='ocrx_word' id='word_1_299' title='bbox 2454 4487 2750 4561; x_wconf 89' lang='lat' dir='ltr'><strong>publicum</strong></span> <span class='ocrx_word' id='word_1_300' title='bbox 2798 4489 3250 4544; x_wconf 83' lang='lat' dir='ltr'><strong>instrumentum</strong></span> <span class='ocrx_word' id='word_1_301' title='bbox 3289 4485 3415 4544; x_wconf 81' lang='lat' dir='ltr'><strong>fieri</strong></span> <span class='ocrx_word' id='word_1_302' title='bbox 3449 4486 3622 4561; x_wconf 75' lang='lat' dir='ltr'><strong>jubet</strong></span> <span class='ocrx_word' id='word_1_303' title='bbox 3658 4493 3865 4546; x_wconf 86' lang='lat' dir='ltr'><strong>eontra</strong></span> 
     </span>
     <span class='ocr_line' id='line_1_52' title="bbox 1889 4581 3863 4659; baseline 0.001 -17"><span class='ocrx_word' id='word_1_304' title='bbox 1889 4586 2099 4643; x_wconf 84' lang='lat' dir='ltr'><strong>Pacem</strong></span> <span class='ocrx_word' id='word_1_305' title='bbox 2125 4584 2525 4654; x_wconf 85' lang='lat' dir='ltr'><strong>Passanolam‚</strong></span> <span class='ocrx_word' id='word_1_306' title='bbox 2544 4588 2889 4659; x_wconf 71' lang='lat' dir='ltr'><strong>potestatem</strong></span> <span class='ocrx_word' id='word_1_307' title='bbox 2917 4581 3342 4659; x_wconf 86' lang='lat' dir='ltr'><strong>Florentinum,</strong></span> <span class='ocrx_word' id='word_1_308' title='bbox 3363 4586 3464 4659; x_wconf 88' lang='lat' dir='ltr'><strong>qui</strong></span> <span class='ocrx_word' id='word_1_309' title='bbox 3484 4583 3557 4641; x_wconf 90' lang='lat' dir='ltr'><strong>de</strong></span> <span class='ocrx_word' id='word_1_310' title='bbox 3582 4583 3863 4643; x_wconf 85' lang='lat' dir='ltr'><strong>mandato</strong></span> 
     </span>
     <span class='ocr_line' id='line_1_53' title="bbox 1886 4679 3862 4756; baseline 0.001 -18"><span class='ocrx_word' id='word_1_311' title='bbox 1886 4682 2251 4755; x_wconf 88' lang='lat' dir='ltr'><strong>imperatoris</strong></span> <span class='ocrx_word' id='word_1_312' title='bbox 2298 4684 2359 4740; x_wconf 92' lang='lat' dir='ltr'><strong>in</strong></span> <span class='ocrx_word' id='word_1_313' title='bbox 2413 4681 2736 4740; x_wconf 86' lang='lat' dir='ltr'><strong>haereticos</strong></span> <span class='ocrx_word' id='word_1_314' title='bbox 2790 4679 3117 4740; x_wconf 86' lang='lat' dir='ltr'><strong>Florentiae</strong></span> <span class='ocrx_word' id='word_1_315' title='bbox 3161 4683 3477 4740; x_wconf 84' lang='lat' dir='ltr'><strong>sententias</strong></span> <span class='ocrx_word' id='word_1_316' title='bbox 3524 4680 3663 4740; x_wconf 76' lang='lat' dir='ltr'><strong>ferri</strong></span> <span class='ocrx_word' id='word_1_317' title='bbox 3714 4697 3862 4756; x_wconf 87' lang='lat' dir='ltr'><strong>pro-</strong></span> 
     </span>
     <span class='ocr_line' id='line_1_54' title="bbox 1883 4777 3858 4837; baseline 0.001 -1"><span class='ocrx_word' id='word_1_318' title='bbox 1883 4777 2066 4836; x_wconf 87' lang='lat' dir='ltr'><strong>hibet.</strong></span> <span class='ocrx_word' id='word_1_319' title='bbox 3744 4787 3858 4837; x_wconf 77' lang='lat'><strong>842</strong></span> 
     </span>
    </p>
   </div>
  </div>
 </body>
</html>
