4525 6031
667 697 872 760 lanier.
901 696 998 776 8.]
1567 692 1966 756 HISTORIA
2014 688 2603 756 nlpnoMA'rch.
3369 690 3494 752 889

766 831 1161 922 ConraduS,
1198 829 1343 903 divi
1374 830 1649 921 augusti
1686 829 2123 926 imperatoris
2162 826 2492 901 Friderici
2533 823 2751 915 filius,
2787 823 2914 895 Dei
2967 824 3188 916 gratia
3235 824 3487 897 Roma-

670 976 922 1029 norum
966 957 1039 1027 in
1085 975 1326 1048 regem
1390 954 1688 1044 electus,
1751 973 2028 1050 semper
2069 961 2406 1046 augustus
2457 959 2528 1022 et
2577 949 2781 1020 heres
2834 947 3029 1041 regni
3073 948 3480 1020 Jerusalem.

672 1079 936 1153 Tenore
984 1078 1413 1175 presentium
1459 1086 1705 1150 notum
1756 1077 2045 1149 facimus
2095 1075 2443 1148 universis
2488 1072 2679 1167 quod
2722 1093 2851 1144 nos
2884 1071 2978 1143 ob
3025 1071 3486 1144 reverentiam

667 1202 832 1275 Iesu
860 1202 1133 1293 Christi,
1171 1199 1514 1295 hospitale
1555 1201 1804 1272 Sancte
1834 1199 2049 1274 Marie
2081 1200 2154 1270 in
2197 1196 2695 1289 Nordelingen‚
2727 1194 2820 1268 ad
2846 1193 3188 1286 refugium
3215 1215 3484 1290 paupe-

671 1348 828 1398 rum
863 1326 1230 1399 fundatum
1253 1379 1273 1416 ,
1318 1325 1410 1396 ab
1458 1324 1779 1396 omnibus
1834 1322 2197 1418 precariiS,
2253 1320 2732 1394 exactionibus
2771 1328 2842 1389 et
2891 1317 3316 1411 quibuslibet
3354 1340 3487 1413 pu-

669 1449 870 1522 hlicis
908 1448 1203 1522 servitiis
1248 1448 1439 1520 curie
1490 1457 1725 1520 nostre
1774 1447 2104 1519 duximus
2146 1454 2486 1541 perpetuo
2537 1440 3022 1533 eximendum3
3075 1442 3486 1514 mandantes

670 1570 999 1642 ministris
1040 1578 1111 1642 et
1142 1570 1412 1642 civibus
1446 1569 1702 1642 nostris
1734 1569 1823 1642 de
1856 1568 2325 1661 Nordelingen
2356 1579 2494 1638 tam
2524 1565 2962 1662 presentibus
2988 1587 3199 1658 quam
3236 1565 3487 1637 futuris

668 1704 1010 1788 quatenus
1058 1695 1289 1765 nullus
1342 1694 1431 1765 sit
1481 1693 1600 1787 qui
1650 1692 1914 1765 dictum
1968 1692 2306 1787 hospitale
2369 1690 2730 1764 occasione
2781 1688 3074 1782 alicujus
3132 1691 3478 1784 precaris,

667 1826 906 1889 contra
941 1826 1254 1888 tenorem
1294 1817 1637 1911 presentis
1680 1816 1900 1906 gratie
1945 1826 2180 1888 nostre
2219 1814 2488 1887 indulte
2520 1814 2648 1884 sibi
2667 1867 2686 1905 ,
2723 1813 3075 1885 offendere
3117 1813 3207 1885 de
3248 1825 3483 1886 cetero

667 1939 779 2010 vel
810 1940 1183 2011 molestare
1223 1949 1581 2034 presumat
1621 1965 1640 2010 ε
1684 1961 1847 2010 nam
1879 1937 2030 2036 (sic)
2070 1938 2189 2031 qui
2227 1938 2725 2033 presumpserit
2758 1937 3301 2028 indignationem
3345 1939 3478 2008 im-

667 2063 995 2157 perialem
1056 2071 1128 2133 et
1185 2073 1494 2135 nostram
1548 2084 1622 2134 se
1669 2062 1943 2136 noverit
1998 2063 2462 2134 incursurum.
2516 2060 2629 2133 Ad
2678 2061 2877 2153 cujus
2930 2060 3034 2131 rei
3075 2060 3477 2131 memoriam

665 2207 952 2281 presens
996 2187 1328 2281 scriptum
1375 2185 1539 2258 inde
1587 2184 1737 2257 fieri
1775 2194 1848 2258 et
1888 2186 2111 2279 sigillo
2156 2194 2391 2257 nostre
2438 2184 2865 2256 celsitudinis
2908 2183 3237 2275 Jussimus
3278 2203 3478 2254 com-

664 2307 945 2380 muniri.

756 2433 1010 2503 Datum
1064 2430 1252 2526 apud
1313 2431 1824 2525 Nordelingen,
1893 2454 2080 2505 anno
2156 2429 2503 2505 dominice
2557 2430 3049 2502 incarnationis
3109 2429 3475 2502 millesimo

661 2553 1137 2628 ducentesimo
1183 2555 1786 2650 quinquagesimo,
1835 2577 2073 2628 mense
2123 2556 2377 2647 martii,
2430 2564 2676 2627 octave
2709 2553 3128 2626 indictionis.

1098 2845 1768 2856 —uo-—o—--mm
1777 2847 2071 2856 -0--00-00-

768 3112 1191 3214 Conradus,
1232 3112 1754 3196 Romanorum
1790 3113 1870 3193 in
1905 3138 2165 3219 regem
2202 3113 2483 3196 electus
2502 3175 2525 3220 ‚
2567 3114 2961 3199 Ludcwioo
3010 3116 3283 3198 seniori
3320 3141 3468 3198 co-
3550 3131 3643 3239 ,ξς
3661 3133 3859 3229 ⁶⁸32„

658 3244 824 3325 miti
873 3245 970 3327 de
1015 3246 1417 3355 Oettingen
1482 3246 1858 3329 civitatem
1915 3271 2137 3327 suam
2186 3248 2283 3329 dc
2331 3247 2798 3356 Nordlingen
2853 3247 3076 3330 titulo
3129 3248 3472 3358 pignoris
3603 3196 3797 3336 {¹:³²

658 3376 803 3459 sub
865 3387 1067 3460 certo
1127 3388 1467 3487 tempore
1529 3378 1855 3487 obligat,
1911 3404 2051 3486 pro
2111 3378 2429 3460 diversis
2494 3379 2855 3487 pecuniae
2915 3381 3239 3462 summis
3301 3393 3469 3464 tum

655 3509 946 3593 civibus
1011 3510 1462 3619 Ratisponae
1482 3573 1505 3618 ‚
1567 3522 1733 3593 tum
1782 3511 2185 3619 pincernae
2237 3512 2334 3592 de
2378 3511 2617 3620 Ering
2661 3522 2737 3593 et
2782 3513 3122 3621 dapifero
3165 3515 3262 3597 de
3315 3514 3472 3598 Re-

655 3639 1036 3749 chenberg
1070 3642 1697 3750 excomputandis
1733 3656 1807 3724 et
1842 3641 2386 3751 persolvendis.

818 3854 1020 3934 (Edid.
1051 3856 1260 3930 me,
1289 3852 1663 3918 Mamaea
1687 3872 1800 3916 zur
1830 3853 2249 3937 Oetcinqischer
2283 3849 2635 3931 caelatam,
2678 3861 2725 3914 t.
2763 3854 2824 3914 11
2846 3895 2864 3928 ,
2903 3872 2968 3933 p.
3004 3864 3148 3933 231,
3177 3874 3255 3918 ex
3299 3862 3470 3936 copia

896 3959 1194 4041 anssqua.)

749 4147 1144 4240 Conradus‚
1196 4148 1343 4221 divi
1389 4148 1664 4240 augusti
1699 4148 2132 4243 imperatoris
2172 4145 2498 4217 Friderici
2534 4143 2753 4236 filius,
2789 4147 2915 4217 Dei
2954 4149 3175 4238 gratia
3215 4151 3466 4224 Roma·

652 4288 904 4341 norum
943 4272 1017 4342 in
1067 4291 1307 4364 regem
1353 4273 1647 4361 electuS,
1704 4293 1982 4365 semper
2024 4279 2359 4361 augustus
2403 4278 2473 4340 et
2517 4267 2720 4340 heres
2772 4271 2967 4363 regni
3007 4271 3463 4345 Jherusalem.

652 4394 784 4464 Per
838 4415 1124 4489 presens
1183 4395 1516 4491 scriptum
1565 4404 1808 4466 notum
1866 4416 2017 4465 esse
2068 4393 2390 4464 volumus
2449 4391 2792 4464 universis
2847 4392 3170 4466 fidelibus
3219 4396 3470 4468 nostris

654 4517 844 4610 quod
889 4538 1016 4589 nos
1052 4540 1180 4613 pro
1214 4519 1416 4590 bonis
1469 4519 1719 4590 ablatis
1758 4518 2025 4590 civibus
2068 4515 2686 4612 Ratisponensibus
2737 4536 2865 4610 per
2915 4517 3337 4590 Fridericum
3382 4520 3473 4592 de

648 4644 1069 4717 Monesenek
1108 4644 1387 4718 fidelem
1432 4655 1785 4735 nostrum,
1822 4645 1952 4716 sub
1985 4653 2313 4739 pretextu
2358 4643 2748 4715 debitorum
2788 4666 2917 4738 pro
2949 4646 3203 4739 quihus
3235 4657 3474 4718 noster

651 4767 886 4840 extitit
915 4767 1302 4861 fidejussor,
1342 4770 1472 4842 sub
1500 4769 1851 4842 conductu
1898 4767 2216 4840 Ludwici
2254 4765 2543 4840 senioris
2588 4766 2857 4840 comitis
2904 4769 2993 4841 de
3026 4769 3320 4862 Otingeu
3359 4768 3468 4840 di-
