4525 6031
749 3419 923 3473 [Suum]

1065 690 1184 753 746
2012 695 2018 704 ‘
2067 686 2496 747 rmnssmcl
2544 683 2894 746 Simulum
3504 681 3669 760 [Ans.
3706 681 3884 744 1249.

1060 845 1203 919 quo
1234 831 1426 895 tanto
1457 820 1999 895 vehementioris
2033 841 2317 892 causam
2355 819 2764 892 turbationis
2797 817 3328 912 assumpsimus,
3359 828 3625 910 quanto
3657 838 3890 911 perso·

1057 969 1223 1019 nam
1247 956 1550 1020 vestram
1576 966 1701 1040 pre
1728 944 1994 1016 cunctis
2023 945 2266 1016 mundi
2297 944 2577 1036 regibus
2601 953 2672 1014 et
2689 940 3119 1036 principibus
3151 941 3530 1036 synceriori
3553 939 3888 1012 charitate

1059 1071 1447 1164 diligimuS,
1499 1079 1570 1141 et
1620 1077 1882 1162 quanto
1926 1090 2050 1163 per
2098 1067 2171 1140 id
2209 1070 2587 1139 multorum
2623 1066 2867 1139 Christi
2902 1064 3215 1137 fidelium
3256 1064 3617 1136 nobiscum
3657 1064 3889 1143 inten-

1060 1195 1247 1266 tione
1281 1213 1617 1288 suspensa
1639 1246 1658 1277 ,
1689 1193 1901 1263 Terre
1935 1193 2187 1263 Sancte
2220 1192 2521 1280 excidio,
2565 1212 2703 1284 que
2733 1189 3154 1262 Gallicarum
3185 1187 3440 1259 virium
3469 1196 3609 1257 tam
3646 1188 3886 1283 proxi-

1059 1341 1251 1390 mum
1294 1315 1679 1389 subsidium
1725 1315 2183 1409 expectabat,
2229 1313 2502 1385 devotis
2541 1313 2902 1384 affectibus
2946 1311 3425 1384 condolemus,
3467 1311 3607 1382 Ista
3653 1321 3887 1382 tamen

1056 1443 1251 1515 varia
1278 1440 1619 1512 relatione
1645 1438 1999 1533 perplexi,
2031 1437 2320 1509 credere
2345 1437 2751 1531 simpliciter
2778 1436 3088 1530 loquacis
3114 1436 3296 1506 fame
3330 1434 3647 1508 relationi
3669 1434 3891 1507 nolui-

1057 1589 1214 1637 mus
1234 1619 1254 1654 ,
1293 1564 1522 1637 donec
1554 1583 1764 1656 super
1800 1561 1910 1633 his
1941 1562 2234 1652 veritas,
2268 1583 2407 1655 que
2437 1561 2812 1635 dubietatis
2844 1560 3244 1653 hujusmodi
3275 1559 3585 1630 turbines
3610 1559 3884 1649 abluat,

1058 1689 1261 1761 nobis
1298 1687 1592 1766 lucidior
1634 1683 1942 1780 patefiat.
1981 1687 2273 1782 Propter
2304 1686 2494 1779 quod
2502 1737 2849 1756 .....
2905 1685 3196 1760 latorem
3227 1683 3649 1778 presentium
3683 1692 3764 1756 ut
3796 1680 3889 1754 ad

1058 1835 1188 1894 nos
1217 1812 1462 1892 redeat
1492 1810 1706 1886 vestri
1740 1831 2112 1905 processus
2138 1806 2431 1905 (utinam
2463 1805 2711 1905 felicis)
2739 1807 2997 1886 noticia
3029 1807 3406 1886 instructus
3438 1816 3762 1897 assertor,
3796 1806 3889 1879 ad

1057 1946 1360 2009 vestram
1413 1934 1832 2030 presentiam
1880 1933 2273 2030 specialiter
2308 1934 2639 2005 duximus
2678 1932 3198 2005 destinandum.
3235 1932 3586 2004 vellemus
3631 1931 3883 2003 nihilo-

1060 2062 1291 2132 minus
1321 2059 1645 2130 fluctibus
1677 2059 1967 2153 placatis
2007 2058 2298 2148 Italicis,
2335 2057 2533 2128 vobis
2565 2079 2719 2128 esse
2765 2058 3079 2128 locorum
3123 2055 3483 2126 habilitate
3518 2055 3762 2143 vicini;
3808 2064 3889 2126 ut

1062 2184 1635 2279 qualitercunque
1680 2204 1792 2253 res
1851 2182 2000 2275 ipsa
2052 2202 2128 2252 se
2177 2180 2474 2273 habeat,
2524 2202 2729 2277 opem
2779 2203 2919 2252 non
2971 2179 3185 2250 literis
3233 2188 3500 2249 tantum
3523 2230 3542 2268 ,
3581 2176 3706 2249 sed
3737 2177 3890 2249 aliis

1064 2307 1387 2380 subsidiis
1431 2306 1630 2378 vobis
1682 2315 1917 2375 nostre
1962 2301 2476 2397 magnificentie
2518 2303 2811 2375 dextera
2864 2303 3243 2375 destinaret
3289 2331 3305 2374 ε
3354 2324 3490 2395 que
3534 2312 3765 2372 tamen
3815 2300 3886 2371 in

1064 2442 1403 2525 quantum
1448 2428 1894 2523 negociorum
1938 2437 2008 2498 et
2048 2436 2437 2522 temporum
2488 2427 2785 2520 qualitas
2828 2427 3112 2521 patitur,
3149 2447 3291 2497 non
3331 2428 3559 2495 minus
3591 2425 3893 2496 libenter

1064 2555 1264 2629 vobis
1304 2552 1653 2625 offerimus
1697 2573 1906 2644 quam
1954 2551 2157 2622 nobis
2203 2551 2370 2645 ipsis
2428 2560 2549 2621 aut
2590 2551 2712 2621 uui
2744 2572 2953 2645 quem
3000 2548 3383 2622 chariorem
3421 2548 3757 2622 habemus
3795 2569 3891 2628 ex

1066 2678 1317 2750 nostris
1358 2675 1516 2747 filiis
1556 2686 2061 2776 presentamus.
2111 2674 2563 2745 Dilectionem
2619 2673 2855 2767 itaque
2898 2683 3202 2744 vestram
3255 2694 3577 2764 rogamus
3624 2681 3887 2748 attente

1065 2813 1409 2899 quatenus
1441 2800 1530 2872 de
1572 2809 1756 2870 statu
1792 2811 1862 2870 et
1906 2798 2333 2870 continentia
2362 2808 2594 2868 vestra
2625 2817 2708 2868 ac
2744 2796 2929 2868 stolii
2958 2796 3175 2869 vestri
3205 2795 3643 2900 processibus
3676 2794 3888 2866 anxia

1066 2937 1301 2999 nostre
1330 2923 1720 2996 serenitatis
1754 2922 2125 2993 intrinseca
2158 2921 2538 2993 renovetis.

1176 3399 1629 3504 FridericuS,
1655 3400 2171 3481 Romanorum
2202 3398 2643 3506 imperator,
2669 3396 2759 3480 B.
2793 3397 3103 3507 reginae
3129 3395 3597 3479 Francorum
3630 3390 3908 3485 scribit

1069 3518 1151 3615 se
1187 3531 1453 3645 nuntio
1492 3530 1788 3614 Alfonsi
1833 3530 2128 3613 comitis
2164 3530 2647 3613 pictaviensis
2684 3530 2821 3611 filii
2857 3528 3198 3638 ejusdem
3236 3529 3542 3639 reginae
3577 3550 3887 3613 saumas

1067 3662 1431 3746 frumenti
1503 3672 1578 3745 et
1645 3662 1908 3749 hordei
1979 3661 2375 3773 bonosque
2437 3662 2855 3747 dextrarios
2925 3661 3429 3779 assignavisse
3445 3722 3473 3777 ⁷
3533 3683 3891 3747 concessa

1067 3797 1314 3879 eidem
1376 3794 1680 3878 licentia
1739 3794 2160 3883 necessaria
2216 3793 2598 3907 quaelibet
2649 3794 2746 3877 de
2788 3819 3029 3911 regno
3083 3818 3224 3885 suo
3277 3791 3578 3885 ,emendi
3620 3804 3698 3885 et
3734 3817 3888 3885 ex-

1068 3927 1444 4025 trahendi.

1233 4187 1426 4277 (Edit.
1449 4187 1516 4246 in
1544 4184 1717 4246 Petri
1740 4181 1809 4244 de
1847 4183 1979 4245 Vin.
2015 4182 2207 4267 epist,
2248 4181 2353 4243 lib.
2385 4182 2500 4254 nl,
2529 4198 2660 4258 cap.
2691 4180 2956 4259 xxlm;
2990 4179 3125 4240 coll.
3168 4196 3306 4241 cum
3333 4179 3468 4241 cod.
3504 4178 3659 4249 mm,
3688 4179 3884 4251 Can.

1096 4284 1105 4291 ‘
1306 4293 1525 4370 Paris„
1551 4306 1684 4351 ane.
1711 4286 1895 4371 fonds
1918 4285 2099 4364 latin,
2127 4297 2195 4347 n⁰
2232 4295 2414 4366 sss-1,
2440 4283 2699 4363 etsonds
2734 4283 3223 4347 saint-Garmai„
3259 4280 3512 4371 Har-lq,
3545 4294 3615 4346 ιι·
3649 4293 3800 4369 ⁴⁵⁵,
3830 4293 3892 4348 et

1308 4413 1447 4459 cum
1473 4396 1673 4458 codice
1696 4395 2139 4457 Guelbertttano
2163 4408 2400 4454 necnon
2425 4392 2814 4453 Mediomont.
2845 4389 3308 4477 Phililppsensi.)

1161 4650 1566 4735 Fredericus
1589 4702 1609 4743 ,
1644 4663 1821 4747 etc„
1860 4646 2111 4721 illustri
2138 4646 2376 4740 regine
2410 4645 2829 4725 Francorum
2850 4698 2870 4739 ‚
2907 4656 3044 4725 etc.
3082 4646 3300 4725 Multa
3327 4652 3658 4739 suntque
3694 4641 3890 4722 vobis

1070 4787 1141 4850 et
1168 4778 1414 4851 vestris
1441 4776 1740 4848 libenter
1770 4773 2043 4868 placere
2073 4791 2199 4843 nos
2230 4769 2612 4841 admonent
2634 4822 2654 4860 ,
2691 4770 2864 4844 dum
2894 4768 3368 4864 multipliciter
3391 4767 3731 4845 hacteuus
3761 4785 3891 4838 vos
