4525 6031
1613 664 1883 724 INDEX
1931 660 2627 726 DOCUMENTORUM.
3419 659 3543 721 975

734 859 959 936 1249

704 998 779 1047 20
805 991 973 1067 april.
1139 989 1319 1066 Apud
1475 1022 1556 1036 —
1595 991 1795 1051 Ticcio
1820 990 1895 1050 de
1917 990 2079 1051 Colle
2098 992 2320 1051 vicario
2344 991 2658 1050 comitatus
2681 988 2950 1048 Senensis
2976 984 3223 1045 mandat
3244 990 3314 1044 nt
3337 985 3416 1045 ad
3442 1003 3542 1047 re-

1038 1086 1412 1147 Fuchiclum.
1553 1090 1933 1166 quisitionem
1960 1088 2192 1149 abbatis
2225 1087 2425 1149 Sancti
2452 1087 2775 1148 salvatoris
2799 1084 2873 1144 de
2901 1083 3102 1142 Monte
3128 1082 3363 1142 Amiato
3396 1099 3538 1159 par-

1556 1190 1646 1244 tes
1680 1185 1754 1244 de
1790 1188 2152 1262 possessione
2185 1188 2364 1245 castri
2409 1185 2579 1245 Plani
2620 1182 2981 1258 Castagnarii
3026 1179 3443 1240 contendentes
3476 1182 3541 1241 in

1555 1280 1722 1342 brevi
1743 1286 1995 1343 termino
2014 1284 2090 1343 ad
2114 1299 2390 1361 magnam
2418 1282 2780 1358 imperialem
2802 1280 3029 1339 curiam
3053 1279 3214 1348 citet,
3237 1283 3350 1336 etc.
3424 1286 3538 1337 722

701 1408 777 1459 20
805 1399 974 1475 april,
1086 1397 1362 1460 Ficoeno,
1474 1419 1558 1432 —
1595 1388 1893 1449 Friderico
1927 1389 2002 1449 de
2028 1389 2345 1450 Antiochia
2375 1388 2662 1465 imperiali
2691 1389 2754 1446 in
2783 1386 3001 1445 Tuscia
3031 1386 3253 1443 vicario
3284 1383 3540 1460 generali

1557 1486 1802 1546 mandat
1852 1493 1920 1546 ut
1972 1503 2146 1563 super
2201 1489 2481 1562 petitione
2538 1485 2769 1545 abbatis
2824 1483 3024 1543 Sancti
3086 1481 3408 1541 Salvatoris
3466 1483 3541 1542 de

1557 1582 1760 1641 Monte
1784 1581 2023 1642 Amiato
2051 1599 2158 1659 pro
2185 1589 2445 1643 mercato
2484 1582 2680 1643 Plebis
2707 1580 2783 1640 de
2817 1580 3066 1640 Lamula
3092 1578 3417 1640 secundum
3440 1583 3539 1655 jus

1555 1679 1849 1754 procedat.
3422 1684 3535 1737 723

746 1795 925 1853 maio,
1142 1793 1315 1853 Pisis,
1477 1814 1556 1827 —
1597 1785 1713 1844 Pro
1760 1786 1945 1861 gratis
1990 1787 2247 1845 servitiis
2285 1784 2492 1845 Uberti
2534 1784 2895 1844 marchionis
2932 1783 3307 1858 Pellavicini,
3346 1781 3536 1842 eidem

1552 1882 1878 1940 marchioni
1904 1883 2091 1942 multa
2118 1888 2312 1942 castra
2337 1885 2400 1941 in
2431 1882 2865 1958 episcopatibus
2896 1881 3179 1952 Parmae,
3210 1880 3539 1940 Placentiae

1553 1983 1614 2037 et
1647 1979 1964 2039 Cremonae
2001 1981 2113 2039 sita
2153 1996 2289 2040 cum
2336 1980 2690 2057 appenditiis
2735 1995 2940 2038 eorum
2985 1984 3046 2038 et
3080 1980 3219 2054 jure
3259 1976 3538 2055 exigendi

1551 2075 1798 2153 pedagia
1823 2093 1927 2151 per
1952 2076 2180 2136 Padum
2208 2078 2478 2137 concedit
2503 2081 2563 2135 et
2591 2073 2926 2135 confirmat.
3420 2084 3534 2136 728

698 2193 773 2244 25
808 2188 969 2246 maii.
1084 2184 1351 2262 Neapoli.
1473 2212 1553 2223 —
1592 2181 1791 2239 Ticcio
1817 2181 1891 2241 de
1919 2181 2081 2241 Colle
2108 2184 2329 2242 vicario
2355 2183 2555 2243 Sancti
2581 2182 2804 2254 Quirici
2832 2186 2891 2240 et
2916 2181 3286 2256 episcopatus
3310 2180 3534 2240 Senen-

1555 2279 1635 2336 sis
1661 2278 1908 2338 mandat
1933 2284 2002 2338 ut
2031 2282 2383 2339 sententiam
2409 2295 2654 2356 magnae
2689 2295 2830 2338 suae
2857 2280 3055 2337 curiae
3091 2284 3293 2337 contra
3322 2295 3535 2354 procu-

1553 2381 1807 2434 ratorem
1835 2376 2129 2436 Frederici
2152 2383 2211 2435 et
2240 2378 2494 2453 Peponis
2520 2378 2740 2436 civium
2769 2377 3112 2435 Senensium
3142 2391 3315 2450 super
3341 2381 3536 2434 castro

1559 2470 1723 2530 Plani
1777 2471 2140 2549 Castagnarii
2182 2475 2243 2533 in
2287 2473 2548 2532 favorem
2595 2472 2825 2532 abbatis
2861 2472 3061 2531 Sancti
3100 2471 3423 2531 Salvatoris
3463 2473 3539 2532 de

1554 2566 1755 2627 Monte
1781 2569 2016 2628 Amiato
2044 2570 2248 2647 latam,
2279 2574 2344 2629 in
2371 2572 2658 2647 praesenti
2688 2571 2900 2645 exequi
2927 2585 3045 2628 non
3076 2571 3331 2629 omittat.
3420 2577 3534 2628 733

748 2681 928 2757 [circa
1012 2719 1028 2735 .
1079 2723 1095 2739 .
1144 2718 1163 2738 .
1204 2720 1220 2737 .
1271 2724 1287 2740 .
1346 2722 1364 2742 .
1422 2723 1437 2739 .
1479 2705 1552 2716 —
1592 2672 1840 2732 Mandat
1878 2674 2002 2733 filio
2046 2691 2153 2735 suo
2191 2683 2260 2735 ut
2298 2677 2553 2754 aliquem
2593 2673 2992 2733 Lombardum
3030 2673 3209 2750 eligat
3248 2679 3309 2732 et
3342 2676 3537 2751 ipsum

699 2775 970 2857 maium]
1552 2767 1630 2826 ad
1681 2769 1996 2846 regendam
2035 2773 2336 2831 civitatem
2380 2771 2733 2832 Escnlanam
2772 2770 2983 2830 debeat
3030 2770 3325 2829 destinare
3372 2769 3537 2831 festi-

1550 2872 1783 2925 nanter.
3188 2887 3191 2892 ·
3420 2875 3536 2928 735

714 2978 961 3058 [μυχία]
1005 3023 1020 3038 ,
1071 3022 1088 3040 .
1138 3024 1153 3040 ,
1206 3025 1221 3040 ,
1270 3024 1287 3042 ,
1346 3026 1363 3044 ,
1421 3025 1438 3043 ,
1473 3004 1553 3015 -
1591 2971 1806 3032 Scribit
1845 2974 2314 3035 Bononiensibus
2353 2975 2512 3052 quod
2556 2991 2677 3035 non
2723 2975 2954 3034 elevent
2997 2990 3060 3034 se
3096 2975 3160 3033 in
3202 2973 3537 3050 superbiam

1551 3077 1788 3147 propter
1808 3074 2113 3133 victoriam
2136 3075 2399 3134 habitam
2420 3075 2493 3133 de
2512 3075 2766 3133 Henrieo
2783 3072 2908 3132 fllio
2928 3089 3059 3143 suo,
3076 3078 3138 3132 et
3150 3072 3312 3148 quod
3328 3076 3536 3133 incon-

1553 3170 1761 3228 tinenti
1787 3169 2034 3230 liberent
2061 3189 2194 3231 eum
2224 3189 2360 3233 cum
2391 3172 2661 3231 omnibus
2691 3172 2822 3231 aliis
2845 3187 2995 3247 quos
3020 3176 3316 3247 ceperunt.
3416 3178 3531 3229 ’137

709 3280 959 3357 [junio.]
1008 3317 1023 3334 .
1074 3320 1092 3340 .
1138 3320 1153 3336 .
1202 3321 1217 3338 .
1267 3321 1283 3338 .
1344 3323 1362 3341 .
1420 3323 1436 3340 .
1471 3306 1553 3315 —
1591 3274 1966 3352 Regratiatur
2026 3280 2324 3337 communi
2389 3277 2715 3337 Mutinensi
2772 3276 2991 3335 dolenti
3046 3274 3122 3333 de
3189 3291 3330 3334 casu
3383 3277 3535 3352 regis

1552 3369 1887 3444 Sardiniae,
1920 3380 2236 3450 monetque
2271 3381 2339 3434 nt
2375 3375 2436 3433 in
2469 3373 2587 3433 ilde
2619 3390 2726 3433 sua
2753 3378 3146 3449 perseverent,
3177 3389 3363 3448 quum
3390 3374 3535 3431 ulti-

1551 3484 1681 3528 mae
1705 3468 2011 3529 rebellium
2041 3487 2284 3531 suorum
2311 3471 2670 3546 depressioni
2697 3485 2909 3529 vacare
2934 3469 3231 3545 disponat.
3419 3477 3531 3531 ’139

735 3552 929 3651 junio.
1047 3571 1393 3635 Beneventi.
1473 3602 1553 3616 —-
1589 3570 1878 3632 Comitem
1907 3573 2290 3634 Thomasium
2319 3575 2393 3634 de
2429 3574 2725 3634 Sabaudia
2752 3574 3083 3651 generalem
3117 3575 3346 3649 imperii
3372 3573 3531 3651 lega-

1551 3672 1679 3727 tum
1720 3670 1783 3728 in
1818 3670 2175 3730 Lombardia
2221 3687 2256 3730 a
2298 3671 2543 3730 flumine
2587 3671 2841 3730 Lambro
2886 3671 3150 3745 superius
3190 3672 3529 3747 constituit,

1548 3780 1684 3823 eum
1712 3780 1876 3825 mero
1905 3771 1965 3825 et
1990 3770 2180 3827 mixto
2207 3769 2451 3843 imperio
2480 3772 2541 3826 et
2565 3768 2746 3843 gladii
2772 3773 3086 3843 potestate,
3113 3773 3229 3826 etc.
3415 3776 3525 3828 741

696 3880 761 3930 21
787 3873 966 3949 junii.
1051 3871 1392 3932 Beneventi.
1471 3897 1549 3909 —
1588 3869 1801 3929 Comlti
1831 3872 2148 3931 Thomasio
2184 3874 2257 3932 de
2284 3872 2578 3932 Sabaudia
2603 3889 2711 3948 pro
2742 3873 2921 3949 gratis
2953 3876 3080 3948 ejus
3107 3874 3357 3944 servitiis
3383 3890 3531 3933 con-

1547 3967 1704 4025 cedit
1737 3973 1806 4027 ut
1853 3969 1915 4026 in
1956 3971 2195 4028 civitate
2234 3972 2577 4030 Taurinensi
2622 3970 2933 4046 pedagium
2970 3968 3171 4027 decem
3211 3970 3529 4030 solidorum

1547 4068 1810 4121 monetae
1844 4066 2221 4138 provincialis
2252 4064 2326 4123 de
2354 4081 2732 4141 quocumque
2756 4064 2992 4124 trosello
3019 4065 3248 4140 exigat,
3280 4081 3526 4141 compu-

1546 4163 1670 4218 tato
1696 4160 1757 4218 in
1781 4158 1894 4218 hoc
1924 4163 2107 4220 veteri
2135 4167 2356 4236 septem
2384 4162 2705 4222 solidorum
2738 4161 3006 4237 pedagio.
3411 4171 3525 4223 743

694 4268 962 4343 261unii.
1048 4264 1391 4327 Beneventi.
1471 4296 1545 4307 —
1588 4263 1899 4325 Guillelmo
1926 4266 2218 4325 Tunnono
2246 4270 2372 4326 sive
2398 4268 2671 4327 Turrioni
2693 4268 2907 4327 Terrae
2935 4265 3174 4325 Laboris
3200 4272 3259 4325 et
3283 4269 3526 4327 comita-

1546 4367 1644 4420 tus
1679 4362 1891 4422 Molisii
1926 4365 2206 4440 magistro
2241 4366 2561 4423 camerario
2587 4363 2829 4422 mandat
2853 4369 2923 4422 ut
2948 4362 3246 4428 Gualterio
3275 4362 3349 4421 de
3375 4362 3528 4424 Ocra

1545 4456 1730 4516 eleeto
1756 4457 2035 4534 Capuano
2053 4460 2280 4518 restitui
2307 4458 2485 4518 faciat
2511 4460 2709 4517 omnia
2725 4458 2882 4517 bona
2906 4475 3058 4533 quae
3084 4457 3384 4534 quondam
3411 4460 3526 4519 Pe-

1546 4557 1671 4610 trus
1703 4552 1777 4611 de
1818 4554 2006 4613 Vinea
2040 4554 2323 4629 proditor,
2358 4554 2537 4614 frater
2573 4560 2633 4613 et
2665 4554 2874 4614 affines
2912 4557 3040 4630 ejus
3075 4570 3109 4612 e
3155 4557 3525 4615 concessione

1543 4649 1819 4708 ecclesiae
1847 4649 2158 4727 Capuanae
2184 4652 2578 4728 possidebant.
3408 4661 3520 4712 743

720 4750 943 4831 [julio.]
1001 4795 1018 4811 .
1073 4797 1089 4813 .
1139 4797 1157 4814 .
1202 4796 1218 4812 .
1270 4797 1288 4815 .
1343 4764 1367 4815 ·.
1413 4799 1429 4814 .
1465 4789 1543 4801 -
1583 4758 1883 4819 Ludovico
1929 4763 2053 4838 regi
2093 4763 2454 4821 Francorum
2492 4762 2767 4819 existenti
2809 4760 2873 4818 in
2909 4758 3171 4836 partibus
3212 4757 3524 4819 Uitrama-
