4525 6031
684 609 887 668 Inter.
920 607 1022 682 7.}
1576 600 1973 663 HISTORIA
2019 598 2621 662 mPLOMA'ch.
3398 602 3517 662 747

690 751 762 813 et
802 751 1077 812 vestros
1104 736 1315 810 nobis
1339 735 1678 829 placuisse
1719 735 2137 824 recolimus,
2183 744 2253 806 et
2289 736 2666 830 placituros
2706 735 2778 805 in
2810 744 3015 807 antea
3044 734 3336 808 firmiter
3373 737 3525 831 opi-

690 881 965 937 namur,
1022 861 1163 934 Sed
1194 877 1287 932 ex
1317 859 1423 929 bis
1457 839 1773 930 debitum
1811 859 2294 931 tantummodo
2331 873 2574 930 mutue
2608 858 2997 930 dilectionis
3041 861 3519 952 exsequimur,

691 999 770 1061 ut
821 1000 863 1060 a
920 987 1173 1080 quibus
1234 1005 1369 1056 nos
1405 983 1623 1053 amari
1666 983 2130 1077 conspicimus
2184 1004 2305 1054 eos
2340 983 2795 1054 amicabiliter
2848 982 3239 1074 diligamus,
3292 984 3520 1055 Unum

692 1121 1172 1185 verumtamen
1201 1109 1294 1180 ad
1326 1107 1459 1178 hoc
1486 1128 1817 1201 expresse
1845 1125 1974 1179 nos
2003 1106 2271 1178 excitat
2304 1116 2379 1177 et
2402 1106 2924 1199 quodammodo
2967 1107 3361 1179 necessario
3395 1129 3526 1179 nos

688 1235 984 1324 inducit,
1017 1232 1208 1327 quod
1250 1232 1422 1304 dum
1453 1233 1529 1302 L.
1577 1231 1917 1301 illustrem
1950 1252 2187 1322 regem
2225 1230 2650 1301 Francorum
2681 1241 2752 1301 et
2789 1230 2964 1302 alios
2999 1228 3179 1302 filios
3209 1241 3519 1323 vestros,

687 1381 863 1452 quos
894 1379 1071 1452 pura
1124 1355 1377 1428 mentis
1410 1355 1773 1426 affectione
1802 1354 2188 1445 diligimus,
2235 1375 2378 1425 non
2430 1355 2579 1425 sine
2616 1354 3056 1448 providentie
3085 1365 3319 1426 vestre
3352 1376 3524 1427 con·

691 1485 847 1556 silio
885 1503 1027 1576 quo
1059 1480 1429 1552 salubriter
1469 1501 1767 1572 regnum
1808 1478 2094 1550 Francis
2122 1479 2584 1571 gubernatur,
2617 1480 2826 1550 Terre
2857 1481 3108 1550 Sancte
3153 1481 3523 1572 negocium

691 1616 833 1679 tam
878 1607 1175 1678 libenter
1221 1625 1434 1698 quam
1474 1604 1739 1674 utiliter
1786 1603 2253 1697 conspicimus
2295 1602 2747 1698 assumpsisse
2771 1647 2796 1693 ,
2842 1603 2934 1674 ad
2979 1604 3352 1696 prestanda
3391 1605 3523 1676 sibi

691 1752 902 1827 super
932 1729 1063 1801 hec
1098 1727 1570 1800 munificentie
1597 1736 1834 1799 nostre
1870 1727 2196 1818 suffragia
2231 1736 2425 1799 tanto
2469 1727 2799 1799 libentius
2826 1727 3230 1819 invitamur,
3260 1739 3522 1821 quanto

692 1875 821 1950 per
862 1853 936 1926 id
993 1852 1275 1947 publico
1330 1852 1520 1923 bono
1575 1849 1741 1922 fidei
1791 1850 2165 1922 christiane
2222 1850 2636 1940 consulitur,
2688 1861 3093 1945 quantoque
3150 1854 3520 1945 negocium

690 1978 921 2072 ipsum
959 1999 1090 2049 nos
1135 1999 1260 2071 pre
1306 1975 1556 2047 ceteris
1596 1975 1786 2047 orbis
1828 1984 2009 2046 terre
2043 1975 2475 2070 principibus
2514 1975 2712 2067 quasi
2759 1975 3064 2067 quadam
3096 1976 3520 2071 specialitate

694 2101 1062 2190 sollicitat,
1120 2122 1203 2172 ac
1248 2099 1457 2170 etiam
1494 2120 1706 2192 super
1748 2097 1881 2169 hoc
1921 2107 2235 2170 nostrum
2277 2097 2748 2191 principaliter
2799 2097 3512 2172 interesse'versatur.

691 2224 1046 2296 Vellemus
1078 2223 1334 2295 etenim
1367 2219 1580 2317 (teste
1611 2219 1792 2316 Deo)
1833 2221 1924 2293 ad
1959 2221 2518 2316 prosecutionem
2559 2230 2700 2291 tam
2737 2221 2953 2292 sancti
2993 2224 3325 2317 propositi
3361 2247 3517 2319 per-

693 2345 1024 2420 sonaliter
1047 2345 1508 2439 nosmetipsos
1536 2344 1913 2434 adducere,
1939 2351 2017 2415 ut
2043 2343 2340 2437 qualiter
2365 2351 2434 2415 et
2459 2353 2798 2436 quantum
2831 2366 2961 2415 nos
2977 2346 3288 2438 ejusdem
3311 2363 3522 2439 nego-

695 2472 782 2544 cii
846 2487 1014 2544 cura
1061 2469 1423 2565 perungit,
1471 2478 1819 2540 tantorum
1868 2467 2260 2565 principum
2326 2468 2652 2539 comitiva
2712 2468 3010 2560 suffulti,
3062 2471 3521 2564 personaliter

694 2607 1079 2670 monstrare
1110 2615 1496 2690 possemus,
1539 2593 1678 2666 Sed
1712 2601 2049 2688 concepta
2074 2585 2222 2684 jam
2259 2593 2529 2665 dudum
2569 2593 2684 2664 vel
2716 2593 3062 2664 obstinata
3094 2594 3261 2685 quin
3289 2596 3521 2690 potius

698 2741 876 2817 pape
925 2719 1144 2793 nostri
1198 2717 1463 2791 duricie
1484 2771 1504 2809 ,
1553 2718 1747 2790 dirus
1791 2716 2161 2788 christiane
2206 2716 2406 2788 Sedis
2448 2716 2773 2816 antistes,
2825 2718 2940 2787 cui
2983 2718 3253 2789 excidia
3300 2729 3400 2791 tot
3451 2731 3522 2792 et

697 2854 889 2916 tanta
920 2844 1047 2916 vix
1088 2842 1482 2937 displicent,
1520 2841 1690 2913 dum
1726 2841 1991 2913 eisdem
2023 2841 2456 2912 voluntarius
2484 2862 2558 2912 se
2591 2841 2969 2930 immiscet,
2999 2854 3206 2936 prout
3235 2844 3520 2915 univer-

695 2967 857 3040 salis
896 2966 1028 3038 hec
1069 2961 1262 3038 notio
1294 2963 1640 3060 publicat,
1706 2971 1777 3035 et
1806 2972 2037 3036 vestre
2077 2963 2470 3036 serenitatis
2518 2963 2896 3054 industria,
2943 2965 3120 3037 sicut
3157 2988 3286 3061 pro
3318 2965 3519 3041 firmo

695 3091 1078 3181 credimuS,
1109 3109 1254 3160 non
1288 3088 1597 3181 ignorat,
1624 3087 2119 3184 impedimenta
2138 3087 2467 3160 continua
2498 3087 2751 3161 nostris
2784 3089 3220 3185 processibus
3252 3091 3515 3184 objicit,

696 3224 767 3286 et
818 3212 1086 3309 expleri
1134 3222 1373 3284 nostra
1420 3211 1767 3285 desideria
1813 3232 1954 3283 non
2007 3210 2367 3307 permittit.
2418 3210 2770 3283 Vellemus
2816 3211 3300 3303 nihilominus,
3350 3215 3520 3287 dum

693 3327 785 3410 ad
835 3330 1396 3431 prosecutionem
1450 3335 1624 3405 tanti
1670 3328 1941 3426 negocii
1988 3332 2384 3430 personalia
2433 3354 2577 3405 non
2622 3355 2992 3431 possumus
3030 3336 3523 3429 adjuvamenta

693 3460 1051 3557 porrigere
1074 3513 1093 3551 ,
1160 3472 1390 3530 rerum
1436 3452 1840 3530 victualium
1899 3456 2209 3529 subsidia
2258 3454 2652 3530 ministrare
2678 3510 2697 3548 ,
2764 3458 2895 3530 nisi
2932 3460 3206 3532 caristia
3261 3462 3525 3533 victua-

695 3576 868 3656 lium
886 3636 907 3673 ,
942 3596 1080 3677 que
1110 3574 1386 3655 duobus
1412 3576 1558 3674 jam
1586 3582 1933 3676 preteritis
1963 3582 2162 3654 aunis
2196 3582 2269 3653 in·
2307 3601 2526 3674 regno
2554 3591 2792 3654 nostro
2822 3581 3118 3654 invaluit
3148 3593 3219 3655 et
3246 3598 3526 3680 presen-

697 3714 841 3779 t'em’
872 3707 1080 3778 etiam
1108 3720 1251 3778 non
1288 3705 1562 3790 omisit,
1599 3714 1834 3777 nostre
1866 3704 2284 3801 provisionis
2306 3705 2625 3778 ordinem
2649 3757 2669 3795 ,
2698 3726 2910 3799 quem
2942 3726 3152 3800 super
3186 3707 3321 3780 hoc
3348 3709 3522 3781 libe-

692 3822 930 3902 ralitas
960 3837 1202 3902 nostra
1228 3824 1529 3901 libenter
1559 3837 2008 3924 conceperat,
2052 3829 2513 3925 prepedisset.
2545 3828 2691 3900 Nec
2724 3837 2955 3899 tamen
2984 3840 3348 3924 propterea
3381 3833 3527 3928 pati

694 3944 1048 4048 potuimus
1086 3950 1256 4045 quin
1282 3962 1516 4023 vestra
1554 3961 1625 4024 et
1657 3944 1959 4024 filiorum
1985 3960 2377 4024 vestrorum
2402 3949 2770 4022 dilectione
2799 3953 3198 4024 commoniti
3216 4006 3236 4044 ,
3277 3963 3348 4026 et
3383 3960 3525 4027 tam

697 4075 992 4148 salubris
1031 4074 1302 4166 negocii
1334 4075 1703 4148 commodo
1736 4075 2083 4171 persuasi,
2121 4076 2460 4146 vellemus
2501 4074 2732 4169 potius
2763 4074 2965 4146 nobis
2997 4076 3163 4170 ipsis
3196 4087 3267 4147 et
3297 4075 3524 4148 fideli-

697 4200 831 4271 bus
869 4199 1122 4271 nostris
1161 4198 1532 4290 regnicolis
1571 4199 1646 4269 in
1691 4199 1999 4293 ipsorum
2040 4198 2446 4269 victualium
2489 4197 2887 4289 erogatione
2929 4196 3227 4271 deficere
3251 4253 3272 4291 ,
3313 4222 3525 4293 quam

699 4320 1026 4417 predictis
1055 4318 1215 4391 filiis
1243 4320 1494 4391 vestris
1531 4328 1603 4391 et
1634 4319 1786 4392 aliis
1820 4319 2015 4410 regni
2041 4319 2255 4392 vestri
2284 4317 2606 4391 fidelibus
2629 4373 2649 4408 ,
2682 4320 2802 4412 qui
2826 4340 2952 4415 per
2982 4342 3058 4392 se
3083 4322 3197 4393 vel
3233 4324 3526 4396 nuncios

590 4525 595 4535 ,
699 4455 867 4515 suos·
897 4455 1025 4538 per
1066 4448 1365 4535 regnum
1388 4453 1702 4516 nostrum
1733 4438 2099 4514 transitum
2129 4434 2553 4533 habuerunt,
2597 4442 2669 4513 in
2699 4452 2841 4515 tam
2874 4444 3203 4517 laudabili
3238 4454 3308 4518 et
3343 4448 3526 4520 felici

702 4560 1257 4665 peregrinatione
1293 4558 1562 4639 deesse.
1610 4558 1851 4663 N'uper
1881 4566 2091 4639 etiam
2126 4575 2518 4639 vestrorum
2569 4567 2961 4640 interventu
3006 4571 3522 4665 precaminum,

700 4711 840 4786 que
878 4691 1204 4762 nolumus
1243 4711 1377 4762 nec
1416 4689 1739 4766 novimus
1786 4689 2169 4781 obaudire,-
2199 4688 2289 4761 A.
2338 4690 2574 4763 comiti
2605 4691 3058 4783 pictaviensi,
3090 4692 3345 4768 dilecto
3385 4694 3527 4768 filio
