<?xml version="1.0" encoding="UTF-8"?>
<!DOCTYPE html PUBLIC "-//W3C//DTD XHTML 1.0 Transitional//EN"
    "http://www.w3.org/TR/xhtml1/DTD/xhtml1-transitional.dtd">
<html xmlns="http://www.w3.org/1999/xhtml" xml:lang="en" lang="en">
 <head>
  <title>
</title>
<meta http-equiv="Content-Type" content="text/html;charset=utf-8" />
  <meta name='ocr-system' content='tesseract 3.04.00' />
  <meta name='ocr-capabilities' content='ocr_page ocr_carea ocr_par ocr_line ocrx_word'/>
</head>
<body>
  <div class='ocr_page' id='page_1' title='image "./historiadiploma01empegoog_0411.png"; bbox 0 0 4525 6031; ppageno 0'>
   <div class='ocr_carea' id='block_1_1' title="bbox 1642 622 3561 692">
    <p class='ocr_par' dir='ltr' id='par_1_1' title="bbox 1642 622 3561 692">
     <span class='ocr_line' id='line_1_1' title="bbox 1642 622 3561 692; baseline 0.006 -10"><span class='ocrx_word' id='word_1_1' title='bbox 1642 622 1901 685; x_wconf 75' lang='lat' dir='ltr'>INDEX</span> <span class='ocrx_word' id='word_1_2' title='bbox 1949 624 2649 691; x_wconf 72' lang='lat' dir='ltr'><strong>nocuMENToami.</strong></span> <span class='ocrx_word' id='word_1_3' title='bbox 3435 625 3561 692; x_wconf 76' lang='lat'><strong>953</strong></span> 
     </span>
    </p>
   </div>
   <div class='ocr_carea' id='block_1_2' title="bbox 715 931 987 947">
    <p class='ocr_par' dir='ltr' id='par_1_2' title="bbox 715 931 987 947">
     <span class='ocr_line' id='line_1_2' title="bbox 715 931 987 947; baseline 0 5084"><span class='ocrx_word' id='word_1_4' title='bbox 715 931 987 947; x_wconf 95' lang='lat' dir='ltr'><strong> </strong></span> 
     </span>
    </p>
   </div>
   <div class='ocr_carea' id='block_1_3' title="bbox 710 950 3558 1717">
    <p class='ocr_par' dir='ltr' id='par_1_3' title="bbox 751 950 3558 1037">
     <span class='ocr_line' id='line_1_3' title="bbox 751 950 3558 1037; baseline 0.003 -23"><span class='ocrx_word' id='word_1_5' title='bbox 751 963 790 1014; x_wconf 88' lang='grc'><strong>4</strong></span> <span class='ocrx_word' id='word_1_6' title='bbox 816 970 959 1015; x_wconf 77' lang='lat' dir='ltr'><strong>nov.</strong></span> <span class='ocrx_word' id='word_1_7' title='bbox 1085 950 1398 1012; x_wconf 74' lang='lat' dir='ltr'><strong>Incastris</strong></span> <span class='ocrx_word' id='word_1_8' title='bbox 1490 982 1572 999; x_wconf 89' lang='lat'>—</span> <span class='ocrx_word' id='word_1_9' title='bbox 1608 953 2014 1035; x_wconf 87' lang='lat' dir='ltr'><strong>Bensivegnae</strong></span> <span class='ocrx_word' id='word_1_10' title='bbox 2059 963 2371 1021; x_wconf 77' lang='lat' dir='ltr'><strong>mercatori</strong></span> <span class='ocrx_word' id='word_1_11' title='bbox 2422 962 2762 1022; x_wconf 75' lang='lat' dir='ltr'>Florentino</span> <span class='ocrx_word' id='word_1_12' title='bbox 2810 977 2915 1037; x_wconf 90' lang='lat' dir='ltr'><strong>pro</strong></span> <span class='ocrx_word' id='word_1_13' title='bbox 2964 960 3241 1021; x_wconf 82' lang='lat' dir='ltr'><strong>undecim</strong></span> <span class='ocrx_word' id='word_1_14' title='bbox 3295 960 3558 1022; x_wconf 87' lang='lat' dir='ltr'><strong>millibus</strong></span> 
     </span>
    </p>

    <p class='ocr_par' dir='ltr' id='par_1_4' title="bbox 1167 1049 3555 1135">
     <span class='ocr_line' id='line_1_4' title="bbox 1167 1049 3555 1135; baseline 0.005 -27"><span class='ocrx_word' id='word_1_15' title='bbox 1167 1054 1309 1109; x_wconf 80' lang='lat' dir='ltr'><strong>ante</strong></span> <span class='ocrx_word' id='word_1_16' title='bbox 1568 1049 1735 1112; x_wconf 86' lang='lat' dir='ltr'><strong>libris</strong></span> <span class='ocrx_word' id='word_1_17' title='bbox 1770 1052 2147 1117; x_wconf 88' lang='lat' dir='ltr'><strong>denariorum</strong></span> <span class='ocrx_word' id='word_1_18' title='bbox 2182 1057 2392 1119; x_wconf 80' lang='lat' dir='ltr'><strong>vendit</strong></span> <span class='ocrx_word' id='word_1_19' title='bbox 2428 1059 2505 1119; x_wconf 88' lang='lat' dir='ltr'><strong>ad</strong></span> <span class='ocrx_word' id='word_1_20' title='bbox 2542 1059 2690 1119; x_wconf 88' lang='lat' dir='ltr'><strong>duos</strong></span> <span class='ocrx_word' id='word_1_21' title='bbox 2733 1074 2920 1119; x_wconf 89' lang='lat' dir='ltr'><strong>annos</strong></span> <span class='ocrx_word' id='word_1_22' title='bbox 2959 1059 3348 1135; x_wconf 79' lang='lat' dir='ltr'><strong>argenteriam</strong></span> <span class='ocrx_word' id='word_1_23' title='bbox 3387 1075 3555 1119; x_wconf 88' lang='lat' dir='ltr'><strong>suam</strong></span> 
     </span>
    </p>

    <p class='ocr_par' dir='ltr' id='par_1_5' title="bbox 1059 1143 3553 1229">
     <span class='ocr_line' id='line_1_5' title="bbox 1059 1143 3553 1229; baseline 0.004 -23"><span class='ocrx_word' id='word_1_24' title='bbox 1059 1143 1413 1206; x_wconf 76' lang='lat' dir='ltr'><strong>viterbium.</strong></span> <span class='ocrx_word' id='word_1_25' title='bbox 1564 1147 1843 1209; x_wconf 85' lang='lat' dir='ltr'><strong>Monterii</strong></span> <span class='ocrx_word' id='word_1_26' title='bbox 1872 1167 2010 1212; x_wconf 90' lang='lat' dir='ltr'><strong>cum</strong></span> <span class='ocrx_word' id='word_1_27' title='bbox 2033 1156 2168 1229; x_wconf 82' lang='lat' dir='ltr'><strong>jure</strong></span> <span class='ocrx_word' id='word_1_28' title='bbox 2194 1155 2448 1215; x_wconf 87' lang='lat' dir='ltr'><strong>cudendi</strong></span> <span class='ocrx_word' id='word_1_29' title='bbox 2475 1162 2795 1228; x_wconf 77' lang='lat' dir='ltr'><strong>monetam,</strong></span> <span class='ocrx_word' id='word_1_30' title='bbox 2829 1163 2945 1216; x_wconf 89' lang='lat' dir='ltr'><strong>etc.</strong></span> <span class='ocrx_word' id='word_1_31' title='bbox 3443 1165 3553 1216; x_wconf 83' lang='grc'><strong>138</strong></span> 
     </span>
    </p>

    <p class='ocr_par' dir='ltr' id='par_1_6' title="bbox 754 1242 3555 1327">
     <span class='ocr_line' id='line_1_6' title="bbox 754 1242 3555 1327; baseline 0.004 -25"><span class='ocrx_word' id='word_1_32' title='bbox 754 1248 796 1302; x_wconf 66' lang='grc' dir='ltr'><strong>ὅ</strong></span> <span class='ocrx_word' id='word_1_33' title='bbox 815 1257 959 1305; x_wconf 84' lang='lat' dir='ltr'><strong>nov.</strong></span> <span class='ocrx_word' id='word_1_34' title='bbox 1086 1242 1160 1302; x_wconf 86' lang='lat' dir='ltr'><strong>In</strong></span> <span class='ocrx_word' id='word_1_35' title='bbox 1189 1247 1399 1305; x_wconf 86' lang='lat' dir='ltr'><strong>castris</strong></span> <span class='ocrx_word' id='word_1_36' title='bbox 1489 1275 1570 1291; x_wconf 89' lang='lat'>-</span> <span class='ocrx_word' id='word_1_37' title='bbox 1608 1244 1913 1310; x_wconf 87' lang='lat' dir='ltr'><strong>Universis</strong></span> <span class='ocrx_word' id='word_1_38' title='bbox 1938 1252 2171 1327; x_wconf 86' lang='lat' dir='ltr'><strong>imperii</strong></span> <span class='ocrx_word' id='word_1_39' title='bbox 2199 1251 2472 1314; x_wconf 83' lang='lat' dir='ltr'><strong>fidelibus</strong></span> <span class='ocrx_word' id='word_1_40' title='bbox 2499 1253 2745 1314; x_wconf 87' lang='lat' dir='ltr'><strong>mandat</strong></span> <span class='ocrx_word' id='word_1_41' title='bbox 2760 1260 2830 1314; x_wconf 92' lang='lat' dir='ltr'><strong>ut</strong></span> <span class='ocrx_word' id='word_1_42' title='bbox 2851 1253 3113 1314; x_wconf 90' lang='lat' dir='ltr'><strong>Tebaldo</strong></span> <span class='ocrx_word' id='word_1_43' title='bbox 3141 1253 3216 1313; x_wconf 93' lang='lat' dir='ltr'><strong>de</strong></span> <span class='ocrx_word' id='word_1_44' title='bbox 3244 1252 3450 1313; x_wconf 88' lang='lat' dir='ltr'><strong>Padua</strong></span> <span class='ocrx_word' id='word_1_45' title='bbox 3478 1253 3555 1313; x_wconf 89' lang='lat' dir='ltr'><strong>ad</strong></span> 
     </span>
    </p>

    <p class='ocr_par' dir='ltr' id='par_1_7' title="bbox 1172 1340 3556 1426">
     <span class='ocr_line' id='line_1_7' title="bbox 1172 1340 3556 1426; baseline 0.004 -26"><span class='ocrx_word' id='word_1_46' title='bbox 1172 1347 1315 1401; x_wconf 84' lang='lat' dir='ltr'><strong>ante</strong></span> <span class='ocrx_word' id='word_1_47' title='bbox 1566 1340 1943 1405; x_wconf 82' lang='lat' dir='ltr'><strong>Gualvanum</strong></span> <span class='ocrx_word' id='word_1_48' title='bbox 1971 1346 2266 1407; x_wconf 68' lang='lat' dir='ltr'><strong>Ianceam</strong></span> <span class='ocrx_word' id='word_1_49' title='bbox 2293 1354 2441 1409; x_wconf 88' lang='lat' dir='ltr'><strong>tunc</strong></span> <span class='ocrx_word' id='word_1_50' title='bbox 2470 1347 2819 1425; x_wconf 83' lang='lat' dir='ltr'><strong>potestatem</strong></span> <span class='ocrx_word' id='word_1_51' title='bbox 2858 1349 3098 1409; x_wconf 88' lang='lat' dir='ltr'><strong>Paduae</strong></span> <span class='ocrx_word' id='word_1_52' title='bbox 3134 1349 3329 1426; x_wconf 86' lang='lat' dir='ltr'><strong>eunti,</strong></span> <span class='ocrx_word' id='word_1_53' title='bbox 3373 1364 3556 1409; x_wconf 80' lang='lat' dir='ltr'><strong>secu-</strong></span> 
     </span>
    </p>

    <p class='ocr_par' dir='ltr' id='par_1_8' title="bbox 1058 1436 3554 1522">
     <span class='ocr_line' id='line_1_8' title="bbox 1058 1436 3554 1522; baseline 0.003 -24"><span class='ocrx_word' id='word_1_54' title='bbox 1058 1436 1416 1500; x_wconf 70' lang='lat' dir='ltr'><strong>viterbium.</strong></span> <span class='ocrx_word' id='word_1_55' title='bbox 1564 1455 1701 1499; x_wconf 86' lang='lat' dir='ltr'><strong>rum</strong></span> <span class='ocrx_word' id='word_1_56' title='bbox 1726 1442 2087 1502; x_wconf 87' lang='lat' dir='ltr'><strong>conductum</strong></span> <span class='ocrx_word' id='word_1_57' title='bbox 2117 1460 2219 1520; x_wconf 86' lang='lat' dir='ltr'><strong>per</strong></span> <span class='ocrx_word' id='word_1_58' title='bbox 2245 1461 2435 1504; x_wconf 90' lang='lat' dir='ltr'><strong>unum</strong></span> <span class='ocrx_word' id='word_1_59' title='bbox 2465 1461 2726 1505; x_wconf 90' lang='lat' dir='ltr'><strong>mensem</strong></span> <span class='ocrx_word' id='word_1_60' title='bbox 2753 1445 3092 1522; x_wconf 87' lang='lat' dir='ltr'><strong>praebeant.</strong></span> <span class='ocrx_word' id='word_1_61' title='bbox 3440 1453 3554 1505; x_wconf 83' lang='grc'><strong>139</strong></span> 
     </span>
    </p>

    <p class='ocr_par' dir='ltr' id='par_1_9' title="bbox 710 1530 3557 1717">
     <span class='ocr_line' id='line_1_9' title="bbox 710 1530 3557 1620; baseline 0.004 -29"><span class='ocrx_word' id='word_1_62' title='bbox 710 1530 988 1594; x_wconf 75' lang='lat' dir='ltr'><strong>novemb.</strong></span> <span class='ocrx_word' id='word_1_63' title='bbox 1081 1532 1171 1611; x_wconf 93' lang='lat' dir='ltr'><strong>[In</strong></span> <span class='ocrx_word' id='word_1_64' title='bbox 1196 1538 1405 1596; x_wconf 87' lang='lat' dir='ltr'><strong>castris</strong></span> <span class='ocrx_word' id='word_1_65' title='bbox 1487 1567 1569 1580; x_wconf 91' lang='lat'><strong>--</strong></span> <span class='ocrx_word' id='word_1_66' title='bbox 1606 1536 1870 1598; x_wconf 91' lang='lat' dir='ltr'><strong>Guidoni</strong></span> <span class='ocrx_word' id='word_1_67' title='bbox 1907 1540 2281 1601; x_wconf 85' lang='lat' dir='ltr'><strong>Malaboccae</strong></span> <span class='ocrx_word' id='word_1_68' title='bbox 2316 1548 2377 1600; x_wconf 90' lang='lat' dir='ltr'><strong>et</strong></span> <span class='ocrx_word' id='word_1_69' title='bbox 2412 1545 2540 1620; x_wconf 83' lang='lat' dir='ltr'><strong>ejus</strong></span> <span class='ocrx_word' id='word_1_70' title='bbox 2572 1542 2852 1603; x_wconf 84' lang='lat' dir='ltr'><strong>fratribus</strong></span> <span class='ocrx_word' id='word_1_71' title='bbox 2885 1544 3297 1603; x_wconf 73' lang='lat' dir='ltr'><strong>investituram</strong></span> <span class='ocrx_word' id='word_1_72' title='bbox 3332 1540 3557 1602; x_wconf 86' lang='lat' dir='ltr'><strong>confert</strong></span> 
     </span>
     <span class='ocr_line' id='line_1_10' title="bbox 1163 1632 3554 1717; baseline 0.002 -25"><span class='ocrx_word' id='word_1_73' title='bbox 1163 1640 1306 1693; x_wconf 86' lang='lat' dir='ltr'><strong>ante</strong></span> <span class='ocrx_word' id='word_1_74' title='bbox 1566 1632 1641 1692; x_wconf 90' lang='lat' dir='ltr'><strong>de</strong></span> <span class='ocrx_word' id='word_1_75' title='bbox 1665 1635 2124 1712; x_wconf 83' lang='lat' dir='ltr'><strong>Bagnacavallo,</strong></span> <span class='ocrx_word' id='word_1_76' title='bbox 2155 1637 2462 1716; x_wconf 90' lang='lat' dir='ltr'><strong>Cotignoia</strong></span> <span class='ocrx_word' id='word_1_77' title='bbox 2497 1645 2555 1697; x_wconf 91' lang='lat' dir='ltr'><strong>et</strong></span> <span class='ocrx_word' id='word_1_78' title='bbox 2588 1639 2719 1698; x_wconf 90' lang='lat' dir='ltr'><strong>aliis</strong></span> <span class='ocrx_word' id='word_1_79' title='bbox 2755 1638 3106 1717; x_wconf 88' lang='lat' dir='ltr'><strong>quibusdam</strong></span> <span class='ocrx_word' id='word_1_80' title='bbox 3142 1639 3313 1698; x_wconf 87' lang='lat' dir='ltr'><strong>terris</strong></span> <span class='ocrx_word' id='word_1_81' title='bbox 3340 1639 3404 1696; x_wconf 86' lang='lat' dir='ltr'><strong>in</strong></span> <span class='ocrx_word' id='word_1_82' title='bbox 3430 1636 3554 1697; x_wconf 83' lang='lat' dir='ltr'><strong>Bo-</strong></span> 
     </span>
    </p>
   </div>
   <div class='ocr_carea' id='block_1_4' title="bbox 722 1728 3556 2584">
    <p class='ocr_par' dir='ltr' id='par_1_10' title="bbox 1051 1728 3553 1808">
     <span class='ocr_line' id='line_1_11' title="bbox 1051 1728 3553 1808; baseline 0.001 -19"><span class='ocrx_word' id='word_1_83' title='bbox 1051 1728 1380 1789; x_wconf 78' lang='lat' dir='ltr'><strong>viterbmm</strong></span> <span class='ocrx_word' id='word_1_84' title='bbox 1387 1729 1429 1808; x_wconf 86' lang='lat' dir='ltr'>J</span> <span class='ocrx_word' id='word_1_85' title='bbox 1565 1732 1821 1791; x_wconf 89' lang='lat' dir='ltr'><strong>maniola</strong></span> <span class='ocrx_word' id='word_1_86' title='bbox 1847 1733 1997 1791; x_wconf 87' lang='lat' dir='ltr'><strong>sitis.</strong></span> <span class='ocrx_word' id='word_1_87' title='bbox 3439 1740 3553 1793; x_wconf 82' lang='grc'><strong>189</strong></span> 
     </span>
    </p>

    <p class='ocr_par' dir='ltr' id='par_1_11' title="bbox 722 1816 3556 2000">
     <span class='ocr_line' id='line_1_12' title="bbox 722 1816 3556 1910; baseline 0.004 -31"><span class='ocrx_word' id='word_1_88' title='bbox 722 1816 986 1882; x_wconf 75' lang='lat' dir='ltr'><strong>deoemb.</strong></span> <span class='ocrx_word' id='word_1_89' title='bbox 1083 1827 1155 1886; x_wconf 87' lang='lat' dir='ltr'><strong>In</strong></span> <span class='ocrx_word' id='word_1_90' title='bbox 1187 1830 1396 1888; x_wconf 85' lang='lat' dir='ltr'><strong>castris</strong></span> <span class='ocrx_word' id='word_1_91' title='bbox 1486 1858 1572 1873; x_wconf 87' lang='lat'><strong>--</strong></span> <span class='ocrx_word' id='word_1_92' title='bbox 1602 1825 1840 1887; x_wconf 77' lang='lat' dir='ltr'><strong>Civitati</strong></span> <span class='ocrx_word' id='word_1_93' title='bbox 1880 1830 2261 1889; x_wconf 88' lang='lat' dir='ltr'><strong>Tuscanellae</strong></span> <span class='ocrx_word' id='word_1_94' title='bbox 2289 1832 2454 1889; x_wconf 77' lang='lat' dir='ltr'><strong>varia</strong></span> <span class='ocrx_word' id='word_1_95' title='bbox 2494 1832 2799 1907; x_wconf 86' lang='lat' dir='ltr'><strong>privilegia</strong></span> <span class='ocrx_word' id='word_1_96' title='bbox 2836 1831 3189 1910; x_wconf 83' lang='lat' dir='ltr'><strong>impertitur,</strong></span> <span class='ocrx_word' id='word_1_97' title='bbox 3219 1833 3373 1891; x_wconf 89' lang='lat' dir='ltr'><strong>inter</strong></span> <span class='ocrx_word' id='word_1_98' title='bbox 3400 1846 3556 1908; x_wconf 89' lang='lat' dir='ltr'><strong>quae</strong></span> 
     </span>
     <span class='ocr_line' id='line_1_13' title="bbox 1040 1922 3555 2000; baseline 0.002 -20"><span class='ocrx_word' id='word_1_99' title='bbox 1040 1923 1104 1980; x_wconf 92' lang='lat' dir='ltr'><strong>in</strong></span> <span class='ocrx_word' id='word_1_100' title='bbox 1127 1923 1431 1985; x_wconf 84' lang='lat' dir='ltr'><strong>obsidione</strong></span> <span class='ocrx_word' id='word_1_101' title='bbox 1556 1925 1659 2000; x_wconf 77' lang='lat' dir='ltr'><strong>jus</strong></span> <span class='ocrx_word' id='word_1_102' title='bbox 1693 1924 1894 1984; x_wconf 89' lang='lat' dir='ltr'><strong>utendi</strong></span> <span class='ocrx_word' id='word_1_103' title='bbox 1925 1930 2100 2000; x_wconf 88' lang='lat' dir='ltr'><strong>portu</strong></span> <span class='ocrx_word' id='word_1_104' title='bbox 2133 1924 2293 1984; x_wconf 92' lang='lat' dir='ltr'><strong>dicto</strong></span> <span class='ocrx_word' id='word_1_105' title='bbox 2320 1922 2480 1985; x_wconf 76' lang='lat' dir='ltr'><strong>Delle</strong></span> <span class='ocrx_word' id='word_1_106' title='bbox 2506 1923 2752 1985; x_wconf 65' lang='lat' dir='ltr'><strong>Murena</strong></span> <span class='ocrx_word' id='word_1_107' title='bbox 2787 1926 2865 1986; x_wconf 90' lang='lat' dir='ltr'><strong>ad</strong></span> <span class='ocrx_word' id='word_1_108' title='bbox 2895 1943 3057 1987; x_wconf 86' lang='lat' dir='ltr'><strong>mare</strong></span> <span class='ocrx_word' id='word_1_109' title='bbox 3094 1928 3385 2000; x_wconf 84' lang='lat' dir='ltr'><strong>Tuscum,</strong></span> <span class='ocrx_word' id='word_1_110' title='bbox 3424 1928 3555 1986; x_wconf 89' lang='lat' dir='ltr'><strong>sine</strong></span> 
     </span>
    </p>

    <p class='ocr_par' dir='ltr' id='par_1_12' title="bbox 1094 2019 3551 2097">
     <span class='ocr_line' id='line_1_14' title="bbox 1094 2019 3551 2097; baseline 0.001 -16"><span class='ocrx_word' id='word_1_111' title='bbox 1094 2019 1370 2081; x_wconf 68' lang='lat' dir='ltr'><strong>viterbii.</strong></span> <span class='ocrx_word' id='word_1_112' title='bbox 1564 2021 1688 2081; x_wconf 87' lang='lat' dir='ltr'><strong>ullo</strong></span> <span class='ocrx_word' id='word_1_113' title='bbox 1714 2021 1875 2080; x_wconf 83' lang='lat' dir='ltr'><strong>datio</strong></span> <span class='ocrx_word' id='word_1_114' title='bbox 1899 2022 2187 2097; x_wconf 88' lang='lat' dir='ltr'><strong>imperiali</strong></span> <span class='ocrx_word' id='word_1_115' title='bbox 2215 2024 2413 2082; x_wconf 89' lang='lat' dir='ltr'><strong>curiae</strong></span> <span class='ocrx_word' id='word_1_116' title='bbox 2436 2023 2736 2083; x_wconf 73' lang='lat' dir='ltr'><strong>solvendo·</strong></span> <span class='ocrx_word' id='word_1_117' title='bbox 3440 2032 3551 2082; x_wconf 92' lang='grc'><strong>140</strong></span> 
     </span>
    </p>

    <p class='ocr_par' dir='ltr' id='par_1_13' title="bbox 761 2105 3553 2290">
     <span class='ocr_line' id='line_1_15' title="bbox 761 2105 3553 2198; baseline 0.002 -24"><span class='ocrx_word' id='word_1_118' title='bbox 761 2105 942 2191; x_wconf 61' lang='lat' dir='ltr'><strong>[dee]</strong></span> <span class='ocrx_word' id='word_1_119' title='bbox 1020 2160 1037 2176; x_wconf 90' lang='lat'><strong>.</strong></span> <span class='ocrx_word' id='word_1_120' title='bbox 1101 2161 1118 2179; x_wconf 89' lang='lat'><strong>.</strong></span> <span class='ocrx_word' id='word_1_121' title='bbox 1169 2161 1185 2179; x_wconf 91' lang='lat'><strong>.</strong></span> <span class='ocrx_word' id='word_1_122' title='bbox 1227 2162 1246 2181; x_wconf 86' lang='lat'><strong>.</strong></span> <span class='ocrx_word' id='word_1_123' title='bbox 1301 2162 1316 2180; x_wconf 92' lang='lat'><strong>.</strong></span> <span class='ocrx_word' id='word_1_124' title='bbox 1365 2161 1383 2180; x_wconf 90' lang='lat'><strong>.</strong></span> <span class='ocrx_word' id='word_1_125' title='bbox 1431 2163 1449 2181; x_wconf 89' lang='lat'><strong>.</strong></span> <span class='ocrx_word' id='word_1_126' title='bbox 1485 2150 1567 2162; x_wconf 89' lang='lat'>—</span> <span class='ocrx_word' id='word_1_127' title='bbox 1605 2118 1904 2179; x_wconf 77' lang='lat' dir='ltr'><strong>cardinali</strong></span> <span class='ocrx_word' id='word_1_128' title='bbox 1950 2119 2170 2179; x_wconf 86' lang='lat' dir='ltr'><strong>Othoni</strong></span> <span class='ocrx_word' id='word_1_129' title='bbox 2211 2121 2419 2180; x_wconf 86' lang='lat' dir='ltr'><strong>scribit</strong></span> <span class='ocrx_word' id='word_1_130' title='bbox 2473 2119 2885 2198; x_wconf 85' lang='lat' dir='ltr'><strong>conquerendo</strong></span> <span class='ocrx_word' id='word_1_131' title='bbox 2938 2120 3014 2180; x_wconf 91' lang='lat' dir='ltr'><strong>de</strong></span> <span class='ocrx_word' id='word_1_132' title='bbox 3064 2135 3186 2178; x_wconf 91' lang='lat' dir='ltr'><strong>non</strong></span> <span class='ocrx_word' id='word_1_133' title='bbox 3240 2120 3553 2180; x_wconf 84' lang='lat' dir='ltr'><strong>observata</strong></span> 
     </span>
     <span class='ocr_line' id='line_1_16' title="bbox 1562 2214 3553 2290; baseline 0.002 -19"><span class='ocrx_word' id='word_1_134' title='bbox 1562 2214 1830 2288; x_wconf 83' lang='lat' dir='ltr'><strong>pactione</strong></span> <span class='ocrx_word' id='word_1_135' title='bbox 1877 2231 2053 2290; x_wconf 88' lang='lat' dir='ltr'><strong>super</strong></span> <span class='ocrx_word' id='word_1_136' title='bbox 2104 2214 2261 2275; x_wconf 84' lang='lat' dir='ltr'><strong>facto</strong></span> <span class='ocrx_word' id='word_1_137' title='bbox 2316 2215 2566 2275; x_wconf 78' lang='lat' dir='ltr'><strong>viterbii</strong></span> <span class='ocrx_word' id='word_1_138' title='bbox 2618 2221 2679 2275; x_wconf 94' lang='lat' dir='ltr'><strong>et</strong></span> <span class='ocrx_word' id='word_1_139' title='bbox 2726 2214 3112 2274; x_wconf 81' lang='lat' dir='ltr'><strong>indemnitate</strong></span> <span class='ocrx_word' id='word_1_140' title='bbox 3166 2230 3408 2274; x_wconf 90' lang='lat' dir='ltr'><strong>suorum</strong></span> <span class='ocrx_word' id='word_1_141' title='bbox 3421 2257 3440 2287; x_wconf 95' lang='lat'><strong>,</strong></span> <span class='ocrx_word' id='word_1_142' title='bbox 3492 2220 3553 2274; x_wconf 89' lang='lat' dir='ltr'><strong>et</strong></span> 
     </span>
    </p>

    <p class='ocr_par' dir='ltr' id='par_1_14' title="bbox 1562 2311 3547 2389">
     <span class='ocr_line' id='line_1_17' title="bbox 1562 2311 3547 2389; baseline 0.001 -20"><span class='ocrx_word' id='word_1_143' title='bbox 1562 2311 1799 2370; x_wconf 88' lang='lat' dir='ltr'><strong>nuntiat</strong></span> <span class='ocrx_word' id='word_1_144' title='bbox 1826 2327 1892 2371; x_wconf 86' lang='lat' dir='ltr'><strong>se</strong></span> <span class='ocrx_word' id='word_1_145' title='bbox 1927 2313 2058 2389; x_wconf 84' lang='lat' dir='ltr'><strong>cogi</strong></span> <span class='ocrx_word' id='word_1_146' title='bbox 2091 2312 2169 2372; x_wconf 90' lang='lat' dir='ltr'><strong>ad</strong></span> <span class='ocrx_word' id='word_1_147' title='bbox 2205 2311 2507 2389; x_wconf 84' lang='lat' dir='ltr'><strong>publicam</strong></span> <span class='ocrx_word' id='word_1_148' title='bbox 2548 2314 2824 2373; x_wconf 89' lang='lat' dir='ltr'><strong>notitiam</strong></span> <span class='ocrx_word' id='word_1_149' title='bbox 2859 2313 3042 2371; x_wconf 90' lang='lat' dir='ltr'><strong>totius</strong></span> <span class='ocrx_word' id='word_1_150' title='bbox 3073 2311 3159 2370; x_wconf 87' lang='lat' dir='ltr'><strong>rei</strong></span> <span class='ocrx_word' id='word_1_151' title='bbox 3193 2312 3404 2371; x_wconf 88' lang='lat' dir='ltr'><strong>seriem</strong></span> <span class='ocrx_word' id='word_1_152' title='bbox 3439 2311 3547 2371; x_wconf 91' lang='lat' dir='ltr'><strong>de-</strong></span> 
     </span>
    </p>

    <p class='ocr_par' dir='ltr' id='par_1_15' title="bbox 1565 2406 3540 2469">
     <span class='ocr_line' id='line_1_18' title="bbox 1565 2406 3540 2469; baseline 0.001 -4"><span class='ocrx_word' id='word_1_153' title='bbox 1565 2406 1734 2467; x_wconf 81' lang='lat' dir='ltr'><strong>ferre.</strong></span> <span class='ocrx_word' id='word_1_154' title='bbox 3433 2416 3540 2469; x_wconf 92' lang='grc'><strong>141</strong></span> 
     </span>
    </p>

    <p class='ocr_par' dir='ltr' id='par_1_16' title="bbox 774 2498 3545 2584">
     <span class='ocr_line' id='line_1_19' title="bbox 774 2498 3545 2584; baseline 0.001 -22"><span class='ocrx_word' id='word_1_155' title='bbox 774 2498 917 2584; x_wconf 85' lang='lat' dir='ltr'><strong>[dec.</strong></span> <span class='ocrx_word' id='word_1_156' title='bbox 1019 2544 1036 2562; x_wconf 89' lang='lat'><strong>.</strong></span> <span class='ocrx_word' id='word_1_157' title='bbox 1098 2544 1116 2563; x_wconf 90' lang='lat'><strong>.</strong></span> <span class='ocrx_word' id='word_1_158' title='bbox 1164 2547 1180 2565; x_wconf 91' lang='lat'><strong>.</strong></span> <span class='ocrx_word' id='word_1_159' title='bbox 1229 2547 1249 2566; x_wconf 89' lang='lat'><strong>.</strong></span> <span class='ocrx_word' id='word_1_160' title='bbox 1297 2545 1316 2566; x_wconf 88' lang='lat'><strong>.</strong></span> <span class='ocrx_word' id='word_1_161' title='bbox 1362 2547 1379 2565; x_wconf 89' lang='lat'><strong>.</strong></span> <span class='ocrx_word' id='word_1_162' title='bbox 1435 2550 1449 2563; x_wconf 91' lang='lat'><strong>.</strong></span> <span class='ocrx_word' id='word_1_163' title='bbox 1482 2534 1568 2549; x_wconf 84' lang='lat'><strong>-·</strong></span> <span class='ocrx_word' id='word_1_164' title='bbox 1601 2505 1747 2582; x_wconf 83' lang='lat' dir='ltr'><strong>Regi</strong></span> <span class='ocrx_word' id='word_1_165' title='bbox 1774 2504 2056 2564; x_wconf 84' lang='lat' dir='ltr'><strong>Franciae</strong></span> <span class='ocrx_word' id='word_1_166' title='bbox 2091 2511 2151 2565; x_wconf 87' lang='lat' dir='ltr'><strong>et</strong></span> <span class='ocrx_word' id='word_1_167' title='bbox 2176 2506 2308 2566; x_wconf 87' lang='lat' dir='ltr'><strong>aliis</strong></span> <span class='ocrx_word' id='word_1_168' title='bbox 2333 2505 2572 2583; x_wconf 88' lang='lat' dir='ltr'><strong>regibus</strong></span> <span class='ocrx_word' id='word_1_169' title='bbox 2598 2511 2809 2566; x_wconf 90' lang='lat' dir='ltr'><strong>notum</strong></span> <span class='ocrx_word' id='word_1_170' title='bbox 2842 2504 2984 2565; x_wconf 82' lang='lat' dir='ltr'><strong>facit</strong></span> <span class='ocrx_word' id='word_1_171' title='bbox 3009 2521 3163 2582; x_wconf 78' lang='lat' dir='ltr'><strong>quae</strong></span> <span class='ocrx_word' id='word_1_172' title='bbox 3187 2505 3300 2565; x_wconf 87' lang='lat' dir='ltr'><strong>sibi</strong></span> <span class='ocrx_word' id='word_1_173' title='bbox 3333 2506 3398 2564; x_wconf 91' lang='lat' dir='ltr'><strong>in</strong></span> <span class='ocrx_word' id='word_1_174' title='bbox 3425 2506 3545 2565; x_wconf 92' lang='lat' dir='ltr'><strong>ob·-</strong></span> 
     </span>
    </p>
   </div>
   <div class='ocr_carea' id='block_1_5' title="bbox 707 2595 3546 3938">
    <p class='ocr_par' dir='ltr' id='par_1_17' title="bbox 707 2595 3545 2772">
     <span class='ocr_line' id='line_1_20' title="bbox 707 2595 3543 2681; baseline 0.001 -22"><span class='ocrx_word' id='word_1_175' title='bbox 707 2595 985 2680; x_wconf 82' lang='lat' dir='ltr'><strong>exeunt.]</strong></span> <span class='ocrx_word' id='word_1_176' title='bbox 1561 2601 1789 2661; x_wconf 86' lang='lat' dir='ltr'><strong>sidione</strong></span> <span class='ocrx_word' id='word_1_177' title='bbox 1816 2601 2063 2662; x_wconf 83' lang='lat' dir='ltr'><strong>Vlterbii</strong></span> <span class='ocrx_word' id='word_1_178' title='bbox 2098 2606 2476 2681; x_wconf 86' lang='lat' dir='ltr'><strong>contigerint,</strong></span> <span class='ocrx_word' id='word_1_179' title='bbox 2507 2604 2649 2663; x_wconf 93' lang='lat' dir='ltr'><strong>dum</strong></span> <span class='ocrx_word' id='word_1_180' title='bbox 2685 2603 2760 2663; x_wconf 88' lang='lat' dir='ltr'><strong>ad</strong></span> <span class='ocrx_word' id='word_1_181' title='bbox 2797 2619 2996 2680; x_wconf 87' lang='lat' dir='ltr'><strong>preces</strong></span> <span class='ocrx_word' id='word_1_182' title='bbox 3029 2619 3217 2680; x_wconf 88' lang='lat' dir='ltr'><strong>papae</strong></span> <span class='ocrx_word' id='word_1_183' title='bbox 3255 2610 3316 2663; x_wconf 87' lang='lat' dir='ltr'><strong>et</strong></span> <span class='ocrx_word' id='word_1_184' title='bbox 3349 2605 3543 2663; x_wconf 89' lang='lat' dir='ltr'><strong>cardi-</strong></span> 
     </span>
     <span class='ocr_line' id='line_1_21' title="bbox 1213 2697 3545 2772; baseline 0.001 -15"><span class='ocrx_word' id='word_1_185' title='bbox 1213 2697 1226 2706; x_wconf 81' lang='grc'><em>“</em></span> <span class='ocrx_word' id='word_1_186' title='bbox 1559 2697 1783 2757; x_wconf 87' lang='lat' dir='ltr'><strong>nalium</strong></span> <span class='ocrx_word' id='word_1_187' title='bbox 1810 2698 2114 2758; x_wconf 80' lang='lat' dir='ltr'><strong>obsidione</strong></span> <span class='ocrx_word' id='word_1_188' title='bbox 2140 2700 2360 2772; x_wconf 82' lang='lat' dir='ltr'><strong>soluta,</strong></span> <span class='ocrx_word' id='word_1_189' title='bbox 2392 2716 2504 2759; x_wconf 88' lang='lat' dir='ltr'><strong>nec</strong></span> <span class='ocrx_word' id='word_1_190' title='bbox 2529 2697 2922 2760; x_wconf 78' lang='lat' dir='ltr'><strong>viterbienses</strong></span> <span class='ocrx_word' id='word_1_191' title='bbox 2950 2715 3059 2759; x_wconf 91' lang='lat' dir='ltr'><strong>nec</strong></span> <span class='ocrx_word' id='word_1_192' title='bbox 3083 2699 3334 2759; x_wconf 84' lang='lat' dir='ltr'><strong>Romani</strong></span> <span class='ocrx_word' id='word_1_193' title='bbox 3367 2699 3545 2760; x_wconf 83' lang='lat' dir='ltr'><strong>iidem</strong></span> 
     </span>
    </p>

    <p class='ocr_par' dir='ltr' id='par_1_18' title="bbox 1560 2795 3542 2873">
     <span class='ocr_line' id='line_1_22' title="bbox 1560 2795 3542 2873; baseline 0.001 -19"><span class='ocrx_word' id='word_1_194' title='bbox 1560 2797 1909 2871; x_wconf 85' lang='lat' dir='ltr'><strong>promissam</strong></span> <span class='ocrx_word' id='word_1_195' title='bbox 1937 2795 2401 2873; x_wconf 79' lang='lat' dir='ltr'><strong>observaverint,</strong></span> <span class='ocrx_word' id='word_1_196' title='bbox 2432 2803 2544 2856; x_wconf 90' lang='lat' dir='ltr'><strong>etc.</strong></span> <span class='ocrx_word' id='word_1_197' title='bbox 3433 2806 3542 2856; x_wconf 79' lang='lat'><strong>142</strong></span> 
     </span>
    </p>

    <p class='ocr_par' dir='ltr' id='par_1_19' title="bbox 719 2882 3544 3165">
     <span class='ocr_line' id='line_1_23' title="bbox 773 2882 3544 2970; baseline 0.003 -25"><span class='ocrx_word' id='word_1_198' title='bbox 773 2882 926 2968; x_wconf 86' lang='lat' dir='ltr'><strong>[dec.</strong></span> <span class='ocrx_word' id='word_1_199' title='bbox 1020 2937 1035 2955; x_wconf 92' lang='lat'><strong>.</strong></span> <span class='ocrx_word' id='word_1_200' title='bbox 1096 2938 1113 2954; x_wconf 90' lang='lat'><strong>.</strong></span> <span class='ocrx_word' id='word_1_201' title='bbox 1164 2936 1179 2954; x_wconf 92' lang='lat'><strong>.</strong></span> <span class='ocrx_word' id='word_1_202' title='bbox 1231 2938 1246 2955; x_wconf 92' lang='lat'><strong>.</strong></span> <span class='ocrx_word' id='word_1_203' title='bbox 1296 2938 1313 2956; x_wconf 89' lang='lat'><strong>.</strong></span> <span class='ocrx_word' id='word_1_204' title='bbox 1363 2936 1381 2955; x_wconf 90' lang='lat'><strong>.</strong></span> <span class='ocrx_word' id='word_1_205' title='bbox 1431 2938 1452 2956; x_wconf 80' lang='lat'><strong>.</strong></span> <span class='ocrx_word' id='word_1_206' title='bbox 1480 2922 1562 2937; x_wconf 90' lang='lat'>—</span> <span class='ocrx_word' id='word_1_207' title='bbox 1603 2891 1985 2952; x_wconf 85' lang='lat' dir='ltr'><strong>Senatoribus</strong></span> <span class='ocrx_word' id='word_1_208' title='bbox 2021 2899 2081 2953; x_wconf 92' lang='lat' dir='ltr'><strong>et</strong></span> <span class='ocrx_word' id='word_1_209' title='bbox 2115 2894 2332 2970; x_wconf 91' lang='lat' dir='ltr'><strong>populo</strong></span> <span class='ocrx_word' id='word_1_210' title='bbox 2371 2895 2636 2953; x_wconf 84' lang='lat' dir='ltr'><strong>Romano</strong></span> <span class='ocrx_word' id='word_1_211' title='bbox 2671 2891 3064 2969; x_wconf 84' lang='lat' dir='ltr'><strong>improvidam</strong></span> <span class='ocrx_word' id='word_1_212' title='bbox 3098 2909 3303 2953; x_wconf 88' lang='lat' dir='ltr'><strong>eorum</strong></span> <span class='ocrx_word' id='word_1_213' title='bbox 3344 2892 3544 2954; x_wconf 87' lang='lat' dir='ltr'><strong>rebel-</strong></span> 
     </span>
     <span class='ocr_line' id='line_1_24' title="bbox 719 2981 3541 3069; baseline 0.002 -26"><span class='ocrx_word' id='word_1_214' title='bbox 719 2981 987 3066; x_wconf 79' lang='lat' dir='ltr'><strong>exeunt.]</strong></span> <span class='ocrx_word' id='word_1_215' title='bbox 1561 2990 1777 3050; x_wconf 82' lang='lat' dir='ltr'><strong>lionem</strong></span> <span class='ocrx_word' id='word_1_216' title='bbox 1814 2990 2160 3069; x_wconf 83' lang='lat' dir='ltr'><strong>exprobrat,</strong></span> <span class='ocrx_word' id='word_1_217' title='bbox 2190 2990 2493 3052; x_wconf 80' lang='lat' dir='ltr'><strong>inferendo</strong></span> <span class='ocrx_word' id='word_1_218' title='bbox 2520 2992 2605 3052; x_wconf 87' lang='lat' dir='ltr'><strong>eis</strong></span> <span class='ocrx_word' id='word_1_219' title='bbox 2642 3007 2849 3069; x_wconf 85' lang='lat' dir='ltr'><strong>graves</strong></span> <span class='ocrx_word' id='word_1_220' title='bbox 2884 2993 3078 3052; x_wconf 85' lang='lat' dir='ltr'><strong>minas</strong></span> <span class='ocrx_word' id='word_1_221' title='bbox 3111 2990 3256 3051; x_wconf 91' lang='lat' dir='ltr'><strong>dum</strong></span> <span class='ocrx_word' id='word_1_222' title='bbox 3288 2991 3541 3052; x_wconf 84' lang='lat' dir='ltr'><strong>Romam</strong></span> 
     </span>
     <span class='ocr_line' id='line_1_25' title="bbox 1561 3088 3539 3165; baseline -0.001 -16"><span class='ocrx_word' id='word_1_223' title='bbox 1561 3090 1826 3150; x_wconf 83' lang='lat' dir='ltr'><strong>Romano</strong></span> <span class='ocrx_word' id='word_1_224' title='bbox 1851 3089 2093 3163; x_wconf 78' lang='lat' dir='ltr'><strong>imperio</strong></span> <span class='ocrx_word' id='word_1_225' title='bbox 2120 3088 2411 3165; x_wconf 85' lang='lat' dir='ltr'><strong>subjicere</strong></span> <span class='ocrx_word' id='word_1_226' title='bbox 2441 3091 2730 3149; x_wconf 88' lang='lat' dir='ltr'><strong>statuerit.</strong></span> <span class='ocrx_word' id='word_1_227' title='bbox 3429 3096 3539 3148; x_wconf 85' lang='grc'><strong>145</strong></span> 
     </span>
    </p>

    <p class='ocr_par' dir='ltr' id='par_1_20' title="bbox 718 3174 3545 3649">
     <span class='ocr_line' id='line_1_26' title="bbox 760 3174 3544 3260; baseline -0.001 -16"><span class='ocrx_word' id='word_1_228' title='bbox 760 3174 935 3254; x_wconf 70' lang='lat' dir='ltr'><strong>[anno</strong></span> <span class='ocrx_word' id='word_1_229' title='bbox 1020 3227 1035 3244; x_wconf 92' lang='lat'><strong>.</strong></span> <span class='ocrx_word' id='word_1_230' title='bbox 1097 3226 1448 3247; x_wconf 90' lang='grc'><strong>......</strong></span> <span class='ocrx_word' id='word_1_231' title='bbox 1482 3214 1561 3228; x_wconf 93' lang='lat'><strong>—-</strong></span> <span class='ocrx_word' id='word_1_232' title='bbox 1601 3182 1750 3259; x_wconf 83' lang='lat' dir='ltr'><strong>Regi</strong></span> <span class='ocrx_word' id='word_1_233' title='bbox 1785 3182 2032 3260; x_wconf 80' lang='lat' dir='ltr'><strong>Angliae</strong></span> <span class='ocrx_word' id='word_1_234' title='bbox 2069 3183 2271 3243; x_wconf 89' lang='lat' dir='ltr'><strong>scribit</strong></span> <span class='ocrx_word' id='word_1_235' title='bbox 2307 3183 2465 3260; x_wconf 89' lang='lat' dir='ltr'><strong>quod</strong></span> <span class='ocrx_word' id='word_1_236' title='bbox 2502 3183 2613 3243; x_wconf 84' lang='lat' dir='ltr'><strong>sibi</strong></span> <span class='ocrx_word' id='word_1_237' title='bbox 2655 3185 2850 3243; x_wconf 82' lang='lat' dir='ltr'><strong>mittat</strong></span> <span class='ocrx_word' id='word_1_238' title='bbox 2894 3185 3142 3243; x_wconf 82' lang='lat' dir='ltr'><strong>nuncios</strong></span> <span class='ocrx_word' id='word_1_239' title='bbox 3168 3199 3278 3259; x_wconf 89' lang='lat' dir='ltr'><strong>pro</strong></span> <span class='ocrx_word' id='word_1_240' title='bbox 3312 3184 3544 3260; x_wconf 85' lang='lat' dir='ltr'><strong>negotio</strong></span> 
     </span>
     <span class='ocr_line' id='line_1_27' title="bbox 718 3278 3545 3358; baseline -0 -20"><span class='ocrx_word' id='word_1_241' title='bbox 718 3278 988 3358; x_wconf 61' lang='lat' dir='ltr'><strong>exeunt]</strong></span> <span class='ocrx_word' id='word_1_242' title='bbox 1560 3281 1724 3355; x_wconf 84' lang='lat' dir='ltr'><strong>pacis</strong></span> <span class='ocrx_word' id='word_1_243' title='bbox 1752 3280 1907 3339; x_wconf 79' lang='lat' dir='ltr'><strong>inter</strong></span> <span class='ocrx_word' id='word_1_244' title='bbox 1929 3297 1996 3340; x_wconf 86' lang='lat' dir='ltr'><strong>se</strong></span> <span class='ocrx_word' id='word_1_245' title='bbox 2020 3285 2080 3339; x_wconf 86' lang='lat' dir='ltr'><strong>et</strong></span> <span class='ocrx_word' id='word_1_246' title='bbox 2107 3280 2429 3340; x_wconf 79' lang='lat' dir='ltr'><strong>Ecclesiam</strong></span> <span class='ocrx_word' id='word_1_247' title='bbox 2453 3280 2837 3339; x_wconf 88' lang='lat' dir='ltr'><strong>inchoandae.</strong></span> <span class='ocrx_word' id='word_1_248' title='bbox 3429 3286 3545 3338; x_wconf 81' lang='grc'><strong>146</strong></span> 
     </span>
     <span class='ocr_line' id='line_1_28' title="bbox 763 3372 3544 3455; baseline 0 -20"><span class='ocrx_word' id='word_1_249' title='bbox 763 3372 941 3452; x_wconf 84' lang='lat' dir='ltr'><strong>[anno</strong></span> <span class='ocrx_word' id='word_1_250' title='bbox 1480 3407 1565 3420; x_wconf 92' lang='lat'>—</span> <span class='ocrx_word' id='word_1_251' title='bbox 1600 3376 1817 3437; x_wconf 86' lang='lat' dir='ltr'><strong>Scribit</strong></span> <span class='ocrx_word' id='word_1_252' title='bbox 1852 3378 1974 3454; x_wconf 86' lang='lat' dir='ltr'><strong>regi</strong></span> <span class='ocrx_word' id='word_1_253' title='bbox 2012 3376 2193 3455; x_wconf 86' lang='lat' dir='ltr'><strong>Cypri</strong></span> <span class='ocrx_word' id='word_1_254' title='bbox 2221 3384 2290 3437; x_wconf 93' lang='lat' dir='ltr'><strong>ut</strong></span> <span class='ocrx_word' id='word_1_255' title='bbox 2325 3377 2864 3437; x_wconf 84' lang='lat' dir='ltr'><strong>recommendatum</strong></span> <span class='ocrx_word' id='word_1_256' title='bbox 2891 3375 3110 3435; x_wconf 87' lang='lat' dir='ltr'><strong>habeat</strong></span> <span class='ocrx_word' id='word_1_257' title='bbox 3142 3374 3387 3435; x_wconf 83' lang='lat' dir='ltr'><strong>fratrem</strong></span> <span class='ocrx_word' id='word_1_258' title='bbox 3418 3376 3544 3436; x_wconf 87' lang='lat' dir='ltr'><strong>He-</strong></span> 
     </span>
     <span class='ocr_line' id='line_1_29' title="bbox 718 3471 3545 3551; baseline 0.001 -20"><span class='ocrx_word' id='word_1_259' title='bbox 718 3471 984 3551; x_wconf 75' lang='lat' dir='ltr'><strong>exeunt]</strong></span> <span class='ocrx_word' id='word_1_260' title='bbox 1020 3518 1447 3539; x_wconf 90' lang='grc'><strong>.......</strong></span> <span class='ocrx_word' id='word_1_261' title='bbox 1560 3472 1700 3532; x_wconf 82' lang='lat' dir='ltr'><strong>liam</strong></span> <span class='ocrx_word' id='word_1_262' title='bbox 1726 3489 1904 3550; x_wconf 84' lang='lat' dir='ltr'><strong>quem</strong></span> <span class='ocrx_word' id='word_1_263' title='bbox 1938 3473 2016 3533; x_wconf 88' lang='lat' dir='ltr'><strong>ad</strong></span> <span class='ocrx_word' id='word_1_264' title='bbox 2052 3480 2246 3548; x_wconf 85' lang='lat' dir='ltr'><strong>partes</strong></span> <span class='ocrx_word' id='word_1_265' title='bbox 2275 3476 2693 3533; x_wconf 87' lang='lat' dir='ltr'><strong>transmarinas</strong></span> <span class='ocrx_word' id='word_1_266' title='bbox 2720 3475 2965 3532; x_wconf 89' lang='lat' dir='ltr'><strong>missum</strong></span> <span class='ocrx_word' id='word_1_267' title='bbox 2998 3473 3062 3532; x_wconf 90' lang='lat' dir='ltr'><strong>in</strong></span> <span class='ocrx_word' id='word_1_268' title='bbox 3097 3472 3359 3549; x_wconf 73' lang='lat' dir='ltr'><strong>ejusdem</strong></span> <span class='ocrx_word' id='word_1_269' title='bbox 3392 3476 3545 3551; x_wconf 87' lang='lat' dir='ltr'><strong>regis</strong></span> 
     </span>
     <span class='ocr_line' id='line_1_30' title="bbox 1559 3571 3538 3649; baseline 0 -20"><span class='ocrx_word' id='word_1_270' title='bbox 1559 3572 1725 3629; x_wconf 87' lang='lat' dir='ltr'><strong>curia</strong></span> <span class='ocrx_word' id='word_1_271' title='bbox 1750 3571 2113 3648; x_wconf 84' lang='lat' dir='ltr'><strong>aliquamdiu</strong></span> <span class='ocrx_word' id='word_1_272' title='bbox 2142 3578 2509 3631; x_wconf 84' lang='lat' dir='ltr'><strong>moraturum</strong></span> <span class='ocrx_word' id='word_1_273' title='bbox 2530 3574 2729 3649; x_wconf 84' lang='lat' dir='ltr'><strong>jussit.</strong></span> <span class='ocrx_word' id='word_1_274' title='bbox 3432 3579 3538 3630; x_wconf 80' lang='grc'><strong>147</strong></span> 
     </span>
    </p>

    <p class='ocr_par' dir='ltr' id='par_1_21' title="bbox 734 3663 3546 3938">
     <span class='ocr_line' id='line_1_31' title="bbox 758 3663 3545 3745; baseline -0 -20"><span class='ocrx_word' id='word_1_275' title='bbox 758 3663 940 3743; x_wconf 83' lang='lat' dir='ltr'><strong>[anno</strong></span> <span class='ocrx_word' id='word_1_276' title='bbox 1019 3713 1034 3729; x_wconf 91' lang='lat'><strong>.</strong></span> <span class='ocrx_word' id='word_1_277' title='bbox 1097 3711 1447 3734; x_wconf 90' lang='grc'><strong>......</strong></span> <span class='ocrx_word' id='word_1_278' title='bbox 1482 3699 1564 3714; x_wconf 92' lang='grc'><strong>--</strong></span> <span class='ocrx_word' id='word_1_279' title='bbox 1599 3669 1856 3728; x_wconf 84' lang='lat' dir='ltr'><strong>Henrico</strong></span> <span class='ocrx_word' id='word_1_280' title='bbox 1873 3667 2013 3728; x_wconf 61' lang='lat' dir='ltr'><strong>“filio</strong></span> <span class='ocrx_word' id='word_1_281' title='bbox 2041 3684 2150 3728; x_wconf 92' lang='lat' dir='ltr'><strong>suo</strong></span> <span class='ocrx_word' id='word_1_282' title='bbox 2188 3671 2250 3728; x_wconf 90' lang='lat' dir='ltr'><strong>in</strong></span> <span class='ocrx_word' id='word_1_283' title='bbox 2289 3669 2459 3728; x_wconf 86' lang='lat' dir='ltr'><strong>Italia</strong></span> <span class='ocrx_word' id='word_1_284' title='bbox 2490 3670 2719 3745; x_wconf 87' lang='lat' dir='ltr'><strong>imperii</strong></span> <span class='ocrx_word' id='word_1_285' title='bbox 2756 3669 2950 3745; x_wconf 86' lang='lat' dir='ltr'><strong>iegato</strong></span> <span class='ocrx_word' id='word_1_286' title='bbox 2981 3667 3225 3727; x_wconf 89' lang='lat' dir='ltr'><strong>mandat</strong></span> <span class='ocrx_word' id='word_1_287' title='bbox 3249 3666 3410 3744; x_wconf 89' lang='lat' dir='ltr'><strong>quod</strong></span> <span class='ocrx_word' id='word_1_288' title='bbox 3447 3668 3545 3725; x_wconf 90' lang='lat' dir='ltr'><strong>in-</strong></span> 
     </span>
     <span class='ocr_line' id='line_1_32' title="bbox 720 3745 3546 3841; baseline -0 -16.972"><span class='ocrx_word' id='word_1_289' title='bbox 720 3745 986 3824; x_wconf 57' lang='lat' dir='ltr'><strong>“mm-J</strong></span> <span class='ocrx_word' id='word_1_290' title='bbox 1557 3766 1932 3841; x_wconf 84' lang='lat' dir='ltr'><strong>quisitionem</strong></span> <span class='ocrx_word' id='word_1_291' title='bbox 1959 3764 2088 3824; x_wconf 86' lang='lat' dir='ltr'><strong>fien&#39;</strong></span> <span class='ocrx_word' id='word_1_292' title='bbox 2117 3764 2294 3825; x_wconf 81' lang='lat' dir='ltr'><strong>faciat</strong></span> <span class='ocrx_word' id='word_1_293' title='bbox 2318 3764 2394 3824; x_wconf 93' lang='lat' dir='ltr'><strong>de</strong></span> <span class='ocrx_word' id='word_1_294' title='bbox 2420 3765 2635 3824; x_wconf 88' lang='lat' dir='ltr'><strong>salario</strong></span> <span class='ocrx_word' id='word_1_295' title='bbox 2663 3766 2938 3839; x_wconf 88' lang='lat' dir='ltr'><strong>potestati</strong></span> <span class='ocrx_word' id='word_1_296' title='bbox 2963 3765 3217 3825; x_wconf 89' lang='lat' dir='ltr'><strong>Cesenae</strong></span> <span class='ocrx_word' id='word_1_297' title='bbox 3243 3763 3459 3836; x_wconf 88' lang='lat' dir='ltr'><strong>soluto,</strong></span> <span class='ocrx_word' id='word_1_298' title='bbox 3486 3770 3546 3823; x_wconf 88' lang='lat' dir='ltr'><strong>et</strong></span> 
     </span>
     <span class='ocr_line' id='line_1_33' title="bbox 734 3822 3541 3938; baseline -0 -18"><span class='ocrx_word' id='word_1_299' title='bbox 734 3822 961 3901; x_wconf 69' lang='lat'>¹244</span> <span class='ocrx_word' id='word_1_300' title='bbox 1563 3868 1756 3937; x_wconf 84' lang='lat' dir='ltr'><strong>partes</strong></span> <span class='ocrx_word' id='word_1_301' title='bbox 1784 3862 1858 3920; x_wconf 88' lang='lat' dir='ltr'><strong>ad</strong></span> <span class='ocrx_word' id='word_1_302' title='bbox 1884 3862 2242 3938; x_wconf 83' lang='lat' dir='ltr'><strong>imperialem</strong></span> <span class='ocrx_word' id='word_1_303' title='bbox 2270 3864 2492 3921; x_wconf 86' lang='lat' dir='ltr'><strong>curiam</strong></span> <span class='ocrx_word' id='word_1_304' title='bbox 2521 3863 2702 3920; x_wconf 87' lang='lat' dir='ltr'><strong>citare</strong></span> <span class='ocrx_word' id='word_1_305' title='bbox 2730 3877 2848 3920; x_wconf 91' lang='lat' dir='ltr'><strong>non</strong></span> <span class='ocrx_word' id='word_1_306' title='bbox 2875 3863 3130 3920; x_wconf 88' lang='lat' dir='ltr'><strong>omittat.</strong></span> <span class='ocrx_word' id='word_1_307' title='bbox 3278 3908 3283 3915; x_wconf 92' lang='lat'><strong>.</strong></span> <span class='ocrx_word' id='word_1_308' title='bbox 3425 3868 3541 3919; x_wconf 86' lang='lat'><strong>908</strong></span> 
     </span>
    </p>
   </div>
   <div class='ocr_carea' id='block_1_6' title="bbox 711 3928 975 3941">
    <p class='ocr_par' dir='ltr' id='par_1_22' title="bbox 711 3928 975 3941">
     <span class='ocr_line' id='line_1_34' title="bbox 711 3928 975 3941; baseline 0 2090"><span class='ocrx_word' id='word_1_309' title='bbox 711 3928 975 3941; x_wconf 95' lang='lat' dir='ltr'><strong> </strong></span> 
     </span>
    </p>
   </div>
   <div class='ocr_carea' id='block_1_7' title="bbox 748 3951 3546 4130">
    <p class='ocr_par' dir='ltr' id='par_1_23' title="bbox 748 3951 3546 4130">
     <span class='ocr_line' id='line_1_35' title="bbox 748 3951 3546 4033; baseline 0.002 -23"><span class='ocrx_word' id='word_1_310' title='bbox 748 3958 782 4009; x_wconf 77' lang='lat'><em>8</em></span> <span class='ocrx_word' id='word_1_311' title='bbox 802 3953 935 4028; x_wconf 81' lang='lat' dir='ltr'><strong>jan.</strong></span> <span class='ocrx_word' id='word_1_312' title='bbox 1061 3951 1133 4012; x_wconf 90' lang='lat' dir='ltr'><strong>In</strong></span> <span class='ocrx_word' id='word_1_313' title='bbox 1161 3954 1406 4015; x_wconf 82' lang='lat' dir='ltr'><strong>eeclesia</strong></span> <span class='ocrx_word' id='word_1_314' title='bbox 1482 3991 1566 4005; x_wconf 91' lang='lat'>—</span> <span class='ocrx_word' id='word_1_315' title='bbox 1602 3960 1671 4018; x_wconf 85' lang='lat' dir='ltr'><strong>In</strong></span> <span class='ocrx_word' id='word_1_316' title='bbox 1717 3958 1976 4018; x_wconf 76' lang='lat' dir='ltr'><strong>favorem</strong></span> <span class='ocrx_word' id='word_1_317' title='bbox 2022 3959 2332 4017; x_wconf 89' lang='lat' dir='ltr'><strong>hominum</strong></span> <span class='ocrx_word' id='word_1_318' title='bbox 2380 3960 2554 4018; x_wconf 84' lang='lat' dir='ltr'><strong>castri</strong></span> <span class='ocrx_word' id='word_1_319' title='bbox 2600 3957 2798 4018; x_wconf 87' lang='lat' dir='ltr'><strong>Plebis</strong></span> <span class='ocrx_word' id='word_1_320' title='bbox 2833 3961 3007 4033; x_wconf 84' lang='lat' dir='ltr'><strong>juxta</strong></span> <span class='ocrx_word' id='word_1_321' title='bbox 3046 3957 3356 4017; x_wconf 90' lang='lat' dir='ltr'><strong>Perusium</strong></span> <span class='ocrx_word' id='word_1_322' title='bbox 3394 3955 3546 4016; x_wconf 77' lang='lat' dir='ltr'><strong>fines</strong></span> 
     </span>
     <span class='ocr_line' id='line_1_36' title="bbox 1087 4048 3542 4130; baseline 0 -20"><span class='ocrx_word' id='word_1_323' title='bbox 1087 4048 1152 4110; x_wconf 91' lang='lat' dir='ltr'><strong>S.</strong></span> <span class='ocrx_word' id='word_1_324' title='bbox 1176 4050 1385 4111; x_wconf 83' lang='lat' dir='ltr'><strong>Lazari</strong></span> <span class='ocrx_word' id='word_1_325' title='bbox 1558 4057 1835 4115; x_wconf 86' lang='lat' dir='ltr'><strong>territorii</strong></span> <span class='ocrx_word' id='word_1_326' title='bbox 1889 4055 1966 4114; x_wconf 84' lang='lat' dir='ltr'><strong>ad</strong></span> <span class='ocrx_word' id='word_1_327' title='bbox 2017 4071 2119 4114; x_wconf 85' lang='lat' dir='ltr'><strong>eos</strong></span> <span class='ocrx_word' id='word_1_328' title='bbox 2172 4056 2518 4130; x_wconf 88' lang='lat' dir='ltr'><strong>pertinentis</strong></span> <span class='ocrx_word' id='word_1_329' title='bbox 2571 4053 2887 4126; x_wconf 83' lang='lat' dir='ltr'><strong>describit,</strong></span> <span class='ocrx_word' id='word_1_330' title='bbox 2935 4055 3345 4128; x_wconf 84' lang='lat' dir='ltr'><strong>immunesque</strong></span> <span class='ocrx_word' id='word_1_331' title='bbox 3381 4055 3542 4111; x_wconf 84' lang='lat' dir='ltr'><strong>omni</strong></span> 
     </span>
    </p>
   </div>
   <div class='ocr_carea' id='block_1_8' title="bbox 723 4144 3546 4417">
    <p class='ocr_par' dir='ltr' id='par_1_24' title="bbox 723 4144 3546 4417">
     <span class='ocr_line' id='line_1_37' title="bbox 941 4144 3543 4226; baseline -0.002 -17"><span class='ocrx_word' id='word_1_332' title='bbox 941 4212 952 4219; x_wconf 63' lang='grc'><strong>,</strong></span> <span class='ocrx_word' id='word_1_333' title='bbox 1137 4149 1322 4222; x_wconf 74' lang='lat' dir='ltr'><strong>Juxta</strong></span> <span class='ocrx_word' id='word_1_334' title='bbox 1560 4167 1735 4211; x_wconf 83' lang='lat' dir='ltr'><strong>onere</strong></span> <span class='ocrx_word' id='word_1_335' title='bbox 1773 4151 2086 4209; x_wconf 85' lang='lat' dir='ltr'><strong>denuntiat</strong></span> <span class='ocrx_word' id='word_1_336' title='bbox 2112 4166 2150 4209; x_wconf 87' lang='lat' dir='ltr'><strong>a</strong></span> <span class='ocrx_word' id='word_1_337' title='bbox 2183 4165 2558 4226; x_wconf 83' lang='lat' dir='ltr'><strong>quocumque</strong></span> <span class='ocrx_word' id='word_1_338' title='bbox 2593 4148 2914 4226; x_wconf 83' lang='lat' dir='ltr'><strong>exigendo,</strong></span> <span class='ocrx_word' id='word_1_339' title='bbox 2951 4149 3261 4224; x_wconf 87' lang='lat' dir='ltr'><strong>praecipue</strong></span> <span class='ocrx_word' id='word_1_340' title='bbox 3298 4144 3376 4205; x_wconf 85' lang='lat' dir='ltr'><strong>ab</strong></span> <span class='ocrx_word' id='word_1_341' title='bbox 3412 4146 3543 4205; x_wconf 84' lang='lat' dir='ltr'><strong>An-</strong></span> 
     </span>
     <span class='ocr_line' id='line_1_38' title="bbox 1049 4241 3546 4324; baseline 0.001 -23"><span class='ocrx_word' id='word_1_342' title='bbox 1049 4241 1414 4321; x_wconf 80' lang='lat' dir='ltr'><strong>Fulginium.</strong></span> <span class='ocrx_word' id='word_1_343' title='bbox 1561 4249 1704 4307; x_wconf 87' lang='lat' dir='ltr'><strong>drea</strong></span> <span class='ocrx_word' id='word_1_344' title='bbox 1730 4255 1793 4307; x_wconf 90' lang='lat' dir='ltr'><strong>et</strong></span> <span class='ocrx_word' id='word_1_345' title='bbox 1817 4248 2149 4324; x_wconf 84' lang='lat' dir='ltr'><strong>Uguccione</strong></span> <span class='ocrx_word' id='word_1_346' title='bbox 2178 4246 2250 4306; x_wconf 89' lang='lat' dir='ltr'><strong>de</strong></span> <span class='ocrx_word' id='word_1_347' title='bbox 2276 4247 2542 4324; x_wconf 87' lang='lat' dir='ltr'><strong>Plegario</strong></span> <span class='ocrx_word' id='word_1_348' title='bbox 2570 4245 2967 4322; x_wconf 77' lang='lat' dir='ltr'><strong>proditoribus</strong></span> <span class='ocrx_word' id='word_1_349' title='bbox 2993 4246 3138 4303; x_wconf 89' lang='lat' dir='ltr'><strong>suis.</strong></span> <span class='ocrx_word' id='word_1_350' title='bbox 3427 4251 3546 4303; x_wconf 79' lang='grc'><strong>148</strong></span> 
     </span>
     <span class='ocr_line' id='line_1_39' title="bbox 723 4336 3542 4417; baseline 0.002 -23"><span class='ocrx_word' id='word_1_351' title='bbox 723 4336 943 4410; x_wconf 74' lang='lat' dir='ltr'><strong>januar</strong></span> <span class='ocrx_word' id='word_1_352' title='bbox 947 4378 1448 4404; x_wconf 88' lang='grc'><strong>........</strong></span> <span class='ocrx_word' id='word_1_353' title='bbox 1481 4378 1563 4389; x_wconf 93' lang='grc'><strong>-</strong></span> <span class='ocrx_word' id='word_1_354' title='bbox 1600 4346 1920 4406; x_wconf 87' lang='lat' dir='ltr'><strong>Commune</strong></span> <span class='ocrx_word' id='word_1_355' title='bbox 1949 4345 2237 4404; x_wconf 91' lang='lat' dir='ltr'><strong>Imolense</strong></span> <span class='ocrx_word' id='word_1_356' title='bbox 2259 4343 2463 4404; x_wconf 83' lang='lat' dir='ltr'><strong>fideles</strong></span> <span class='ocrx_word' id='word_1_357' title='bbox 2482 4359 2621 4403; x_wconf 88' lang='lat' dir='ltr'><strong>suos</strong></span> <span class='ocrx_word' id='word_1_358' title='bbox 2647 4343 2759 4402; x_wconf 90' lang='lat' dir='ltr'><strong>sub</strong></span> <span class='ocrx_word' id='word_1_359' title='bbox 2780 4358 2889 4402; x_wconf 88' lang='lat' dir='ltr'><strong>sua</strong></span> <span class='ocrx_word' id='word_1_360' title='bbox 2913 4340 3153 4417; x_wconf 88' lang='lat' dir='ltr'><strong>speciali</strong></span> <span class='ocrx_word' id='word_1_361' title='bbox 3178 4340 3542 4416; x_wconf 87' lang='lat' dir='ltr'><strong>protectione</strong></span> 
     </span>
    </p>
   </div>
   <div class='ocr_carea' id='block_1_9' title="bbox 710 4436 3547 4807">
    <p class='ocr_par' dir='ltr' id='par_1_25' title="bbox 710 4436 3547 4807">
     <span class='ocr_line' id='line_1_40' title="bbox 1560 4436 3541 4519; baseline -0.003 -18"><span class='ocrx_word' id='word_1_362' title='bbox 1560 4443 1791 4519; x_wconf 89' lang='lat' dir='ltr'><strong>recipit,</strong></span> <span class='ocrx_word' id='word_1_363' title='bbox 1821 4443 1904 4502; x_wconf 87' lang='lat' dir='ltr'><strong>ita</strong></span> <span class='ocrx_word' id='word_1_364' title='bbox 1938 4446 2006 4501; x_wconf 92' lang='lat' dir='ltr'><strong>ut</strong></span> <span class='ocrx_word' id='word_1_365' title='bbox 2039 4443 2351 4500; x_wconf 87' lang='lat' dir='ltr'><strong>comitatus</strong></span> <span class='ocrx_word' id='word_1_366' title='bbox 2378 4444 2438 4499; x_wconf 89' lang='lat' dir='ltr'><strong>et</strong></span> <span class='ocrx_word' id='word_1_367' title='bbox 2472 4442 2839 4516; x_wconf 82' lang='lat' dir='ltr'><strong>episcopatus</strong></span> <span class='ocrx_word' id='word_1_368' title='bbox 2867 4439 3085 4499; x_wconf 84' lang='lat' dir='ltr'><strong>imolae</strong></span> <span class='ocrx_word' id='word_1_369' title='bbox 3110 4440 3173 4497; x_wconf 90' lang='lat' dir='ltr'><strong>in</strong></span> <span class='ocrx_word' id='word_1_370' title='bbox 3207 4441 3332 4495; x_wconf 90' lang='lat' dir='ltr'><strong>toto</strong></span> <span class='ocrx_word' id='word_1_371' title='bbox 3359 4436 3451 4494; x_wconf 83' lang='lat' dir='ltr'><strong>vel</strong></span> <span class='ocrx_word' id='word_1_372' title='bbox 3478 4437 3541 4496; x_wconf 91' lang='lat' dir='ltr'><strong>in</strong></span> 
     </span>
     <span class='ocr_line' id='line_1_41' title="bbox 1560 4531 3547 4614; baseline -0.005 -17"><span class='ocrx_word' id='word_1_373' title='bbox 1560 4543 1722 4613; x_wconf 78' lang='lat' dir='ltr'><strong>purte</strong></span> <span class='ocrx_word' id='word_1_374' title='bbox 1749 4553 2058 4614; x_wconf 78' lang='lat' dir='ltr'><strong>nunquam</strong></span> <span class='ocrx_word' id='word_1_375' title='bbox 2096 4534 2562 4596; x_wconf 83' lang='lat' dir='ltr'><strong>Bononiensibus</strong></span> <span class='ocrx_word' id='word_1_376' title='bbox 2589 4535 2680 4594; x_wconf 86' lang='lat' dir='ltr'><strong>vel</strong></span> <span class='ocrx_word' id='word_1_377' title='bbox 2719 4534 3057 4593; x_wconf 81' lang='lat' dir='ltr'><strong>Faventinis</strong></span> <span class='ocrx_word' id='word_1_378' title='bbox 3092 4533 3188 4591; x_wconf 79' lang='lat' dir='ltr'><strong>ve}</strong></span> <span class='ocrx_word' id='word_1_379' title='bbox 3224 4531 3353 4591; x_wconf 88' lang='lat' dir='ltr'><strong>aliis</strong></span> <span class='ocrx_word' id='word_1_380' title='bbox 3393 4546 3547 4589; x_wconf 78' lang='lat' dir='ltr'><strong>con-</strong></span> 
     </span>
     <span class='ocr_line' id='line_1_42' title="bbox 1559 4631 3543 4708; baseline -0.004 -15"><span class='ocrx_word' id='word_1_381' title='bbox 1559 4634 1688 4693; x_wconf 81' lang='lat' dir='ltr'><strong>cedi</strong></span> <span class='ocrx_word' id='word_1_382' title='bbox 1715 4635 1938 4708; x_wconf 80' lang='lat' dir='ltr'><strong>valeat,</strong></span> <span class='ocrx_word' id='word_1_383' title='bbox 1970 4634 2074 4694; x_wconf 84' lang='lat' dir='ltr'><strong>sed</strong></span> <span class='ocrx_word' id='word_1_384' title='bbox 2101 4636 2163 4692; x_wconf 90' lang='lat' dir='ltr'><strong>in</strong></span> <span class='ocrx_word' id='word_1_385' title='bbox 2186 4634 2310 4693; x_wconf 88' lang='lat' dir='ltr'><strong>solo</strong></span> <span class='ocrx_word' id='word_1_386' title='bbox 2338 4636 2569 4708; x_wconf 87' lang='lat' dir='ltr'><strong>imperii</strong></span> <span class='ocrx_word' id='word_1_387' title='bbox 2594 4631 2852 4691; x_wconf 87' lang='lat' dir='ltr'><strong>dominio</strong></span> <span class='ocrx_word' id='word_1_388' title='bbox 2879 4636 3283 4690; x_wconf 84' lang='lat' dir='ltr'><strong>conservetur.</strong></span> <span class='ocrx_word' id='word_1_389' title='bbox 3424 4635 3543 4686; x_wconf 74' lang='grc'><strong>152</strong></span> 
     </span>
     <span class='ocr_line' id='line_1_43' title="bbox 710 4722 3539 4807; baseline -0.001 -22"><span class='ocrx_word' id='word_1_390' title='bbox 710 4722 968 4801; x_wconf 78' lang='lat' dir='ltr'><strong>[januar.</strong></span> <span class='ocrx_word' id='word_1_391' title='bbox 1077 4722 1391 4804; x_wconf 84' lang='lat' dir='ltr'><strong>Grosseti.]</strong></span> <span class='ocrx_word' id='word_1_392' title='bbox 1478 4756 1563 4773; x_wconf 90' lang='lat'><em>-</em></span> <span class='ocrx_word' id='word_1_393' title='bbox 1600 4728 1893 4789; x_wconf 76' lang='lat' dir='ltr'><strong>Panduiio</strong></span> <span class='ocrx_word' id='word_1_394' title='bbox 1926 4729 2004 4789; x_wconf 89' lang='lat' dir='ltr'><strong>de</strong></span> <span class='ocrx_word' id='word_1_395' title='bbox 2033 4727 2338 4789; x_wconf 86' lang='lat' dir='ltr'><strong>Fasanella</strong></span> <span class='ocrx_word' id='word_1_396' title='bbox 2361 4730 2592 4807; x_wconf 87' lang='lat' dir='ltr'><strong>imperii</strong></span> <span class='ocrx_word' id='word_1_397' title='bbox 2618 4730 2680 4788; x_wconf 90' lang='lat' dir='ltr'><strong>in</strong></span> <span class='ocrx_word' id='word_1_398' title='bbox 2710 4727 2925 4788; x_wconf 87' lang='lat' dir='ltr'><strong>Tuscia</strong></span> <span class='ocrx_word' id='word_1_399' title='bbox 2951 4727 3256 4801; x_wconf 86' lang='lat' dir='ltr'><strong>capitaneo</strong></span> <span class='ocrx_word' id='word_1_400' title='bbox 3283 4723 3539 4802; x_wconf 87' lang='lat' dir='ltr'><strong>generali</strong></span> 
     </span>
    </p>
   </div>
  </div>
 </body>
</html>
