4525 6031
1059 672 1185 735 938
2168 673 2795 741 AanAMEN‘rA.

1533 967 1660 978 *οι-
1671 966 1940 976 α’,ι-ο--ι
1947 965 2970 977 eamme
2976 963 3473 976 ..ψ’-αισα*

1386 1307 1650 1356 NOTITIA
1701 1305 2237 1356 nocnunmonuu
2290 1307 2376 1354 DE
2427 1306 2660 1363 omnus
2711 1306 2846 1356 NON
2898 1306 3013 1355 su·
3060 1306 3235 1355 BENE
3280 1306 3590 1357 consur.

1170 1513 1513 1586 Robertus
1564 1511 1653 1583 de
1704 1511 2073 1583 Castillone
2130 1532 2317 1581 anno
2372 1510 2665 1588 Domini
2700 1509 2891 1584 4242
2938 1510 3129 1605 apud
3171 1511 3517 1582 Timnium
3567 1512 3904 1583 nonnulla

1066 1640 1227 1731 jura
1259 1637 1619 1707 Firmanae
1653 1636 1915 1707 civitati
1945 1635 2319 1725 concessit3
2355 1634 2536 1707 inter
2567 1656 2747 1730 quae
2785 1636 2993 1738 etiam
3027 1656 3117 1706 ne
3152 1636 3307 1727 quis
3338 1636 3407 1706 in
3439 1636 3668 1708 littore
3697 1635 3906 1708 maris

1075 1783 1117 1832 a
1143 1760 1455 1833 Potentia
1478 1760 1548 1829 in
1575 1762 1963 1829 Druentum
1991 1757 2282 1829 auderet
2310 1756 2679 1829 aedificare
2703 1758 2854 1828 sine
2884 1758 3163 1829 licentia
3184 1759 3688 1849 Firmanorum,
3708 1769 3789 1831 ut
3815 1781 3906 1831 ex

1076 1884 1442 1982 privilegio
1475 1894 1746 1955 constat
1782 1904 1992 1953 manu
2026 1882 2289 1953 Nicolai
2325 1881 2414 1953 de
2442 1883 2887 1972 Monterano‚
2925 1882 3117 1975 quod
3156 1894 3476 1954 servatur
3509 1883 3582 1955 in
3618 1882 3904 1956 archivo

1076 2012 1422 2084 Firmano.
1458 2011 1579 2079 Fr.
1624 2008 1869 2078 Adami
1901 2006 1982 2076 de
2018 2007 2157 2076 reb.
2190 2016 2357 2097 qest.
2399 2008 2476 2076 in
2503 2008 2634 2077 civ.
2669 2005 3038 2091 Firmano,
3077 2028 3150 2101 p.
3196 2003 3316 2079 47.

1175 2214 1464 2288 Invenio
1526 2211 1734 2283 etiam
1792 2210 1863 2280 in
1914 2208 2315 2303 capibrevio
2377 2208 2844 2281 ecclesiastico
2894 2209 3083 2303 apud
3134 2209 3425 2282 cancell.
3484 2211 3653 2302 Reg.
3721 2205 3906 2282 idem

1080 2335 1577 2410 monasterium
1623 2330 1741 2430 [de
1790 2333 2000 2404 Fossa
2046 2329 2256 2430 nova]
2304 2333 2515 2403 fuisse
2559 2343 2842 2403 auctum
2886 2344 2956 2403 et
3002 2333 3298 2405 ditatum
3341 2333 3647 2427 quodam
3695 2334 3907 2405 casali

1085 2459 1306 2558 (quod
1347 2458 1553 2530 hodie
1598 2456 1934 2529 Palatium
1964 2455 2254 2527 Adriani
2293 2453 2747 2552 appellatur),
2782 2456 3074 2549 aliisque
3111 2456 3451 2551 praediiS,
3488 2457 3667 2529 utin
3695 2458 3907 2552 privi-

1083 2586 1263 2676 legio
1321 2581 1758 2676 imperatoris
1805 2579 2152 2651 Frederici
2193 2580 2287 2670 11,
2350 2580 2517 2651 dato
2576 2599 2764 2649 anno
2810 2579 3053 2650 salutis
3110 2577 3342 2667 4245,
3387 2579 3579 2672 regni
3638 2580 3908 2653 Siciliae

1083 2730 1269 2782 anno
1302 2706 1420 2796 48,
1455 2704 1835 2778 Jerusalem
1866 2724 2052 2774 anno
2090 2704 2183 2777 22
2212 2699 2350 2798 (4),
2389 2712 2458 2773 et
2490 2701 2679 2794 quod
2701 2724 2744 2774 a
2773 2703 3054 2795 regibus
3082 2702 3353 2774 Siciliae
3390 2714 3525 2774 tam
3561 2703 3635 2775 id
3664 2725 3907 2776 mona-

1085 2832 1374 2904 sterium
1414 2851 1623 2922 quam
1681 2827 2055 2922 hospitium
2099 2826 2248 2897 sive
2302 2826 2595 2897 rectoria
2656 2827 2951 2898 Sanctae
3003 2826 3257 2897 Mariae
3304 2826 3393 2898 de
3442 2826 3910 2899 Misericordia

1084 2955 1404 3031 Panormi
1438 2951 1734 3027 conferri
1765 2952 2045 3025 soleret.
2084 2953 2303 3041 Puuu,
2342 2951 2534 3024 sicil.
2576 2973 2799 3042 sacra,
2848 2960 2896 3024 t.
2936 2951 2999 3045 Ι,
3032 2972 3105 3046 p.
3143 2946 3315 3026 759.

1194 3188 1229 3227 «
1262 3161 1390 3230 Les
1408 3157 1780 3249 bourgeois
1806 3155 1897 3227 de
1925 3155 2098 3228 Toul
2136 3178 2211 3227 se
2248 3156 2693 3227 souleverent
2723 3155 2765 3227 a
2783 3156 3160 3251 l'exemple
3187 3155 3278 3227 de
3306 3177 3492 3228 ceux
3518 3154 3609 3228 de
3632 3154 3812 3227 Metz
3844 3164 3916 3227 et

1088 3283 1180 3356 de
1220 3282 1502 3353 Ver-dun
1549 3289 1789 3352 contre
1832 3276 2014 3374 [leur
2056 3274 2353 3375 eveque]
2385 3279 2641 3371 Roger‚
2687 3288 2758 3351 et
2806 3279 3286 3374 pretendirent
3320 3301 3457 3373 que
3500 3279 3565 3350 le
3609 3299 3914 3372 gouver-

1088 3416 1374 3478 nement
1431 3406 1521 3476 de
1584 3406 1651 3475 la
1699 3403 1866 3475 ville
1911 3400 2293 3496 dependoit
2356 3402 2950 3475 immediatement
3004 3403 3094 3475 de
3159 3405 3607 3498 l’empereur,
3655 3411 3726 3474 et
3775 3423 3914 3496 que

1089 3530 1410 3622 l'eveque
1440 3530 1565 3622 n’y
1608 3526 1895 3621 pouvoit
1936 3525 2106 3597 faire
2150 3546 2381 3596 aucun
2422 3527 2809 3617 reglement
2855 3548 3019 3599 sans
3058 3549 3141 3599 sa
3192 3525 3602 3622 permission
3647 3535 3720 3597 et
3764 3527 3917 3599 leur

1088 3653 1261 3726 avis,
1315 3653 1405 3723 Ils
1456 3649 1863 3722 envoierent
1919 3648 1963 3721 a
2005 3650 2182 3721 Metz
2221 3649 2541 3721 Nemeric
2590 3651 2828 3741 Horat,
2888 3649 3266 3740 chevalier,
3331 3650 3454 3743 qui
3506 3649 3679 3721 etoit
3729 3648 3918 3721 alors

1088 3775 1338 3849 maltre
1374 3774 1667 3848 echevin
1701 3772 1790 3844 de
1817 3772 2015 3863 Toul,
2054 3793 2232 3867 pour
2267 3772 2440 3843 faire
2466 3793 2606 3843 une
2640 3773 2825 3864 ligne
2854 3772 3188 3845 offensive
3226 3782 3298 3844 et
3328 3772 3705 3845 deffensive
3741 3794 3918 3845 avec

1089 3902 1192 3972 les
1221 3898 1548 3988 Messius,
1599 3906 1669 3968 et
1710 3897 1843 3967 elle
1890 3897 1994 3966 fut
2032 3897 2327 3967 conclue
2370 3896 2508 3966 l'an
2559 3896 2749 3968 4250
2798 3917 2927 3991 par
2968 3892 3306 3968 Isamber‘t
3349 3898 3717 3987 Gromont,
3771 3898 3917 3969 l'un

1090 4025 1217 4096 des
1259 4022 1651 4115 magistrats
1684 4020 1772 4091 de
1808 4020 2007 4092 Metz.
2047 4020 2096 4091 Il
2134 4041 2182 4113 y
2214 4021 2321 4090 fut
2349 4018 2575 4090 arrete
2606 4040 2743 4111 que
2784 4019 2886 4091 les
2929 4020 3303 4113 bourgeois
3336 4020 3464 4092 des
3493 4021 3685 4092 deux
3712 4019 3922 4092 villes

1092 4146 1540 4219 s’aideroient
1575 4143 2183 4238 reciproquement
2209 4151 2451 4214 contre
2479 4143 2666 4214 leurs
2699 4143 3016 4214 ennemis
3051 4153 3121 4215 et
3152 4152 3428 4215 sut-tout
3458 4152 3696 4215 contre
3720 4143 3918 4215 Guil-

1095 4273 1360 4358 laume‚
1402 4277 1631 4341 comte
1668 4264 2119 4355 d'Hollande‚
2155 4266 2276 4357 qui
2316 4265 2584 4337 vouloit
2625 4265 2941 4360 disputer
2977 4267 3290 4362 l’empire
3323 4267 3363 4339 ὲ
3399 4266 3720 4339 Frederic
3750 4268 3835 4338 11.
3873 4293 3909 4333 n

1091 4396 1374 4483 Banorr,
1404 4393 1579 4464 nist.
1612 4390 1837 4463 eccleis.
1871 4400 1933 4460 et
1951 4388 2153 4483 polit.
2187 4388 2268 4459 de
2301 4388 2373 4460 la
2396 4388 2557 4460 ville
2583 4399 2646 4460 et
2677 4389 2771 4461 du
2798 4389 3050 4463 diocese
3075 4391 3156 4463 de
3191 4391 3385 4481 Toul,
3414 4414 3486 4488 p.
3530 4388 3695 4482 446,
3739 4385 3910 4465 447.

1165 4684 1232 4760 (ι)
1269 4686 1330 4742 ln
1356 4683 1458 4741 hoc
1486 4681 1763 4757 privilegio
1799 4682 1955 4753 cujus
1983 4679 2138 4737 aliam
2173 4680 2472 4753 pleniorem
2505 4683 2740 4755 reperire
2771 4699 2879 4741 non
2901 4685 3173 4759 potuimus
3208 4686 3552 4757 mentionem,
3599 4684 3667 4743 de
3694 4683 3918 4743 abbatia

1092 4786 1292 4843 Fossae
1314 4784 1497 4839 Novae
1520 4780 1573 4836 in
1597 4778 1827 4837 dioecesi
1850 4777 2221 4836 ‘terracinensi
2245 4779 2350 4835 sita
2375 4779 2656 4853 agebatur.
