4525 6031
1077 630 1199 694 790
2070 637 2501 700 Fltmssltlcl
2549 637 2896 700 sncnmm
3521 641 3687 722 [An.
3722 642 3898 708 1250.

1176 768 1227 859 †
1277 768 1424 861 Ego
1451 769 1708 843 Grillus
1739 771 1830 844 de
1852 772 2230 845 Baialastro
2251 773 2481 866 judex
2508 772 2852 846 Messene.

1177 894 1228 985 †
1279 894 1426 985 Ego
1460 894 1786 966 Nicolaus
1818 894 1908 967 de
1941 895 2103 968 Riso
2126 896 2354 987 judex
2384 896 2726 968 Messane.

1175 1017 1228 1106 ἦ»
1276 1018 1423 1110 Ego
1451 1019 1795 1090 Perronus
1837 1019 1926 1091 de
1959 1021 2327 1092 Calvarosa
2354 1020 2729 1114 imperialis
2762 1020 3085 1114 publicus
3114 1020 3430 1095 Messene
3463 1033 3549 1133 ’et
3589 1035 3902 1099 actorum

1081 1138 1272 1210 curie
1301 1140 1599 1213 civitatis
1630 1143 1946 1233 ejusdem
1980 1142 2292 1215 notarius
2318 1141 2560 1237 scripsi
2597 1152 2669 1213 et
2699 1151 2941 1215 testor.

708 1727 984 1833 .υὲξὲζῇ
1187 1725 1612 1808 Fridericus
1629 1787 1651 1832 ‚
1693 1726 2214 1809 Romanorum
2279 1727 2720 1835 imperator,
2772 1726 3083 1810 Vatacio
3137 1728 3598 1811 Graecorum
3651 1727 3904 1838 impe-

1081 1859 1314 1942 ratori
1386 1858 1689 1942 nuntiat
1769 1859 2161 1967 quomodo
2230 1858 2493 1943 civitas
2557 1859 2913 1943 Firmana
2988 1886 3071 1943 se
3143 1862 3240 1944 ad
3306 1860 3536 1943 fidem
3606 1861 3901 1971 imperii

1081 1992 1530 2077 converterit
1563 2001 1639 2074 et
1681 1991 1940 2073 omnia
1975 2000 2139 2074 tum
2180 1991 2260 2073 in
2299 1992 2516 2075 Italia
2555 1992 2957 2102 superiori,
2998 2003 3166 2076 tum
3203 1994 3283 2075 in
3322 1994 3719 2078 Alemania
3757 1994 3900 2077 sibi

1080 2149 1439 2233 prospere
1476 2124 1909 2206 succedant.

1242 2336 1634 2417 (versionem
1686 2353 1954 2416 graecam
1996 2354 2070 2397 ex
2111 2336 2243 2398 cod.
2291 2334 2445 2397 Bibl.
2498 2337 2779 2397 Laurent.
2829 2336 3094 2399 Florent.
3132 2337 3292 2399 edld.
3337 2337 3414 2399 G.
3463 2337 3719 2425 Wom,
3771 2337 3902 2400 Vien-

1323 2441 1551 2505 Gn’eclz.
1588 2441 1784 2522 Briese
1817 2441 1984 2503 Kais.
2034 2440 2265 2503 stiedr.
2308 2439 2427 2502 der.
2474 2461 2609 2519 και,
2652 2461 2713 2520 p.
2750 2452 2850 2521 54,
2879 2460 3015 2504 cum
3060 2446 3541 2521 interpretatione
3568 2446 3903 2522 germanica

1317 2556 1379 2610 et
1422 2551 1600 2610 notis.
1634 2550 1915 2610 Latinum
1938 2566 2080 2608 vero
2113 2556 2346 2609 textum
2376 2553 2685 2611 restituere
2711 2548 3120 2629 tentavimus.)

1175 2735 1566 2807 Fridericus
1593 2735 1996 2829 imperator,
2020 2744 2153 2805 etc.
2169 2787 2189 2824 ,
2220 2733 2514 2807 Iohanni
2543 2734 3008 2807 illustrissimo
3027 2734 3445 2808 Graecorum
3470 2736 3887 2831 imperatori.

1079 2859 1371 2931 Litteras
1407 2858 1652 2930 litteris
1691 2857 1953 2930 addere
1998 2878 2324 2949 magnam
2367 2879 2459 2929 ex
2492 2859 2926 2931 successione
2978 2859 3309 2931 laetitiam
3348 2858 3716 2931 afferentes
3758 2880 3900 2932 non

1081 2984 1305 3056 solum
1343 3004 1463 3054 eos
1495 2982 1616 3076 qui
1666 2979 2020 3075 sanguinis
2054 2980 2417 3077 participio
2458 2991 2530 3055 et
2578 2982 2846 3055 sincero
2891 2982 3143 3056 affectu
3185 2985 3731 3076 conjunguntur,
3777 2981 3902 3057 sed

1081 3108 1289 3179 etiam
1332 3128 1739 3180 communes
1785 3106 2044 3178 amicos
2087 3106 2464 3199 plurimum
2519 3106 2870 3178 delectare
2929 3109 3131 3178 solet.
3188 3106 3385 3179 Unde
3421 3106 3515 3179 ad
3556 3107 3899 3179 sincerum

1081 3250 1387 3301 amorem
1422 3240 1617 3300 tuum
1641 3230 1787 3319 jam
1826 3230 2035 3322 paulo
2068 3237 2229 3299 ante
2259 3229 2515 3299 nostris
2534 3230 2970 3322 processibus
3001 3250 3128 3323 per
3151 3230 3420 3301 litteras
3452 3228 3738 3319 delatis,
3767 3228 3900 3302 hoc

1080 3374 1362 3447 quoque
1393 3353 1592 3445 quasi
1619 3373 1746 3446 per
1779 3351 2297 3423 conclusionem
2328 3351 2420 3423 ad
2452 3352 2786 3444 gaudium
2816 3353 3191 3445 majestatis
3227 3363 3389 3424 tuae
3420 3353 3724 3425 scribere
3757 3373 3896 3425 non

1080 3498 1442 3569 negamus.
1484 3472 1933 3566 Congaudere
1961 3473 2145 3543 enim
2177 3475 2432 3545 scimus
2465 3477 2909 3549 serenitatem
2940 3486 3134 3549 tuam
3161 3477 3235 3549 in
3268 3476 3592 3551 omnihus
3621 3497 3901 3571 prospe-

1083 3600 1179 3670 ris
1220 3597 1473 3670 nostris
1523 3605 1595 3668 et
1639 3596 1729 3667 de
1779 3595 2030 3666 nostris
2075 3595 2381 3667 victoriis
2422 3597 2692 3669 laetari.
2742 3598 2895 3669 Tibi
2948 3598 3160 3691 igitur
3194 3598 3664 3690 significamus
3707 3599 3896 3691 quod

1081 3722 1325 3795 fideles
1356 3721 1570 3791 nostri
1613 3716 1959 3791 Marchiae
2008 3728 2078 3790 et
2108 3720 2556 3792 Romaniolae
2577 3771 2597 3811 ,
2652 3720 2956 3793 melioris
2986 3721 3270 3814 quidem
3325 3732 3398 3793 et
3435 3720 3895 3794 faecundioris

1083 3846 1319 3919 Italiae
1371 3844 1623 3939 partiS‚
1663 3842 1956 3934 cognitis
2002 3843 2325 3915 evidente
2373 3844 2534 3917 dolo
2586 3856 2658 3916 et
2686 3845 3011 3917 versutiis
3049 3867 3225 3938 quas
3264 3846 3364 3917 illi
3394 3846 3515 3939 qui
3550 3845 3894 3917 Ecclesiae

1082 3969 1477 4066 praesidere
1523 3967 1875 4056 dicuntur,
1913 3978 2153 4039 contra
2184 3988 2313 4039 nos
2355 3968 2931 4040 machinabantur
2958 3979 3029 4039 et
3058 3969 3420 4041 mendacia
3452 3989 3634 4062 quae
3664 3969 3889 4061 quoti·

1082 4094 1198 4167 die
1231 4093 1320 4166 de
1359 4092 1775 4164 certitudine
1806 4093 2047 4163 mortis
2091 4103 2367 4165 nostrae
2396 4092 2893 4184 divulgabant,
2937 4092 3026 4164 de
3054 4104 3289 4165 nostra
3322 4093 3794 4164 incolumitate
3826 4101 3896 4163 et

1081 4219 1267 4290 bona
1318 4218 1542 4289 salute
1598 4214 1922 4288 fiduciam
1975 4217 2430 4311 accipientes,
2484 4216 2575 4288 ad
2637 4215 3130 4310 impedimenta
3175 4225 3413 4287 nostra
3449 4212 3892 4312 [dirimenda]

1083 4364 1326 4416 omnes
1355 4349 1880 4412 concurrerunt.
1914 4338 2085 4410 Cum
2115 4350 2350 4412 autem
2376 4339 2619 4412 civitas
2656 4339 2972 4410 Firmana
3018 4337 3365 4412 Marchiae
3404 4359 3585 4430 quae
3611 4348 3897 4433 propter

1082 4467 1300 4540 solam
1328 4465 1499 4537 situs
1526 4449 1638 4534 sui
1669 4462 2171 4552 fortitudinem,
2208 4463 2439 4557 papali
2465 4462 2778 4534 exercitu
2800 4462 3161 4536 infeliciter
3185 4484 3262 4534 se
3295 4470 3582 4553 gerente
3615 4470 3686 4531 et
3716 4459 3893 4532 duce

1082 4591 1442 4677 destitut0‚
1465 4587 1786 4658 resistere
1803 4605 2004 4679 posse
2027 4585 2279 4656 nostris
2301 4585 2646 4657 mandatis
2671 4584 3066 4675 videbatur,
3094 4606 3235 4656 non
3263 4584 3602 4657 sustinere
3629 4583 3895 4654 valeret

1080 4719 1517 4788 innumeram
1557 4716 1981 4782 armatorum
2022 4717 2414 4780 nostrorum
2455 4707 2969 4790 multitudinem
3014 4709 3445 4801 militumque
3507 4716 3769 4778 turmas
3821 4714 3894 4775 et
