4525 6031
742 669 945 729 Iunior.
975 667 1070 745 5.]
1635 664 2033 728 HISTORIA
2081 665 2673 730 DIPLOMATICA.
3447 671 3569 734 559

744 811 817 874 et
870 800 1381 873 solicitudinem
1429 809 1735 872 vestram
1786 823 1931 873 non
1978 803 2322 876 immerito
2377 801 2947 874 commendamus
2975 854 2997 894 ,
3070 824 3232 875 cum
3276 826 3568 899 operum

741 934 1135 998 vestrorum
1167 932 1416 1019 potens
1448 923 1752 995 efficacia
1783 925 1856 997 in
1887 924 1995 996 his
2026 935 2099 998 et
2127 926 2281 997 aliis
2318 935 2625 998 vestram
2669 923 2882 997 fidem
2916 948 3314 1022 synceram,
3354 951 3567 1021 quam

743 1069 910 1140 erga
940 1047 1456 1143 imperatoriam
1489 1050 1920 1141 majestatem
1951 1050 2379 1121 incessanter
2407 1047 2655 1141 geritis
2675 1057 2747 1119 et
2776 1047 3078 1136 habetis,
3117 1052 3564 1124 commenda·

741 1172 956 1244 bilem
993 1181 1449 1267 representet.
1484 1173 1575 1243 Et
1609 1193 1771 1244 ecce
1803 1172 1996 1267 quod
2035 1172 2128 1244 ad
2169 1171 2504 1264 gaudium
2535 1192 2721 1244 nova
2750 1171 2972 1275 ardua
3002 1182 3073 1243 et
3104 1195 3437 1268 prospera
3474 1175 3565 1248 de

742 1295 1021 1368 sinistro
1052 1317 1219 1367 casu
1234 1348 1254 1387 ,
1292 1295 1414 1390 qui
1447 1296 1698 1369 accidit
1733 1297 1822 1368 de
1859 1297 2139 1369 civitate
2167 1296 2552 1386 Parmensi,
2583 1296 3021 1390 presentibus
3056 1296 3256 1368 vobis
3284 1297 3563 1370 intima·

741 1440 921 1491 mus.
956 1418 1302 1492 Noveritis
1329 1418 1565 1512 igitur,
1593 1441 1720 1493 nos
1746 1421 1838 1491 ab
1862 1420 2113 1492 illustri
2144 1420 2326 1510 viro,
2360 1419 2646 1491 domino
2678 1418 2999 1491 Heinrico
3027 1440 3190 1512 rege
3218 1421 3560 1514 Sardinie,

742 1542 922 1615 sacri
937 1542 1208 1637 imperii
1227 1542 1298 1614 in
1319 1543 1725 1616 Romaniola
1740 1539 1893 1639 (sic)
1908 1543 2161 1616 vicario
2182 1542 2521 1637 generali,
2537 1552 2671 1614 etc.
2687 1595 2707 1634 ,
2722 1542 3063 1638 recepisse
3081 1543 3317 1616 literas
3340 1546 3415 1617 in
3433 1544 3565 1619 hac

741 1665 965 1739 forma
989 1689 1006 1734 ε
1030 1665 1421 1757 Heinricus,
1449 1675 1618 1756 etc.,
1655 1666 1872 1738 nobili
1902 1666 2056 1739 viro
2085 1667 2435 1739 Friderico
2471 1666 2560 1738 de
2592 1665 2986 1758 Antiochia,
3025 1676 3135 1738 etc
3143 1719 3558 1741 ......

740 1790 1024 1881 Verum,
1062 1811 1223 1861 cum
1252 1788 1347 1860 ad
1381 1811 1659 1862 omnem
1696 1791 2192 1864 exaltationem
2223 1812 2418 1863 sacre
2455 1788 2897 1885 imperatorie
2924 1790 3304 1882 majestatis
3331 1791 3562 1864 inten-

742 1913 910 1985 dere
933 1913 1081 1984 sine
1103 1913 1611 1985 intermissione
1638 1914 1872 2006 aliqua
1898 1924 2295 2006 teneamur3
2331 1936 2458 1988 vos
2479 1936 2607 2010 pro
2632 1924 2827 2009 parte
2856 1914 3273 1987 serenissimi
3300 1914 3566 1989 domini

742 2037 956 2131 patris
984 2036 1204 2108 nostri
1244 2037 1585 2109 instanter
1610 2038 2027 2131 requirimus
2048 2091 2068 2127 ‚
2105 2048 2176 2110 et
2207 2059 2302 2109 ex
2335 2047 2573 2110 nostra
2603 2059 2928 2130 rogamus
2953 2038 3285 2109 attentius
3316 2048 3563 2130 quate·

742 2182 901 2251 nus,
920 2161 1097 2231 sicut
1129 2183 1439 2253 unquam
1471 2161 1655 2233 circa
1679 2161 2065 2256 imperialia
2092 2161 2454 2255 obsequia,
2482 2161 2577 2233 ad
2603 2182 2742 2254 que
2768 2183 2896 2233 vos
2922 2160 3196 2233 deditos
3226 2161 3375 2233 fore
3407 2182 3566 2254 cog-

740 2282 1125 2374 noscimus,
1156 2283 1402 2376 vigiles
1437 2294 1509 2355 et
1539 2284 1789 2357 soliciti
1819 2283 2183 2374 extitistis,
2217 2285 2316 2356 ita
2352 2283 2447 2355 ad
2474 2305 2763 2378 presens
2805 2292 2878 2354 et
2914 2282 2987 2354 in
3028 2285 3338 2355 futurum
3371 2306 3564 2357 more

739 2407 942 2479 solito
975 2415 1047 2479 et
1071 2406 1318 2509 magis»,
1354 2407 1413 2478 si
1441 2407 1579 2479 dici
1604 2416 1860 2502 potest,
1890 2407 1963 2478 in
1994 2428 2203 2480 omne
2234 2415 2691 2498 augmentum
2719 2416 2791 2478 et
2815 2404 3151 2478 honorem
3188 2407 3565 2503 imperialis

740 2529 1062 2600 culminis
1100 2528 1512 2617 existenteS,
1546 2551 1674 2623 per
1704 2551 1995 2624 operum
2030 2528 2409 2602 efficaciam
2439 2539 2673 2602 vester
2697 2527 3011 2618 affectuS,
3038 2530 3239 2623 quasi
3266 2530 3338 2601 in
3366 2540 3567 2602 natu·

739 2673 889 2724 ram
918 2673 1323 2740 conversus,
1352 2652 1425 2723 in
1452 2661 1833 2748 conspectu
1860 2652 2279 2725 serenissimi
2309 2652 2528 2747 patris
2559 2651 2780 2722 nostri
2817 2672 2942 2745 per
2983 2650 3303 2722 effectum
3336 2654 3566 2748 operis

725 2797 866 2866 ,vos
911 2775 1340 2847 demonstret
1386 2774 1808 2846 laudabilem
1853 2783 1924 2847 et
1966 2783 2359 2870 acceptum.
2423 2773 2798 2869 Propterea
2846 2774 3177 2846 noveritis
3227 2796 3357 2870 per
3404 2798 3565 2871 pre-

739 2907 972 2971 sentes
1002 2898 1194 2992 quod
1224 2898 1340 2971 die
1370 2920 1510 2992 qua
1541 2898 1738 2970 litere
1769 2898 2036 2993 prefate
2067 2919 2195 2992 pro
2227 2906 2426 2992 parte
2461 2896 2775 2989 ejusdem
2816 2896 2998 2988 regis
3038 2897 3322 2969 illustris
3340 2951 3361 2988 ,
3397 2897 3561 2971 cha·

741 3023 991 3094 rissimi
1038 3023 1269 3094 fratris
1310 3023 1565 3111 nostri,
1620 3023 1822 3094 nobis
1864 3031 2261 3117 presentate
2310 3022 2593 3092 fuerunt
2618 3073 2639 3111 ,
2681 3042 2810 3115 per
2866 3020 3199 3092 nuncium
3251 3031 3564 3095 nostrum

739 3144 1109 3241 specialem
1139 3145 1504 3218 didicimus
1536 3146 1900 3218 manifeste
1927 3145 2120 3237 quod
2152 3144 2632 3216 serenissimus
2662 3153 2862 3239 pater
2892 3154 3130 3216 noster
3159 3145 3348 3241 apud
3381 3148 3561 3217 Tau-

737 3269 967 3339 rinum
1009 3268 1356 3361 existens,
1388 3269 1740 3342 intellecto
1779 3268 2254 3341 Parmensium
2299 3268 2604 3341 nefando
2646 3289 2971 3363 processu
2992 3321 3012 3360 ,
3051 3269 3184 3342 iter
3226 3269 3558 3365 arripuit,

739 3415 985 3466 versus
1023 3393 1341 3465 Parmam
1389 3392 1680 3464 feliciter
1709 3392 2058 3465 veniendo
2097 3392 2172 3463 in
2220 3391 2508 3464 brachio
2551 3392 2830 3463 excelso
2873 3400 2945 3463 et
2992 3413 3205 3463 manu
3252 3394 3558 3487 potenti,
3606 3473 3623 3492 .

737 3517 832 3589 ad
854 3516 1165 3612 ipsorum
1195 3516 1668 3587 Parmensium
1694 3516 2055 3605 malitiam,
2085 3526 2164 3587 ut
2189 3515 2544 3607 convenit,
2579 3515 2883 3588 totaliter
2911 3515 3394 3588 refrenandam
3431 3541 3449 3584 :
3492 3528 3563 3590 et

738 3639 930 3733 quod
952 3641 1100 3732 jam
1146 3662 1306 3712 cum
1348 3639 1835 3711 innumerabili
1868 3639 2183 3710 exercitu
2224 3659 2351 3710 sua
2394 3648 2620 3710 castra
2660 3639 3092 3732 applicuerat
3123 3649 3363 3711 contra
3396 3641 3561 3711 Par·

736 3785 924 3835 mam
951 3774 1022 3835 et
1050 3785 1271 3857 usque
1294 3762 1387 3834 ad
1408 3772 1620 3859 caput
1645 3763 1875 3858 pontis
1897 3762 2195 3835 civitatis
2219 3762 2464 3857 ipsius,
2494 3771 2565 3834 et
2588 3763 2779 3855 quod
2805 3763 2953 3854 jam
2986 3763 3261 3834 tertiam
3290 3775 3558 3858 partem

741 3896 921 3958 terre
954 3887 1137 3958 illius
1165 3886 1318 3981 capi
1348 3897 1418 3958 et
1449 3886 1837 3982 expugnari
1861 3887 2120 3958 fecerat
2140 3885 2432 3957 viriliter
2460 3893 2533 3956 et
2561 3893 2917 3978 potenter;
2952 3894 3024 3955 et
3046 3885 3146 3956 sic
3173 3888 3559 3960 successive

736 4031 1020 4086 omnem
1068 4009 1376 4099 ipsorum
1429 4008 1902 4078 fortitudinem
1954 4005 2469 4100 expugnandO,
2516 4019 2659 4076 tam
2704 4006 3051 4077 civitatem
3093 4006 3312 4101 ipsam
3348 4031 3560 4101 quam

738 4128 1061 4201 comitem
1099 4127 1528 4199 Bonifacium
1550 4178 1570 4217 ,
1606 4136 1679 4199 et
1720 4127 1893 4198 alios
1927 4129 2162 4222 plures
2193 4126 2465 4221 imperii
2496 4125 2883 4220 proditores
2928 4127 3096 4197 inibi
3141 4129 3554 4221 existenteS,

736 4254 933 4324 velut
966 4253 1273 4324 reclusos
1307 4251 1380 4322 in
1422 4252 1667 4324 eadem
1686 4305 1708 4345 ,
1742 4252 1998 4324 victrix
2040 4273 2289 4324 manus
2332 4250 2605 4347 imperii
2638 4250 2867 4346 capiet
2898 4260 2968 4324 et
3002 4262 3318 4325 conteret
3349 4267 3558 4349 prout

734 4374 963 4448 decet.
