4525 6031
699 2433 715 2481 t
721 2429 945 2483 Aummo-1

1061 617 1182 680 564
1224 597 1246 614 “
2059 616 2493 679 FRIDERICI
2540 618 2892 681 ssscumm
3503 628 3671 706 [Anu.
3708 630 3885 695 124⁷.

1058 754 1228 829 dere
1268 750 1559 847 pacifica
1601 751 2037 847 possessione
2085 752 2549 848 perceptionis
2591 754 3024 828 decimarum
3063 757 3562 852 predictarum,
3594 771 3668 836 et
3704 764 3890 860 ipsas

1055 897 1184 970 per
1225 875 1556 948 officiales
1597 876 1788 948 curie
1830 897 1959 973 pro
2004 896 2192 949 anno
2238 877 2547 970 presenti
2591 877 2837 971 quinte
2883 878 3281 954 indictionis
3323 882 3558 958 eidem
3604 886 3891 965 domino

1057 1000 1426 1073 Guillelmo
1451 1000 1785 1092 jussimus
1816 1000 2274 1074 exolvendas.
2321 999 2520 1073 Unde
2554 1000 2649 1072 ad
2689 1002 2992 1076 futuram
3029 1007 3438 1081 memoriam
3483 1019 3556 1083 et
3597 1012 3894 1105 predicti

1058 1125 1324 1200 domini
1365 1124 1709 1196 Guillelmi
1750 1126 2097 1198 cautelam
2115 1177 2137 1217 ,
2171 1146 2461 1219 presens
2498 1126 2832 1221 scriptum
2874 1129 3232 1223 prebende
3276 1134 3410 1207 sibi
3445 1136 3704 1210 exinde
3735 1136 3890 1212 fieri

1057 1248 1349 1321 fecimus
1379 1269 1506 1343 per
1536 1268 1784 1320 manus
1810 1248 2087 1320 Henrici
2117 1248 2207 1320 de
2242 1251 2583 1323 Panormo
2613 1250 2988 1346 imperialis
3021 1253 3213 1327 curie
3244 1266 3558 1332 actorum
3589 1261 3878 1353 notarii,

1057 1382 1297 1446 nostra
1326 1381 1401 1444 et
1425 1371 1717 1467 predicti
1742 1371 2003 1464 judicis
2033 1372 2543 1467 subscriptione
2573 1374 2947 1447 munitum.

1152 1495 1500 1589 Scriptum
1526 1495 1875 1587 Panormi,
1905 1516 2120 1587 anno,
2157 1517 2398 1569 mense
2431 1505 2504 1567 et
2532 1496 2907 1571 indictione
2934 1498 3313 1594 premissis.

1154 1618 1206 1709 ᾗ·
1256 1621 1398 1693 Nos
1424 1619 1781 1715 Philippus
1808 1619 1898 1691 de
1925 1620 2205 1692 Catania
2232 1621 2354 1714 qui
2383 1642 2594 1717 supra
2620 1622 2950 1715 magister
2977 1626 3427 1699 camerarius.

1155 1741 1207 1832 ἢ·
1257 1745 1404 1837 Ego
1435 1743 1765 1835 magister
1788 1743 2114 1817 Nicolaus
2147 1744 2239 1816 de
2267 1743 2439 1819 Asta
2463 1746 2587 1840 qui
2612 1747 3245 1843 supra,imperialis
3275 1751 3468 1824 curie
3483 1750 3740 1845 judex,
3761 1774 3877 1828 me

1056 1868 1337 1964 propria
1364 1888 1578 1941 manu
1610 1866 2011 1964 subscripsi.

1162 2408 1625 2518 FridericuS,
1675 2408 2197 2494 Romanorum
2254 2412 2697 2520 imperator,
2750 2411 3010 2495 scribit
3058 2413 3613 2497 Mutinensibus
3667 2413 3874 2496 fide-

1054 2540 1258 2623 libus
1322 2541 1479 2625 suis
1541 2543 1749 2651 quod
1809 2542 1953 2625 sibi
2018 2544 2099 2625 in
2147 2543 2541 2626 obsidione
2597 2544 2914 2627 Parmae
2971 2546 3279 2628 detento
3346 2546 3871 2630 honorabilem

1056 2685 1526 2757 armatorum
1579 2674 2014 2757 comitivam
2061 2674 2608 2756 transmittant.

1224 2900 1414 2979 (Edit.
1445 2917 1542 2978 ap.
1572 2901 1742 2961 Pan·
1772 2898 1841 2961 aa
1876 2899 2012 2961 vin.
2040 2899 2237 2980 epist„
2265 2899 2372 2960 ub.
2404 2899 2518 2975 111,
2548 2899 3040 2980 eap.1.xxvn.)

1148 3101 1457 3193 Benigne
1483 3098 1748 3194 recepit
1772 3100 2189 3172 excellentia
2220 3109 2458 3172 nostra
2487 3099 2724 3172 literas
2750 3121 2925 3194 quas
2951 3100 3258 3191 misistis,
3290 3111 3364 3174 et
3393 3123 3633 3173 earum
3665 3103 3871 3196 plene

1053 3225 1461 3317 collegimus
1502 3223 1843 3296 intimata.
1882 3225 2170 3296 Gratum
2208 3224 2513 3318 gerimus
2546 3224 2927 3297 admodum
2966 3225 3158 3318 quod
3196 3225 3431 3298 felices
3467 3225 3710 3298 audire
3751 3248 3869 3298 ru-

1053 3369 1285 3422 mores
1313 3348 1404 3421 de
1437 3347 1786 3443 prosperis
1824 3347 2078 3420 nostris
2111 3348 2549 3443 processibus
2585 3348 2981 3444 cupientes,
3015 3369 3145 3420 vos
3187 3347 3280 3419 ad
3320 3357 3556 3421 nostra
3593 3347 3870 3420 servitia

1051 3482 1412 3569 promptos
1439 3481 1511 3544 et
1536 3471 1782 3544 avidos
1810 3470 2175 3544 obtulistis.
2213 3473 2314 3543 De
2344 3471 2599 3566 quibus
2629 3472 2945 3544 volentes
2961 3480 3197 3544 vestra
3223 3470 3492 3544 viscera
3522 3492 3865 3561 recreare,

1051 3595 1369 3670 fidelitati
1408 3605 1640 3668 vestre
1697 3605 1934 3669 tenore
1977 3597 2405 3692 presentium
2447 3596 2848 3669 intimamus
2894 3595 3088 3689 quod
3131 3616 3262 3701 nos
3304 3595 3391 3668 ad
3439 3594 3868 3691 puniendum

1052 3720 1487 3818 proditorum
1529 3719 2001 3791 Parmensium
2047 3717 2448 3814 perfidiam,
2487 3739 2867 3810 eorumque
2898 3718 3297 3813 superbiam
3329 3717 3860 3806 conterendam,

1048 3843 1121 3914 in
1157 3864 1525 3917 numeroso
1566 3842 1878 3914 exercitu
1915 3853 2338 3936 congregato
2351 3895 2373 3933 ,
2414 3863 2572 3915 cum
2614 3841 3018 3915 Lombardis
3063 3842 3316 3914 nostris
3350 3839 3674 3915 fidelibus
3690 3894 3710 3933 ,
3744 3838 3868 3933 qui

1040 3969 1251 4061 juxta
1278 3968 1682 4039 mandatum
1715 3977 2031 4040 nostrum
2061 3967 2264 4040 nobis
2293 3966 2650 4055 assistunt,
2678 3964 3097 4036 unanimiter
3121 3974 3195 4036 et
3221 3974 3541 4059 potenter
3566 3965 3662 4038 ad
3687 3964 3868 4037 obsi-

1044 4093 1327 4167 dionem
1365 4091 1834 4166 Parmensium
1862 4090 2324 4187 processimus
2362 4113 2381 4159 :
2416 4087 2712 4160 eandem
2745 4087 2847 4159 sic
2877 4086 3179 4159 strictius
3207 4096 3639 4159 coarctantes
3676 4086 3866 4178 quod

1044 4218 1268 4313 ipsam
1297 4218 1539 4313 procul
1573 4216 1788 4289 dubio
1826 4214 2289 4289 voluntariam
2318 4213 2435 4286 vel
2470 4211 2760 4284 invitam
2801 4209 3029 4282 redire
3067 4208 3140 4283 in
3178 4209 3375 4282 brevi
3416 4209 3510 4282 ad
3548 4218 3864 4282 nostrum

1043 4341 1428 4414 dominium
1471 4339 1843 4434 oportebit.
1892 4339 2228 4412 Volumus
2267 4337 2479 4430 igitur
2529 4346 2602 4408 et
2658 4333 3073 4407 mandamus
3119 4341 3500 4426 quatenus,
3540 4342 3623 4405 ut
3675 4341 3861 4405 tante

1042 4463 1330 4539 victorie
1371 4463 1742 4558 participes
1786 4460 2201 4549 existentes,
2234 4467 2662 4531 armatorum
2705 4456 3186 4530 honorabilem
3216 4455 3612 4529 comitivam
3629 4507 3652 4546 ,
3686 4455 3862 4528 sicut

1040 4607 1352 4679 unquam
1379 4585 1581 4657 nobis
1617 4586 1893 4680 placere
1924 4581 2175 4677 cupitis
2200 4590 2274 4654 et
2305 4579 2596 4671 servire,
2630 4580 2724 4655 ad
2755 4588 3066 4654 nostram
3091 4578 3516 4673 presentiam
3541 4577 3862 4652 celeriter

1041 4710 1504 4783 transmittere
1532 4706 1890 4781 studeatis.
