4525 6031
643 667 844 730 lnmcr.
875 669 970 747 7.]
1551 659 1943 722 HISTORIA
1994 658 2589 723 mnoMA'rmA.
3352 667 3467 730 751

648 805 952 878 tentibus
1007 800 1117 899 (t)
1168 809 1389 872 ratam
1452 797 1796 870 habemus
1849 808 1924 870 et
1965 797 2379 869 auctoritate
2431 798 2646 870 nostri
2693 799 3014 873 culminis
3037 854 3059 892 ,
3108 803 3303 874 salvo
3343 824 3473 899 per

647 929 877 1002 omnia
914 930 1076 1021 jure
1135 923 1442 1019 imperii,
1496 920 2023 1012 confirmamus3
2078 921 2495 993 mandantes
2537 931 2618 993 nt
2660 924 2897 995 nullus
2940 925 3030 995 sit
3071 925 3193 1019 qui
3228 936 3473 999 contra

646 1051 1241 1125 confirmationem
1283 1055 1678 1142 presentem
1722 1055 2182 1117 memoratum
2215 1054 2593 1118 commune
2623 1067 2841 1141 snper
2858 1049 3212 1141 premissis
3245 1049 3468 1145 impe-

649 1177 793 1249 diat
817 1186 941 1247 aut
971 1174 1367 1269 perturbet3
1407 1169 1599 1264 quod
1623 1170 1744 1263 qui
1763 1169 2291 1266 presumpserit,
2322 1169 2873 1261 indignationem
2899 1172 3118 1243 nostri
3150 1173 3477 1245 culminis·

647 1323 722 1372 se
751 1299 1029 1373 noverit
1053 1299 1520 1370 incursurum.
1557 1293 1670 1367 Ad
1702 1294 1912 1387 hujus
1936 1303 2172 1366 autem
2203 1292 2747 1368 confirmationis
2772 1297 3179 1368 memoriam
3221 1306 3293 1370 et
3326 1307 3470 1371 sta-

645 1423 859 1495 bilem
898 1421 1297 1494 firmitatem
1321 1474 1342 1512 ,
1386 1440 1673 1515 presens
1714 1417 2051 1514 scriptum
2089 1438 2219 1514 per
2247 1419 2720 1515 Belprandum
2766 1419 2857 1492 de
2897 1419 3217 1492 Cusentia
3266 1430 3470 1493 nota-

647 1548 828 1619 rium
888 1558 959 1619 et
1021 1544 1300 1618 fidelem
1361 1553 1678 1617 nostrum
1741 1542 1948 1615 scribi
2000 1552 2073 1614 et
2127 1542 2354 1635 sigillo
2417 1543 2804 1635 majestatis
2860 1552 3098 1617 nostre
3136 1545 3470 1637 jussimus

648 1669 1086 1745 communiri.

742 1797 997 1868 Datum
1052 1790 1283 1867 Melfie
1304 1846 1325 1884 ‚
1377 1813 1564 1865 anno
1609 1790 1958 1865 dominice
2016 1790 2511 1863 incarnationis
2570 1790 2940 1864 millesimo
2993 1786 3469 1867 ducentesimo

648 1920 1181 2015 quadragesimo
1254 1940 1443 1990 nono
1470 1970 1490 2008 ‚
1561 1938 1801 1989 mense
1864 1916 2176 2009 augusti,
2242 1916 2537 2010 septima
2606 1916 3019 2007 indictione,
3083 1916 3470 2012 imperante

648 2045 931 2117 domino
969 2043 1299 2116 Federico
1335 2042 1462 2114 Dei
1508 2042 1732 2134 gratia
1763 2039 2216 2113 invictissimo
2247 2040 2712 2111 Romanorum
2744 2040 3162 2135 imperatore
3195 2062 3473 2137 semper

646 2178 977 2261 augusto,
1039 2167 1420 2239 Jerusalem
1469 2178 1542 2236 et
1595 2164 1823 2236 Sicilie
1873 2184 2038 2256 rege
2059 2215 2080 2253 ,
2128 2163 2402 2259 imperii
2446 2164 2599 2255 ejus
2638 2183 2825 2234 anno
2865 2163 3199 2255 vigesimo
3233 2185 3464 2255 none,

646 2292 841 2386 regni
872 2312 1043 2364 vero
1071 2291 1302 2363 Sicilie
1337 2288 1912 2384 quinquagesimo
1945 2288 2197 2384 primo,
2237 2287 2557 2360 feliciter.
2588 2286 2842 2359 Amen.

751 2907 1218 3017 Fridericns‚
1258 2907 1780 2992 Romanorum
1824 2908 2267 3017 imperator,
2323 2905 2765 2991 Meinhardo
2812 2906 3077 2989 comiti
3126 2904 3467 2990 Goriciae

647 3043 1040 3151 capitaneo
1088 3067 1236 3125 suo
1278 3042 1360 3123 in
1405 3042 1655 3151 Styria
1698 3041 2223 3124 auctoritatem
2275 3040 2617 3122 concedit
2667 3040 3080 3148 recipiendi
3129 3051 3204 3124 et
3256 3040 3464 3125 fide-

647 3173 852 3256 libus
925 3176 1083 3258 suis
1144 3174 1538 3284 obligandi
1588 3173 1849 3257 omnia
1902 3173 2108 3257 bona
2154 3198 2354 3284 quae
2403 3173 2831 3282 patriarcha
2891 3173 3462 3284 Aquilegensis,

649 3307 931 3389 electus
968 3307 1546 3417 Salzburgensis
1582 3318 1652 3390 et
1693 3306 1820 3388 alii
1856 3306 2174 3415 praelati
2211 3305 2553 3388 infideles
2597 3306 2677 3387 in
2717 3307 2968 3417 Styria
3003 3317 3079 3390 et
3115 3306 3469 3391 Carniola

651 3440 1066 3548 possident.

816 3656 1005 3731 (Edit.
1044 3654 1121 3716 ab
1156 3655 1457 3731 Eme-r,
1489 3653 1752 3714 Menneu.
1805 3649 2171 3731 Τὰοὶιωίας
2206 3669 2306 3731 ap.
2347 3652 2593 3732 enm,
2639 3650 3113 3717 Ostendam-he
3149 3652 3468 3716 Geaecmclat-
3502 3627 3509 3632 ’

877 3759 1170 3842 sertcloer,
1188 3767 1236 3820 t.
1266 3760 1318 3834 1,
1350 3778 1413 3837 p.
1448 3757 1613 3836 570.)

748 3946 1137 4018 Frid'ericus
1171 3945 1296 4016 Dei
1335 3943 1558 4037 gratia
1594 3944 2066 4015 Romanorum
2120 3945 2500 4039 imperator
2540 3964 2818 4038 semper
2860 3956 3230 4038 augustus,
3268 3951 3469 4022 Jeru-

653 4070 871 4142 salem
904 4080 974 4140 et
1008 4069 1236 4140 Sicilie
1259 4053 1422 4141 rex.
1464 4069 1597 4139 Per
1625 4087 1911 4163 presens
1943 4067 2277 4160 scriptum
2305 4075 2546 4138 notum
2586 4063 2737 4137 fieri
2771 4068 3087 4140 volumus
3129 4071 3471 4144 universis

727 4376 799 4451 (4)
836 4376 957 4435 Non
984 4380 1167 4431 tamen
1188 4372 1282 4429 diu
1310 4372 1369 4429 in
1401 4371 1508 4430 fide
1533 4370 1873 4446 imperatoris
1906 4372 2175 4430 Macerata
2203 4372 2597 4445 perseveravit,
2626 4371 2757 4429 dum
2789 4371 2936 4430 illam
2960 4389 3088 4431 mox
3116 4374 3175 4432 in
3198 4373 3471 4434 Ecclesiae

653 4479 840 4547 partes
883 4485 1205 4528 conversam
1245 4469 1579 4527 inveniamus
1623 4485 1690 4525 ex
1729 4468 1921 4526 litteris
1957 4468 2246 4526 cardinalis
2281 4470 2423 4528 Petri
2469 4469 2717 4543 Capoccii
2734 4513 2749 4541 ,
2787 4470 2929 4528 datis
2970 4472 3114 4546 apud
3149 4473 3479 4533 maceratam·

655 4570 785 4629 XVI
809 4567 1068 4626 kalendas
1089 4566 1390 4624 decembris
1413 4567 1499 4640 (46
1526 4565 1676 4640 nov.)
1709 4568 1869 4638 ⁴2⁴9,
1902 4565 2100 4639 quibus
2123 4566 2229 4624 iste
2251 4566 2458 4640 legatus
2479 4566 2785 4625 hominibus
2810 4569 3111 4627 maceratae
3137 4570 3479 4631 confirmavit

657 4675 857 4725 terram
887 4665 1051 4724 castri
1085 4665 1314 4723 Lornani
1339 4664 1485 4737 quod
1514 4680 1618 4738 ope
1646 4664 2096 4722 Theutonicorum
2123 4670 2179 4720 et
2212 4665 2651 4736 Sarracenorum,
2678 4666 2930 4725 Friderici
2957 4669 3190 4727 fautores
3214 4675 3343 4726 tunc
3368 4683 3467 4743 pe-

657 4765 805 4822 nitus
830 4764 1223 4822 destruxerant.
1254 4762 1333 4820 ef.
1360 4763 1739 4831 Conracnom,
1773 4761 1998 4833 Ibidem,
2028 4780 2083 4837 p.
2113 4765 2236 4819 ΗΒ.

3590 2920 3807 2975 Ponite.

3609 2976 3797 3020 octobri.
