4525 6031
1125 674 1249 736 818
2201 663 2569 729 comitam
2607 662 2911 738 QUARTI
3563 666 3730 746 [An.
3765 669 3941 732 1241.

1127 804 1695 914 requisitionem
1736 799 2048 884 Gerardi
2086 799 2183 880 de
2221 796 2510 906 Sintzig
2549 796 2627 876 in
2665 795 2978 877 comites
3023 795 3121 878 de
3154 795 3448 880 Nassau
3484 810 3561 881 et
3595 799 3692 883 de
3729 800 3947 883 Isen-

1131 938 1330 1048 burg
1366 935 1708 1044 aliosque
1741 931 2039 1041 imperii
2073 929 2422 1011 inimicos
2464 926 2835 1011 hostiliter
2868 928 3300 1036 insurgant.

1293 1149 1501 1226 (Edid.
1528 1149 1749 1218 Tnoss,
1795 1141 2174 1224 westphalia,
2211 1152 2288 1204 25
2311 1147 2445 1221 jun.
2482 1151 2660 1217 1825,
2690 1160 2754 1220 p.
2786 1141 2875 1221 6.)

1227 1335 1583 1408 Conradus
1619 1333 1761 1406 divi
1794 1333 2069 1425 augusti
2100 1330 2536 1425 imperatoris
2566 1328 2892 1401 Friderici
2920 1327 3104 1400 filius
3123 1383 3143 1417 ‚
3182 1329 3308 1401 Dei
3335 1331 3557 1423 gratia
3590 1331 3664 1402 in
3693 1333 3942 1405 Roma·

1130 1484 1380 1534 norum
1422 1482 1658 1552 regem
1699 1461 1962 1532 electus
1994 1478 2271 1554 semper
2301 1466 2635 1548 augustus
2666 1464 2738 1527 et
2762 1454 2969 1526 heres
3000 1456 3196 1548 regni
3231 1456 3699 1545 Hierusalem,
3738 1458 3942 1531 burc-

1129 1586 1385 1681 graviis
1435 1581 1540 1680 (a)
1589 1583 1677 1655 de
1725 1581 2195 1670 Hamerstein,
2257 1577 2855 1666 ministerialibus,
2906 1579 3185 1651 vasallis
3246 1581 3634 1673 ceterisque
3678 1582 3945 1678 imperii

1129 1709 1452 1785 fidelibus
1481 1715 1837 1803 presentes
1867 1704 2130 1774 litteras
2149 1702 2562 1796 inspecturis
2588 1701 2877 1792 gratiam
2909 1723 3108 1773 suam
3135 1714 3206 1773 et
3234 1723 3440 1775 omne
3463 1703 3752 1775 bonum.
3779 1705 3945 1776 Cum

1132 1835 1420 1908 comites
1459 1830 1556 1927 (b)
1589 1832 1678 1902 de
1718 1830 2057 1901 Nassowe
2086 1836 2158 1897 et
2189 1825 2279 1897 de
2314 1824 2689 1916 Isenbergh
2721 1836 2792 1896 et
2827 1825 2945 1897 alii
2977 1826 3250 1920 imperii
3281 1827 3539 1899 inimici
3571 1849 3702 1900 nos
3734 1836 3945 1901 teme·

1131 1960 1314 2032 rario
1342 1979 1515 2029 ausu
1547 1952 1978 2025 molestarint
1994 2004 2015 2040 ,
2040 1971 2214 2045 quos
2235 1950 2527 2020 transire
2555 1950 2877 2021 nolumus
2900 1949 3249 2021 ullatenus
3270 1950 3726 2043 incorrectOS,
3750 1973 3945 2024 man-

1132 2084 1379 2156 damus
1421 2077 1774 2151 devotioni
1819 2086 2050 2147 vestre
2086 2084 2433 2167 quatenus
2463 2072 2554 2144 ob
2597 2071 2931 2145 honorem
2964 2082 3278 2145 nostrum
3316 2082 3386 2145 et
3411 2074 3710 2169 imperii,
3742 2077 3946 2169 juxta

1131 2205 1649 2301 requisitionem
1678 2199 2013 2273 Gerhardi
2034 2198 2124 2270 de
2152 2196 2425 2269 Zinzich
2439 2194 2667 2269 fidelis
2690 2197 2934 2287 nostri,
2961 2196 3443 2271 advindictam
3463 2207 3653 2271 tante
3667 2199 3939 2293 injurie,

1131 2332 1309 2403 sicut
1344 2328 1433 2400 de
1473 2325 1670 2398 vobis
1699 2322 2145 2411 confidimuS,
2179 2320 2490 2393 debeatis
2516 2320 2895 2415 procedere
2919 2330 3161 2392 contra
3193 2321 3503 2395 eosdem.

1228 2455 1481 2524 Datum
1512 2448 1702 2544 apud
1734 2449 1882 2519 Hall
1907 2500 1926 2532 ,
1965 2447 2089 2517 XV
2119 2444 2530 2540 septembris
2553 2497 2573 2535 ,
2609 2443 2763 2515 XIV
2794 2443 3196 2517 indictione.
3330 2503 3334 2506 .

742 3008 1048 3116 „bssffggm
1243 2999 1638 3085 Conradus
1674 2998 1754 3079 in
1793 2997 2314 3080 Romanorum
2359 3020 2618 3103 regem
2661 2993 2945 3077 electus
2981 2994 3357 3079 universis
3389 2993 3838 3078 officialibus
3872 3003 3946 3077 et

715 3116 772 3159 ²⁸
796 3117 1084 3171 asma..
1133 3133 1424 3216 civibus
1460 3129 1755 3240 imperii
1795 3128 2110 3211 mandat
2150 3139 2239 3210 ut
2281 3125 2711 3236 generalem
2750 3126 3301 3211 ordinationem
3341 3152 3388 3209 a
3422 3138 3638 3236 patre
3681 3152 3822 3211 suo
3865 3127 3944 3208 in

1134 3266 1346 3349 curia
1408 3262 1969 3372 Moguntinensi
2033 3260 2314 3341 factam
2376 3258 2580 3341 cirea
2631 3258 3025 3341 ecclesiam
3096 3260 3192 3342 de
3247 3259 3500 3342 Salem
3564 3258 3944 3343 observari

1135 3397 1456 3500 faciant,
1498 3395 1780 3477 scilicet
1824 3393 2032 3502 quod
2082 3390 2344 3473 nullus
2397 3391 2629 3474 homo
2681 3390 3036 3498 proprius
3082 3416 3579 3498 personarum
3633 3392 3939 3474 secula-

1135 3531 1338 3612 rium
1378 3554 1510 3611 seu
1545 3525 2219 3610 ecclesiasticarum
2267 3523 2428 3605 sine
2475 3548 2850 3607 consensu
2889 3523 3179 3607 domini
3227 3525 3344 3608 sui
3389 3525 3468 3605 in
3520 3524 3943 3608 civitatibus

1136 3661 1430 3772 imperii
1469 3687 1612 3769 pro
1646 3660 1807 3742 cive
1840 3669 2288 3766 receptetur.

1297 3873 1488 3953 (Edit.
1513 3876 1576 3934 in
1606 3872 1862 3933 Sar-corii
1882 3869 2119 3950 Apion,
2142 3888 2203 3948 p.
2237 3880 2339 3942 30,
2372 3875 2433 3930 et
2459 3868 2619 3945 apud
2650 3868 2875 3942 Lumo,
2904 3865 3320 3942 Reicluarcleio,
3351 3875 3398 3928 t.
3426 3868 3651 3947 XVIII,
3682 3888 3746 3948 p.
3774 3879 3889 3932 604
3922 3889 3938 3932 :

1376 3979 1555 4042 ambo
1587 3986 1787 4039 autem
1824 3980 2043 4038 omisso
2082 3975 2262 4037 verbo
2299 3971 2600 4045 Ιεαὶιηάαε,
2631 3974 2853 4034 scilicet
2877 3973 2955 4033 ad
2983 3979 3020 4033 B
3058 3975 3337 4034 octobris.
3367 4007 3450 4020 —
3473 3974 3768 4035 Collatum
3805 3993 3941 4037 cum

1373 4086 1507 4148 libr.
1537 4085 1896 4163 privilegior.
1934 4089 2193 4143 monast.
2222 4081 2489 4142 Salemit.
2526 4081 2591 4139 in
2627 4077 2789 4140 arch.
2821 4078 3154 4150 Karlsrub„
3186 4080 3306 4139 vol.
3338 4078 3447 4159 lv,
3481 4079 3585 4142 fol.
3614 4088 3763 4160 422,
3797 4090 3939 4160 485,

1376 4200 1519 4268 455,
1549 4190 1651 4252 ubi
1678 4205 1911 4268 quoque
1937 4189 2153 4249 adsunt
2177 4186 2653 4247 confirmationes
2678 4183 2755 4244 ab
2782 4183 3035 4243 Hem-ico
3066 4182 3582 4263 Luxemburgense
3595 4227 3614 4259 ,
3649 4187 3944 4248 Friderieo

1372 4299 1683 4360 Austriaco
1709 4296 1866 4357 dicto
1898 4294 2152 4357 Pulchro
2176 4301 2236 4354 et
2264 4292 2475 4353 Carolo
2501 4298 2715 4369 quarto
2746 4289 3194 4366 imperatoribus
3220 4295 3580 4367 concessae.)

1234 4483 1587 4556 Conradus
1618 4482 1759 4554 divi
1791 4480 2067 4573 augusti
2096 4477 2531 4575 imperatoris
2565 4476 2890 4549 Friderici
2920 4473 3103 4549 filius
3121 4530 3141 4568 ,
3183 4478 3311 4549 Dei
3340 4479 3562 4570 gratia
3602 4480 3943 4552 Romano·

1220 4657 1304 4738 (a)
1350 4656 1479 4735 Sic,
1509 4659 1722 4716 rectius
1750 4663 1949 4714 tamen
1977 4663 2044 4714 ut
2069 4656 2380 4732 opinamur
2407 4650 2735 4733 hoeqrwio.

1221 4762 1303 4843 (b)
1347 4763 1421 4822 In
1449 4765 1731 4839 impresso
1758 4776 1954 4821 comes.
