4525 6031
660 598 864 658 Innuet.
894 594 989 673 6.]
1565 592 1962 654 HISTORIA
2011 590 2602 654 mPLoMATch.
3374 584 3490 645 621

663 751 1025 827 procuraS,
1060 729 1405 824 prefatum
1432 738 1850 799 conventum
1881 750 2092 823 super
2118 727 2468 822 predictas
2494 733 2737 797 contra
2756 723 3092 815 justitiam
3123 720 3396 817 impetis
3424 731 3497 792 et

662 855 1014 925 molestas.
1048 851 1613 947 Supplicantibus
1641 850 1850 944 igitur
1877 851 2207 946 predictis
2233 849 2558 922 fidelibus
2590 847 2843 919 nostris
2869 868 3079 940 super
3106 866 3224 916 eas
3252 866 3494 915 secun·

662 977 830 1048 dum
856 976 1197 1068 justitiam
1225 975 1604 1069 provideri,
1628 976 1945 1047 nolentes
1977 996 2098 1046 eos
2131 974 2219 1046 de
2253 973 2387 1044 hiis
2406 972 2683 1065 juribus
2707 968 3145 1059 defraudari,
3177 966 3493 1040 fidelitati

663 1108 780 1171 tue
807 1099 1258 1193 precipiendo
1286 1099 1700 1171 mandamus
1727 1098 2054 1190 quatinus
2082 1099 2427 1192 prefatum
2473 1107 2893 1168 conventum
2935 1092 3179 1164 fideles
3218 1102 3494 1164 nostros

661 1241 872 1315 super
905 1221 1239 1315 predictis
1265 1231 1507 1293 contra
1528 1221 1870 1312 justitiam
1898 1242 2043 1293 non
2069 1220 2365 1315 impetas
2391 1241 2524 1291 nec
2551 1220 2903 1307 molesteS,
2935 1217 3063 1288 sed
3089 1217 3276 1310 ipsos
3303 1216 3374 1285 in
3409 1235 3492 1287 eo

659 1353 842 1415 statu
877 1365 1028 1415 esse
1057 1345 1417 1439 permittas
1463 1365 1606 1437 quo
1657 1354 1967 1438 tempore
2012 1344 2368 1436 quondam
2410 1344 2704 1415 aliorum
2752 1343 3085 1412 abbatum
3144 1339 3490 1412 deceden-

661 1466 1036 1558 tium,cum
1058 1468 1403 1562 prefatum
1434 1467 1933 1540 monasterium
1964 1468 2724 1557 vacabat,conventum
2757 1465 3100 1560 prefatum
3140 1515 3483 1535 .....

666 1640 2405 1663 ......................
2451 1590 2644 1683 quod
2667 1592 2927 1681 justam
2955 1610 3098 1659 non
3125 1586 3491 1661 audiamus

659 1712 911 1784 iterum
937 1713 1013 1784 in
1040 1712 1174 1786 hac
1203 1723 1398 1809 parte
1425 1715 1808 1806 querelam.
1825 1715 2080 1786 Datum
2102 1714 2724 1805 Cremone,ultimo
2753 1712 3017 1806 aprilis,
3047 1720 3246 1782 sexte
3273 1709 3492 1781 indic-

660 1835 890 1908 tionis.
919 1877 1018 1890 —
1047 1836 1161 1909 Ad
1198 1838 1395 1929 cujus
1423 1837 1910 1909 executionem
1944 1837 2121 1908 sacri
2149 1836 2461 1909 mandati
2489 1835 2579 1907 de
2615 1834 3086 1907 controversia
3117 1832 3488 1904 intenden-

660 1968 762 2030 tes
788 1960 1272 2054 probationem
1305 1960 1777 2056 recipiendam
1809 1982 2019 2056 super
2054 1960 2404 2055 premissis
2431 1982 2473 2031 a
2501 1970 2698 2054 parte
2734 1969 3120 2031 conventus
3155 1957 3481 2053 predicti,

655 2102 781 2175 per
813 2082 1080 2155 litteras
1111 2093 1383 2155 nostras
1420 2093 1736 2156 tenorem
1766 2085 2151 2156 litterarum
2185 2083 2724 2179 prescriptamm
2767 2082 3224 2177 imperialium
3261 2080 3486 2153 conti-

655 2215 903 2277 nentes
911 2258 1906 2279 .............
1955 2207 2178 2300 judici
2205 2207 2488 2279 Nicolao
2518 2207 2609 2279 de
2636 2206 2929 2279 Patricio
2950 2204 3168 2297 judici
3200 2216 3271 2277 et
3297 2215 3490 2277 nota-

656 2329 758 2401 rio
794 2331 1136 2403 Panormo
1163 2332 1435 2403 notario
1465 2342 1779 2403 actorum
1808 2335 1879 2403 in
1909 2332 2336 2423 bajulatione
2363 2332 2642 2402 Tarenti
2669 2330 3163 2419 commisimus,
3182 2340 3254 2400 et
3285 2340 3366 2399 ut
3396 2328 3486 2400 de

656 2453 801 2548 ipsa
836 2466 1115 2550 recepta
1147 2455 1403 2526 faciant
1441 2453 1592 2526 fieri
1634 2456 1992 2550 publicum
2025 2455 2588 2527 instrumentum.
2622 2454 2776 2537 Quo
2816 2454 3278 2524 instrumento
3304 2453 3487 2523 facto

657 2588 724 2649 et
750 2579 952 2651 nobis
979 2601 1107 2674 per
1133 2579 1416 2651 eosdem
1444 2590 1719 2651 nostros
1746 2579 2249 2651 commissarios
2278 2587 2703 2673 presentato,
2739 2577 3248 2648 communicato
3277 2596 3490 2670 super

654 2702 1080 2796 probationis
1111 2702 1326 2797 ipsius
1359 2702 1664 2774 efficacia
1700 2713 1769 2774 et
1802 2704 1954 2774 aliis
1996 2703 2285 2775 consilio
2318 2702 2746 2796 sapientum,
2788 2700 2950 2792 quia
2985 2699 3279 2794 predicti
3314 2720 3484 2771 con-

653 2834 906 2897 ventus
937 2826 1396 2898 intentionem
1425 2826 1494 2895 in
1528 2835 1748 2898 totum
1774 2826 2136 2897 fundatam
2164 2826 2818 2917 invenimus,quum
2833 2825 3036 2915 juxta
3067 2823 3243 2894 sacri
3270 2823 3489 2918 impe·

654 2948 841 3020 rialis
889 2949 1183 3044 predicti
1228 2950 1538 3021 mandati
1582 2960 1894 3022 tenorem
1939 2971 1982 3021 a
2024 2949 2504 3022 molestatione
2552 2958 2623 3021 et
2678 2948 3106 3043 impetitione
3157 2946 3488 3042 predictis

655 3073 986 3145 desistere
1033 3074 1447 3164 debeamus,
1486 3073 1858 3169 prudentie
1908 3084 2138 3146 vestre
2183 3097 2277 3146 ex
2322 3084 2518 3168 parte
2565 3073 2906 3166 imperiali
2949 3094 3089 3165 qua
3134 3072 3489 3163 fungimur

652 3177 1061 3269 auctoritate
1103 3198 1517 3269 mandamus
1568 3207 1913 3290 quatenus
1944 3219 1987 3268 a
2022 3198 2507 3293 procuratione
2541 3197 2829 3268 ecclesie
2866 3196 3098 3268 Sancti
3131 3196 3311 3267 Petri
3353 3196 3484 3267 im·

652 3321 932 3416 perialis
962 3320 1052 3392 de
1086 3322 1382 3393 Tarento
1411 3321 1613 3393 vobis
1652 3321 1740 3392 de
1773 3332 2010 3394 nostro
2045 3321 2377 3393 mandato
2412 3320 2779 3392 commissa
2810 3321 2900 3393 de
2933 3330 3165 3392 cetero
3194 3320 3485 3392 desista-

661 3444 770 3535 tis,
789 3455 1214 3516 conventum
1244 3446 1590 3540 prefatum
1619 3446 1692 3515 in
1722 3466 1807 3518 eo
1835 3467 1976 3516 non
2000 3445 2416 3539 impetentes
2436 3446 2545 3516 vel
2556 3496 3307 3517 ..........
3342 3466 3487 3516 mo·

659 3567 1019 3658 lestantes,
1042 3570 1249 3660 juxta
1289 3579 1601 3640 tenorem
1645 3590 2000 3640 sacrarum
2040 3569 2426 3640 litterarum
2468 3569 2931 3663 imperialium
2981 3568 3476 3662 predictarum.

660 3689 913 3762 Datum
942 3690 1246 3781 Tarenti,
1282 3690 1620 3783 vigesimo
1650 3692 1856 3783 junii,
1890 3701 2089 3763 sexte
2120 3692 2541 3764 indictionis.

754 3813 1013 3884 Verum
1042 3834 1259 3905 quum
1291 3814 1603 3907 predicte
1633 3815 1982 3886 autentico
2022 3815 2246 3887 littere
2281 3836 2498 3911 penes
2531 3815 2875 3909 prefatum
2901 3814 3210 3906 judicem
3235 3814 3487 3887 Iohan-

652 3957 814 4007 nem
844 3946 1349 4025 remanserant,
1380 3936 1470 4009 ad
1503 3937 1915 4031 petitionem
1944 3948 2015 4010 et
2041 3940 2384 4010 cautelam
2412 3937 2705 4032 predicti
2738 3937 2966 4007 fratris
3001 3937 3314 4028 Gregorii
3340 3958 3486 4009 mo-

652 4059 860 4131 nachi
900 4059 1289 4132 Casinensis
1334 4070 1407 4131 et
1441 4071 1830 4133 conventus
1872 4061 2187 4154 ejusdem
2233 4061 2635 4134 monasterii
2685 4061 3153 4149 securitatem,
3175 4061 3359 4154 ipsas
3391 4062 3481 4132 de

651 4183 869 4255 verbo
898 4182 992 4255 ad
1011 4183 1307 4255 verbum
1333 4182 1630 4256 fideliter
1654 4185 2021 4256 transcribi
2050 4195 2120 4256 et
2148 4185 2218 4255 in
2248 4185 2600 4279 publicam
2628 4184 2923 4254 formam
2951 4182 3171 4274 redigi
3195 4184 3482 4254 fecimus

652 4327 780 4401 per
809 4327 1058 4378 manus
1088 4305 1411 4377 Panormi
1442 4307 1820 4402 imperialis
1852 4308 2112 4403 publici
2138 4307 2413 4379 Tarenti
2442 4306 2722 4399 notarii,
2742 4315 2814 4378 et
2843 4306 3096 4377 nostris
3126 4307 3480 4401 subscrip-

654 4428 957 4527 tionibus
1008 4428 1419 4501 roborantes
1464 4430 1693 4502 eidem
1737 4431 1930 4502 fratri
1986 4430 2321 4523 Gregorio
2382 4429 2665 4502 easdem
2733 4428 3234 4521 assignavimus
3253 4484 3272 4520 ,
3325 4429 3474 4520 die,

655 4573 895 4624 mense
924 4560 996 4622 et
1030 4551 1409 4624 indictione
1441 4554 1881 4648 pretitulatis.

757 4671 1019 4770 (Adest
1044 4674 1320 4767 signum
1344 4675 1659 4774 notarii.)

811 4797 918 4860 VI.
961 4812 1075 4858 rm
1100 4812 1148 4858 2.
3086 4806 3163 4859 79
