4525 6031
948 552 1079 616 630
1952 557 2382 622 ramnum
2432 559 2781 622 summm
3400 557 3565 635 [Anu.
3599 559 3778 625 1248.

950 709 1189 761 marus
1232 690 1480 762 fratres
1529 688 1622 763 de
1668 690 2245 785 Schonenberch,
2294 695 2619 792 Ditrycus
2667 695 2758 767 de
2803 689 3327 781 Volohinsdorf,
3373 693 3639 788 Sybota
3691 696 3782 770 de

950 813 1180 906 Hage,
1238 814 1601 887 Liutoldus
1643 813 1733 887 de
1778 815 2157 908 Pourawe,
2192 820 2556 914 Dyetricus
2589 818 2882 891 thase
2913 814 3102 913 (sic),
3153 816 3635 890 Wernhardus
3689 819 3779 892 de

950 936 1158 1028 Inne,
1205 937 1567 1010 Heinricus
1623 939 1714 1011 de
1756 941 2045 1031 Wasen,
2091 943 2536 1016 Meinhardus
2590 943 2680 1015 de
2729 943 3013 1035 Gastey,
3059 939 3407 1031 Duringus
3453 940 3780 1031 magister

949 1069 1388 1153 venatorum,
1420 1061 1766 1156 Duringus
1793 1063 2087 1155 Scheke,
2112 1066 2573 1159 Marquardus
2598 1063 3031 1154 Preubaven,
3057 1062 3404 1135 Rubertus
3426 1062 3516 1135 de
3542 1062 3776 1138 Anaso

947 1192 1020 1256 et
1041 1184 1160 1256 alii
1185 1185 1406 1257 multo
1438 1186 1697 1280 plures.
1724 1187 1980 1259 Datum
2003 1199 2166 1260 ante
2194 1200 2497 1262 castrum
2523 1190 2999 1283 Sitzenperge,
3023 1187 3206 1259 XIIII
3229 1186 3564 1260 kalendas
3594 1198 3776 1261 octo-

946 1307 1121 1399 bris,
1156 1329 1342 1381 anno
1377 1309 1654 1381 Domini
1684 1311 1779 1382 Μ.
1805 1311 1928 1383 OC.
1952 1313 2228 1384 XXXV.

1040 1433 1182 1506 Nos
1211 1432 1422 1526 igitur
1451 1434 1889 1506 attendentes
1915 1433 2127 1507 fidem
2155 1457 2403 1531 puram
2432 1445 2505 1507 et
2530 1434 2987 1508 devocionem
3013 1432 3355 1504 sinceram
3385 1452 3560 1524 quas
3585 1431 3769 1504 idem

942 1556 1163 1630 abbas
1203 1566 1274 1629 et
1304 1556 1626 1629 monachi
1662 1558 1769 1629 sui
1806 1568 2218 1649 conventus,
2257 1558 2500 1632 fideles
2531 1557 2779 1649 nostri,
2813 1557 2907 1629 ad
2939 1554 3428 1628 excellentiam
3459 1566 3768 1628 nostram

938 1694 1194 1773 gerunt
1219 1681 1548 1775 quodque
1576 1702 1704 1776 pro
1734 1683 1954 1753 salute
1989 1691 2063 1753 et
2098 1682 2570 1753 incolumitate
2602 1690 2839 1752 nostra
2881 1688 2954 1751 et
2999 1700 3127 1773 pro
3168 1677 3427 1749 salubri
3461 1699 3545 1750 ac
3580 1688 3767 1751 tran·

936 1806 1156 1899 quillo
1170 1815 1352 1877 statu
1375 1804 1646 1900 imperii
1668 1806 1885 1877 nostri
1913 1815 2155 1878 eterno
2179 1804 2327 1896 regi
2351 1804 2745 1900 supplicent
2762 1804 3215 1892 incessanter,
3242 1801 3764 1876 considerantes

940 1949 1221 2022 quoque
1248 1928 1437 2021 quod
1469 1927 1540 1998 in
1572 1929 1851 2021 negotio
1879 1929 2174 2023 predicti
2205 1928 2479 2001 abbatis
2504 1938 2819 2001 nostrum
2849 1927 3107 2022 pariter
3137 1925 3580 1999 commodum
3611 1948 3769 2022 pro-

936 2064 1246 2143 curetur,
1283 2073 1443 2124 cum
1465 2051 1830 2123 advocatia
1859 2053 2223 2148 prescripti
2266 2053 2664 2126 monasterii
2707 2053 2812 2124 sui
2839 2052 2946 2124 sit
2984 2051 3076 2123 ad
3118 2072 3247 2123 nos
3285 2059 3357 2122 et
3397 2050 3765 2146 imperium

938 2187 1098 2272 post
1128 2176 1374 2273 prefati
1415 2175 1612 2248 ducis
1642 2175 1906 2248 obitum
1934 2177 2150 2250 libere
2173 2178 2530 2267 devoluta,
2566 2177 2709 2250 suis
2742 2176 3362 2272 supplicationibus
3393 2175 3765 2268 benignius

934 2299 1279 2390 inclinati,
1316 2299 1706 2393 predictum
1740 2299 2072 2395 scriptum
2105 2300 2271 2372 huic
2301 2311 2541 2373 nostro
2581 2300 2944 2395 privilegio
2972 2301 3062 2372 de
3102 2298 3322 2371 verbo
3348 2298 3442 2371 ad
3468 2298 3762 2369 verbum

932 2424 1144 2497 inseri
1167 2423 1538 2517 jussimus,
1573 2424 1806 2495 omnia
1838 2446 1977 2517 que
2022 2425 2468 2497 continentur
2500 2425 2570 2495 in
2605 2446 2691 2496 eo
2731 2424 2821 2496 de
2854 2423 3231 2518 imperialis
3260 2422 3760 2517 proeminentia

931 2557 1171 2620 nostre
1207 2548 1429 2640 gratia
1470 2556 1810 2644 perpetuo
1854 2546 2373 2621 confirmantes.
2411 2548 2793 2621 Statuimus
2823 2548 3031 2641 igitur
3060 2558 3134 2619 et
3163 2546 3503 2642 imperiali
3533 2547 3759 2619 sanci·

930 2692 1088 2743 mus
1141 2671 1369 2744 edicto
1413 2679 1761 2764 quatenns
1806 2672 2041 2742 nullus
2089 2670 2687 2767 archiepiscopus,
2732 2669 3137 2766 episcopus,
3184 2670 3370 2759 dux,
3412 2667 3753 2759 marchio,

929 2815 1190 2886 comes,
1217 2796 1418 2886 baro,
1453 2795 1940 2884 ministerialis,
1977 2798 2169 2868 nulla
2207 2795 2511 2889 denique
2544 2815 2843 2891 persona
2878 2797 3015 2865 alta
3047 2795 3161 2866 vel
3188 2793 3494 2882 humiliS,
3532 2794 3757 2864 eccle·

930 2918 1204 2991 siastica
1227 2920 1343 2991 vel
1375 2917 1752 3010 mundana,
1787 2920 2130 3014 prefatum
2163 2919 2489 2991 abbatem
2534 2928 2605 2990 et
2638 2938 3073 2990 successores
3103 2918 3256 3009 ejus
3287 2917 3356 2987 in
3390 2914 3755 2988 advocatia

930 3042 1223 3138 predIcti
1260 3044 1659 3115 monasterii
1692 3043 1798 3114 sni
1830 3066 2043 3138 quam
2076 3044 2168 3116 ad
2197 3065 2445 3115 manus
2485 3053 2757 3116 nostras
2797 3052 2875 3113 et
2915 3041 3185 3136 imperii
3221 3051 3559 3135 perpetuo
3588 3039 3752 3111 reti·

926 3187 1095 3238 nere
1122 3166 1471 3256 volumuS,
1503 3176 1745 3238 contra
1772 3166 2112 3262 presentis
2150 3165 2696 3240 confirmationis
2722 3174 2958 3236 nostre
2983 3174 3296 3236 tenorem
3336 3174 3593 3235 temere
3614 3163 3748 3234 im-

927 3288 1198 3384 pedire,
1236 3291 1601 3361 molestare
1634 3312 1758 3361 seu
1801 3292 2211 3384 perturbare
2238 3299 2619 3385 presumat.
2662 3288 2867 3375 Quod
2908 3288 3030 3383 qui
3058 3287 3554 3383 presumpserit
3580 3285 3751 3357 indi·

924 3412 1328 3506 gnationem
1351 3413 1568 3485 nostri
1586 3413 1904 3486 culminis
1923 3436 1998 3494 se
2019 3414 2744 3487 noveritincursurum
2768 3412 2926 3484 etin
2947 3411 3324 3483 vindictam
3349 3410 3752 3482 temeritatis

924 3556 1051 3608 sue
1080 3545 1364 3608 centum
1388 3537 1602 3608 libras
1626 3537 1778 3609 auri
1805 3538 2153 3634 purissimi
2185 3539 2757 3633 compositurum,
2784 3556 3081 3628 quarum
3107 3535 3447 3606 medietas
3471 3555 3748 3606 camere

922 3668 1183 3750 nostre,
1217 3658 1484 3754 reliqua
1514 3681 1684 3733 vero
1715 3661 1937 3757 passis
1965 3661 2289 3754 injuriam
2315 3662 2729 3757 applicetur.
2766 3658 2881 3731 Ad
2910 3659 3118 3750 hujus
3136 3657 3346 3751 igitur
3374 3655 3744 3730 confirma-

922 3781 1128 3855 tionis
1174 3792 1410 3855 nostre
1456 3785 1756 3856 futuram
1799 3785 2206 3858 memoriam
2251 3796 2325 3857 et
2364 3785 2578 3857 robur
2624 3792 2964 3878 perpetuo
3007 3783 3421 3873 valiturum,
3457 3801 3745 3877 presens

915 3905 1356 4002 privilegium
1389 3905 1538 3978 fieri
1569 3916 1640 3979 et
1666 3909 2042 4000 majestatis
2069 3917 2308 3980 nostre
2342 3907 2565 3998 sigillo
2592 3905 2925 3998 jussimus
2955 3903 3392 3978 communiri.

1010 4030 1231 4123 Hujus
1258 4029 1360 4103 rei
1391 4040 1598 4103 testes
1623 4043 1785 4102 sunt
1808 4031 2169 4104 Heinricus
2204 4029 2489 4102 illustris
2519 4050 2651 4100 rex
2677 4028 3022 4118 Sardinie,
3060 4027 3414 4122 Philippus
3442 4047 3740 4111 venerae

912 4153 1070 4225 bilis
1102 4153 1452 4225 Pactensis
1488 4155 1879 4250 episcopuS,
1917 4155 2245 4248 magister
2278 4152 2670 4224 Gualterius
2701 4152 3118 4223 venerabilis
3153 4152 3518 4245 Capuanus
3550 4151 3740 4223 elec-

915 4285 1024 4346 tus
1044 4271 1181 4370 (a),
1202 4275 1598 4347 Manfredns
1634 4277 1940 4349 marchio
1973 4278 2274 4366 Lancea,
2304 4271 2722 4346 Bertholdns
2754 4272 3062 4345 marchio
3096 4273 3185 4345 de
3215 4272 3734 4364 Hohemburcb,

909 4397 1255 4469 Berardus
1298 4418 1531 4468 comes
1567 4398 1877 4490 Laureti,
1912 4397 2288 4471 Riccardus
2330 4396 2418 4468 de
2454 4395 2890 4489 Montenigro
2922 4395 3252 4488 magister
3274 4394 3730 4485 justiciarius,

994 4567 1079 4648 (a)
1122 4568 1271 4629 Cum
1298 4571 1361 4629 ld
1387 4571 1538 4631 forte
1580 4573 1692 4650 lcgl
1734 4589 1856 4632 non
1891 4577 2146 4651 potuerit
2182 4576 2248 4632 in
2287 4573 2684 4650 autographo,
2718 4571 2896 4631 datur
2926 4570 3299 4631 solummodo
3331 4571 3492 4646 apud
3531 4568 3730 4641 Kurz,

911 4675 1037 4755 Cap
1043 4716 1191 4736 ......
1198 4681 1345 4754 ctus,
1375 4678 1534 4753 quod
1557 4677 1726 4738 facile
1748 4695 1822 4738 ex
1848 4681 2058 4738 ceteris
2082 4679 2411 4755 suppletur.
