4525 6031
765 654 965 713 Ῑυυισῐ.
997 652 1089 729 7.]
1330 681 1335 686 -
1660 646 2056 710 HISTORIA
2105 644 2693 732 mPLOMATch.
3274 703 3284 718 ,
3462 641 3576 703 701

762 797 832 860 et
859 788 1144 874 alterius
1178 786 1550 881 proditoris
1575 784 1698 878 qui
1718 795 1798 857 ut
1822 783 2115 857 baberet
2146 783 2410 856 loculos
2435 782 2549 855 vel
2577 781 2927 876 impleret,
2962 777 3289 872 equitatis
3315 777 3580 870 virgam

765 911 1084 983 vertebat
1112 911 1186 982 in
1214 911 1578 984 colubrum
1601 962 1620 999 ‚
1664 918 1746 980 ut
1775 908 1865 980 ad
1893 907 2065 980 illud
2092 908 2461 1003 imperium
2493 905 2882 1000 impelleret
2907 911 3185 975 assueta
3221 900 3581 974 delusione

764 1035 1177 1130 periculum,
1217 1055 1359 1127 quo
1402 1034 1606 1106 simul
1636 1054 1792 1104 cum
1823 1032 2065 1104 militia
2095 1030 2470 1104 Pharaonis
2496 1028 2974 1127 AEgyptiorum
3014 1046 3579 1099 more‘curruum

762 1160 1111 1232 abiremus
1143 1159 1420 1253 equoris
1450 1158 1521 1229 in
1554 1156 2001 1252 profundum.
2033 1158 2472 1252 Quapropter
2509 1152 2826 1226 fidelitati
2857 1162 2974 1224 tue
3005 1150 3231 1223 modis
3261 1151 3595 1223 omnibus·

763 1283 1156 1355 inhibemus
1195 1291 1276 1353 ut
1311 1282 1621 1354 mandati
1664 1281 1874 1374 hujus
1908 1301 2050 1352 non
2084 1279 2209 1353 fias
2245 1279 2317 1350 in
2356 1279 2616 1374 populo
2655 1276 2975 1372 publicus
3006 1275 3301 1365 delator,
3334 1274 3458 1346 sed
3489 1275 3582 1348 ad

761 1428 1239 1500 quoscumque
1258 1405 1545 1500 imperia
1564 1415 1801 1477 nostra
1819 1404 2186 1495 direxeriS,
2207 1403 2554 1498 expeditis
2576 1401 2926 1494 gressibus
2944 1409 3014 1471 et
3026 1399 3386 1472 affectibus
3413 1422 3580 1495 pro-

760 1530 1096 1623 sequaris.
1138 1530 1382 1623 Neque
1433 1529 1618 1601 enim
1653 1527 1743 1599 de
1780 1536 1847 1599 te
1879 1529 2023 1600 lesa
2063 1525 2485 1599 conscientia
2525 1525 2811 1596 credere
2851 1545 3218 1619 possumus
3257 1532 3336 1595 ut
3369 1546 3579 1618 quem

758 1653 828 1724 in
868 1653 1272 1745 sanguinem
1322 1665 1632 1725 nostrum
1667 1651 2109 1743 admisimus,
2144 1651 2215 1722 in
2252 1672 2470 1742 regno
2512 1659 2749 1721 nostro
2793 1670 2919 1742 per
2960 1668 3122 1719 eum
3172 1648 3580 1722 scandalum

759 1776 1158 1864 subeamuS,
1192 1796 1350 1846 cum
1377 1774 1614 1868 plures
1641 1774 1732 1847 de
1763 1774 2140 1846 curialibus
2166 1774 2359 1845 aliud
2391 1774 2480 1845 de
2511 1782 2577 1844 te
2610 1772 2865 1844 sentire
2899 1772 3265 1862 suadeant,
3299 1773 3419 1864 qui
3451 1795 3574 1845 ve·

758 1900 896 1969 lata
941 1899 1115 1970 facie
1165 1919 1297 1969 nec
1342 1897 1558 1971 nostri
1605 1920 1736 1970 nec
1784 1897 1882 1970 tui
1927 1898 2293 1971 commoda
2340 1897 2727 1990 queritant,
2772 1895 2897 1968 sed
2943 1895 3240 1967 ruinam.
3279 1896 3579 1969 Minores

756 2033 1069 2119 preterea
1091 2025 1337 2094 fratres
1361 2031 1431 2094 et
1447 2022 1921 2094 predicatores
1941 2023 2138 2115 regni
2161 2022 2419 2111 Sicilie,
2450 2043 2748 2114 quorum
2766 2020 2979 2113 aliqui
3006 2033 3249 2093 contra
3277 2033 3406 2095 nos
3431 2045 3578 2095 ser·

757 2158 934 2244 punt
958 2147 1192 2220 verbis
1218 2157 1288 2220 et
1313 2147 1584 2219 actibus
1616 2167 1810 2219 more
1838 2147 2097 2237 cancri,
2121 2169 2245 2218 seu
2280 2145 2626 2240 quoslibet
2653 2145 2828 2217 alios
2859 2145 2991 2216 sub
3018 2145 3367 2239 religionis
3390 2148 3580 2219 vela-

755 2273 941 2343 mine
968 2272 1142 2343 lucis
1168 2273 1453 2364 angelos
1482 2271 1920 2362 mentientes,
1943 2271 2000 2343 si
2027 2293 2069 2343 a
2098 2271 2560 2366 capitulorum
2582 2271 2803 2341 forma
2828 2291 3036 2362 quam
3067 2270 3189 2341 tibi
3217 2269 3580 2363 dirigimus

755 2397 1195 2469 interclusam
1224 2396 1460 2490 aliquo
1489 2395 1699 2468 modo
1729 2394 2149 2490 compereris
2181 2394 2580 2483 detorsisse,
2605 2415 2749 2465 non
2774 2393 2953 2466 sicut
2982 2394 3321 2466 hactenus
3353 2397 3578 2489 repel-

757 2521 899 2592 lere
936 2520 1195 2592 debeas
1225 2521 1335 2591 vel
1368 2520 1709 2611 includas,
1733 2519 1858 2592 sed
1892 2542 2083 2593 more
2115 2519 2436 2591 binarum
2465 2518 2777 2613 vulpium
2808 2538 3243 2588 annexarum
3278 2518 3575 2589 submis-

754 2642 846 2715 sis
879 2644 1158 2715 torturis
1189 2643 1448 2735 igneis,
1486 2643 1559 2715 in
1591 2645 1775 2716 bona
1809 2642 2213 2738 sequacium
2246 2642 2476 2738 puniri
2504 2641 2750 2733 facias,
2788 2642 3053 2736 absque
3089 2641 3234 2716 vite
3266 2641 3574 2715 remedio

752 2765 823 2838 in
860 2767 1202 2862 personis.

2540 3059 3164 3074 ———=-—-—-—-

859 3320 1300 3404 Fridericus
1321 3381 1344 3427 ,
1422 3321 1942 3404 Romanorum
2001 3323 2453 3432 imperator,
2521 3326 2836 3407 mandat
2906 3327 3298 3434 capitaneo
3359 3330 3573 3436 regni

759 3452 1064 3565 Siciliae·
1124 3464 1211 3536 ut
1267 3455 1628 3562 procedat
1697 3464 1963 3537 contra
2018 3455 2414 3566 religi0sos
2478 3466 2865 3566 portantes
2922 3456 3210 3541 litteras
3265 3459 3577 3568 papales

757 3586 834 3666 in
880 3611 1205 3695 regnum
1255 3613 1389 3696 per
1442 3587 1770 3670 incendii
1813 3614 2180 3697 poenam,
2219 3589 2632 3699 fidelesque
2682 3616 2862 3673 suos
2897 3591 3032 3702 qui
3076 3593 3385 3676 eosdem
3420 3619 3572 3677 non

756 3729 1147 3829 expectato
1176 3719 1462 3830 judicio
1498 3720 1926 3803 occiderent
1973 3721 2326 3831 impunes
2361 3748 2526 3806 esse
2555 3722 2800 3833 jubet.

912 3931 1103 4010 (Edit.
1137 3937 1201 3992 tn
1229 3932 1397 3994 Petri
1423 3930 1494 3993 de
1535 3933 1668 3993 Vin.
1699 3934 1892 4012 epist„
1925 3933 2030 3996 lib.
2061 3932 2124 4012 1,
2154 3950 2288 4010 cap.
2326 3934 2501 4014 XIX3
2530 3936 2665 3998 coll.
2697 3951 2834 3996 cnm
2860 3936 2988 3997 cod.
3027 3935 3181 3997 Btbl.
3216 3938 3414 3999 Cesar.
3456 3936 3572 3998 Pa-

988 4040 1120 4115 ria„
1138 4035 1323 4118 fonds
1352 4037 1847 4101 Saint-Germain
1870 4037 2121 4120 Har-lay,
2151 4050 2219 4101 ιι·
2247 4045 2414 4116 455.)

844 4222 1205 4314 Pungitive
1237 4244 1365 4294 nos
1398 4222 1619 4314 tangit
1650 4223 1939 4295 interius
1971 4244 2084 4295 res
2119 4245 2302 4296 nova
2330 4243 2540 4317 quam
2573 4223 2963 4315 scribimus,
2987 4224 3157 4296 dum
3186 4224 3574 4320 inquietare
3633 4300 3634 4303 ,

746 4475 956 4533 Siciliae
981 4473 1215 4547 eriperet
1242 4474 1310 4531 de
1336 4474 1573 4533 dominio
1599 4476 1870 4534 Frederici
1904 4478 2175 4552 quondam
2207 4478 2548 4554 imperatoris
2574 4479 2820 4554 depositi.
2848 4479 3048 4538 Multos
3082 4481 3315 4539 adtraxit
3342 4481 3412 4540 ad
3440 4498 3573 4556 par-

749 4579 860 4630 tem
889 4571 1173 4628 Ecclesiae.
1206 4571 1445 4629 Tandem
1471 4575 1765 4649 imperator
1790 4575 1918 4633 fecit
1943 4590 2068 4633 eum
2090 4576 2211 4651 capi
2239 4582 2296 4634 et
2317 4577 2506 4634 decem
2528 4583 2648 4637 octo
2675 4579 2933 4654 martyria
2956 4578 3267 4650 intulitsibi,
3283 4580 3374 4654 qui
3394 4580 3575 4638 omnia

749 4668 1002 4728 sustinuit
1035 4669 1318 4741 patienter,
1356 4687 1457 4728 nec
1492 4672 1638 4730 aliud
1674 4678 1966 4747 potuerunt
2006 4672 2293 4733 carnifices
2331 4680 2653 4748 extorquere
2686 4676 2758 4734 ab
2798 4692 2865 4735 eo
2904 4676 3011 4735 nisi
3053 4677 3268 4735 laudem
3311 4677 3570 4737 divinam.

748 4767 913 4826 Multa
935 4765 1193 4824 miracula
1223 4767 1350 4825 fecit
1372 4770 1515 4828 Deus
1536 4786 1635 4846 per
1661 4786 1806 4829 eum.
1829 4787 1859 4824 »

908 4866 1011 4930 VI.
1054 4881 1167 4926 Pan
1188 4882 1234 4928 π.
3174 4880 3253 4934 89
