4525 6031
712 878 939 956 1245

683 1004 918 1086 .[nov.]

727 1497 911 1582 [anno

691 1591 958 1678 exeunt.]

704 1759 930 1836 1246

703 1895 777 1947 27
798 1891 926 1964 jan.

693 2372 729 2424 6
758 2367 929 2442 april.

722 2655 904 2730 [circa

670 2756 915 2813 maium.
928 2752 948 2832 ]

736 3047 884 3120 sept.

703 3390 922 3466 1247

671 3526 739 3576 21
769 3521 944 3599 april.

693 3865 920 3942 1246

688 4002 758 4053 13
789 3995 917 4055 dec.

687 4361 916 4436 1247

711 4485 879 4560 [febr.
972 4530 1318 4551 ......

749 4586 842 4644 vel

670 4682 933 4757 martim]

1119 1887 1296 1963 Apud

1046 1983 1358 2044 Ciriacum.

1052 2371 1358 2432 Incastris

1121 2469 1283 2545 apud

1023 2565 1383 2626 Matelicam.

1599 683 1857 744 INDEX
1904 684 2607 747 DOCUMENTORUM.

1411 1054 1427 1071 .
1460 1009 1784 1090 Rolandus,
1818 1016 2087 1075 notarius
2135 1015 2529 1093 Gomtanus,
2568 1018 2865 1094 Raynerio
2907 1016 3156 1077 Sanctae
3194 1015 3416 1078 Mariae
3461 1020 3528 1079 in

1537 1111 1850 1172 Cosmedin
1876 1113 2129 1173 diacono
2159 1113 2467 1188 cardinali,
2497 1115 2642 1174 etin
2670 1116 2908 1192 Tuscia,
2939 1114 3297 1174 Patrimonio
3322 1121 3383 1174 et
3409 1116 3530 1176 du-

1537 1211 1676 1264 catu
1702 1222 1886 1282 papae
1914 1209 2072 1267 vices
2100 1209 2346 1286 gerenti,
2367 1207 2696 1284 rhythmice
2715 1215 2918 1269 narrat
2944 1210 3192 1285 qualiter
3219 1210 3431 1270 vitalis
3451 1209 3528 1270 de

1536 1300 1764 1363 Aversa
1802 1305 2001 1380 plures
2033 1307 2195 1364 cives
2224 1304 2583 1365 Cometanos
2604 1309 2777 1383 jussu
2806 1306 3088 1366 Friderici
3113 1306 3390 1382 suspendi
3428 1305 3528 1365 se-

1535 1400 1703 1459 cerit.
3410 1411 3524 1463 368

1464 1494 1856 1571 Theodericus,
1888 1498 2192 1558 Ravennas
2218 1496 2697 1578 archiepiscopus,
2728 1500 3072 1560 Innocentio
3106 1516 3289 1576 papae
3325 1507 3531 1561 narrat

1533 1595 1831 1669 quomodo
1870 1597 1934 1653 in
1982 1593 2200 1671 Apulia
2248 1596 2361 1655 sub
2414 1594 2791 1673 fidejussoria
2842 1599 3113 1656 cautione
3163 1597 3524 1673 custoditus,

1535 1698 1668 1764 post
1695 1690 1959 1749 auditam
1991 1690 2376 1766 depositionis
2415 1695 2477 1751 in
2520 1692 2882 1752 Fridericum
2920 1694 3305 1765 sententiam,
3351 1692 3527 1752 aufu-

1535 1788 1685 1862 gerit
1710 1792 1772 1844 et
1796 1801 1988 1861 usque
2016 1788 2342 1846 Bononiam
2372 1791 2721 1863 pervenerit,
2754 1793 2869 1849 etc.
3410 1799 3526 1850 378

1451 1878 1735 1939 amedeus
1759 1898 1938 1940 comes
1956 1880 2307 1955 sabaudiae,
2340 1885 2415 1942 ab
2438 1887 2789 1959 imperatore
2813 1885 3109 1945 Friderico
3136 1885 3355 1945 arbiter
3380 1903 3530 1946 con-

1534 1979 1796 2048 stitutus,
1828 1979 1934 2038 dat
1959 1983 2310 2040 sententiam
2337 1987 2405 2040 ut
2429 1980 2768 2040 Bonifacius
2805 1981 3068 2040 marchio
3106 1982 3527 2043 Montisferrati

1531 2077 1841 2148 promittat
1867 2075 2089 2133 Henzio
2125 2078 2248 2152 regi
2288 2076 2594 2136 Sardiniae
2637 2077 2829 2153 legato
2872 2078 3103 2152 imperii
3144 2093 3208 2135 se
3244 2077 3527 2139 daturum

1533 2169 1748 2228 milites
1775 2176 1834 2229 et
1865 2171 1982 2230 alla
2009 2171 2300 2245 adjutoria
2328 2172 2668 2247 imperatori
2710 2167 2918 2232 contra
2953 2172 3199 2232 rebelles
3229 2173 3527 2234 Lombar-

1531 2264 1675 2342 dos,
1708 2266 1896 2326 donec
1922 2269 2129 2327 arserit
2159 2267 2378 2327 bellum
2407 2275 2468 2327 et
2494 2268 2755 2329 rebellio.
3407 2278 3524 2332 916

1454 2359 1734 2421 Robertus
1763 2361 1834 2422 de
1856 2361 2187 2439 Castilione,
2218 2367 2452 2444 imperii
2476 2367 2543 2424 in
2573 2363 2915 2426 Romaniola
2941 2368 3191 2426 vicarius
3214 2365 3519 2449 qenes-alis,

1530 2459 1764 2519 civibus
1787 2460 2301 2520 Camerinensibus
2324 2478 2526 2538 pacem
2548 2462 2722 2522 offert
2748 2462 2859 2522 sub
2887 2465 3061 2523 certis
3089 2464 3525 2524 conditionibus

1531 2556 1606 2614 ab
1632 2558 1985 2632 imperatore
2013 2557 2311 2617 Friderico
2342 2561 2484 2617 ratis
2512 2558 2822 2618 habendis.
3125 2569 3267 2637 416,
3299 2567 3424 2621 not.
3466 2570 3518 2620 1.

988 2702 1338 2724 ......
1401 2703 1419 2721 ,
1452 2649 1878 2726 Malek-Salelz,
1909 2654 2160 2735 AEqypti
2186 2652 2486 2730 soldanus,
2526 2657 2871 2716 Innocentio
2907 2669 3095 2732 papae
3121 2659 3434 2734 respondet
3460 2675 3523 2718 se

1112 3522 1293 3598 Apud

1028 3619 1366 3680 Camberia-

1110 3730 1270 3775 cum.

1097 4004 1290 4068 Senis.

813 4885 915 4945 VI.
962 4898 1073 4942 Pars
1095 4901 1140 4942 2.

1531 2765 1736 2824 pacem
1763 2758 1824 2808 et
1851 2751 2226 2810 concordiam
2256 2769 2392 2811 cum
2421 2753 2756 2812 christianis
2783 2752 3151 2824 desiderare;
3180 2760 3518 2829 expectatu-

1530 2861 1664 2904 rum
1692 2851 1893 2904 tamen
1921 2846 2112 2905 donec
2140 2863 2492 2907 consensum
2522 2850 2892 2925 imperatoris
2923 2847 3217 2919 habuerit,
3260 2866 3522 2926 quocum

1529 2957 1567 3001 a
1594 2949 1854 3017 tempore
1883 2945 2066 3019 patris
2095 2946 2188 3003 sui
2215 2944 2585 3004 dilectionem
2618 2952 2886 3005 mutuam
2918 2945 3275 3006 observavit.
3403 2955 3520 3006 424

1456 3036 1765 3099 Gualcerus
1799 3038 1868 3098 de
1912 3039 2064 3100 Ocra
2104 3041 2419 3119 Capuanus
2465 3038 2698 3117 electus,
2748 3045 3117 3122 imperatoris
3150 3045 3415 3103 notarius
3463 3051 3521 3106 el

1528 3135 1889 3216 capellanus,
1924 3142 2048 3217 regi
2082 3143 2328 3217 Angliae
2355 3141 2645 3219 significat
2672 3145 2922 3219 qualiter
2957 3149 3215 3202 castrum
3247 3144 3520 3219 Capuacii

1528 3242 1768 3311 captum
1795 3243 1854 3295 et
1880 3237 2141 3295 deletum
2171 3237 2349 3298 fuerit
2385 3245 2444 3298 et
2472 3241 2796 3315 proditores
2833 3242 2894 3298 in
2924 3239 3131 3299 eodem
3174 3241 3382 3299 inclusi
3419 3241 3519 3299 di-

1528 3337 1715 3393 versis
1741 3334 1946 3393 afflicti
1972 3337 2208 3411 poenis,
2247 3335 2530 3412 additque
2555 3340 2966 3412 imperatorem
3003 3339 3064 3396 in
3103 3337 3516 3396 Alemanniam

1525 3432 1682 3491 circa
1708 3431 1994 3491 Pascham
2023 3434 2269 3504 iturum,
2303 3441 2416 3493 etc.
3397 3442 3510 3494 457

1445 3558 1525 3569 -
1566 3529 1684 3587 Pro
1718 3534 1886 3604 parte
1919 3531 2285 3604 imperatoris
2312 3545 2375 3588 se
2395 3534 2736 3604 juramento
2768 3529 2992 3606 obligat
3019 3546 3159 3607 erga
3186 3529 3515 3591 Amedeum

1521 3618 1848 3679 Sabaudiae
1915 3623 2191 3683 comitem
2257 3622 2419 3697 quod
2481 3623 2819 3698 procurabit
2869 3625 3309 3682 matrimonium
3362 3625 3515 3682 iuter

1521 3716 1896 3776 Manfredum
1924 3717 2215 3777 Lanceam
2242 3717 2434 3778 filium
2477 3721 2842 3794 imperatoris
2879 3726 2938 3778 et
2964 3720 3286 3778 Beatricem
3323 3722 3515 3778 comi-

1522 3815 1723 3871 tissam
1752 3812 2176 3885 Saluciensem‚
2210 3814 2393 3874 filiam
2422 3819 2657 3875 comitis
2682 3817 2977 3892 ejusdem,
3012 3816 3124 3874 sub
3155 3818 3327 3875 certis
3361 3833 3511 3875 con-

1520 3909 1868 3969 ditionibus.
3389 3921 3503 3971 527

1440 4001 1909 4084 Buccamuqellus
1954 4002 2025 4062 de
2064 4000 2311 4064 Sales-no
2328 4048 2343 4074 ,
2389 4013 2649 4084 receptor
2686 4003 3009 4085 imperialis
3042 4007 3108 4065 in
3151 4007 3388 4080 Tuscia,
3433 4009 3508 4068 de

1518 4102 1797 4162 mandato
1830 4103 2106 4162 Friderici
2135 4101 2210 4160 de
2236 4103 2549 4161 Antiochia
2583 4104 2893 4163 confltetur
2920 4106 3202 4180 recepisse
3231 4122 3267 4163 a
3303 4122 3504 4166 came-

1517 4202 1671 4259 rario
1698 4202 2025 4259 communis
2053 4200 2328 4259 Senensis
2361 4209 2473 4259 135
2512 4201 2689 4260 libras
2728 4203 3130 4274 denariorum,
3167 4219 3243 4262 ex
3269 4219 3504 4264 summa

1516 4304 1630 4355 350
1661 4297 1938 4356 librarum
1976 4298 2316 4369 annuatim,
2361 4298 2608 4358 residuis
2637 4303 2948 4359 reservatis
2975 4316 3082 4376 pro
3117 4316 3294 4360 censu
3326 4303 3503 4359 castri

1513 4392 1810 4451 Monterii.
3384 4404 3499 4456 477

1383 4535 1402 4550 .
1433 4490 1715 4549 Hearicus
1723 4490 1953 4568 junior,
1984 4488 2271 4548 F'riden‘ci
2295 4491 2661 4569 imperatoris
2670 4489 2867 4569 filius,
2894 4492 3097 4551 scribit
3122 4494 3243 4568 regi
3271 4492 3500 4568 Auglo-

1511 4605 1645 4648 rum
1674 4590 1969 4647 avunculo
1995 4605 2105 4649 suo
2141 4589 2395 4664 qualiter
2434 4589 2593 4648 fonte
2630 4589 2998 4665 baptismatis
3042 4596 3279 4648 renatus
3320 4589 3500 4649 fuerit

1511 4692 1572 4744 et
1612 4703 1648 4744 a
1685 4692 1847 4762 patre
1881 4686 1956 4745 ad
1996 4692 2193 4762 partes
2229 4686 2464 4745 Italicas
2499 4686 2902 4762 proficiscente
2929 4703 3110 4765 regno
3138 4687 3368 4746 Siciliae
3403 4705 3497 4746 re-

1509 4779 1699 4856 gendo
1730 4779 1905 4839 fuerit
1930 4782 2320 4856 praepositus.
3380 4790 3497 4840 504

3060 4896 3172 4947 ¹26
