4525 6031
1033 626 1155 688 758
2043 633 2473 694 mmmmm
2524 632 2876 695 summm
3473 631 3633 717 [Ami.
3672 632 3851 695 1250.

1032 774 1267 836 nostre
1298 765 1690 837 Gualterius
1731 787 1965 839 comes
2016 769 2421 865 MannpeUi,
2462 767 2757 841 dilectus
2802 765 3159 838 familiaris
3205 776 3278 839 et
3320 765 3548 849 fidelis
3587 778 3851 859 noster,

1031 889 1222 984 quod
1278 912 1437 961 cum
1499 890 1774 962 dederit
1820 893 2175 984 quondam
2211 893 2542 987 magistro
2589 895 2793 966 Petro
2838 891 2930 964 de
2963 892 3182 962 Vinea
3233 890 3571 985 proditori
3615 901 3855 965 nostro

1032 1013 1318 1084 domum
1373 1012 1746 1105 quamdam
1797 1036 2008 1108 quam
2053 1016 2239 1088 idem
2286 1039 2520 1089 comes
2572 1016 2915 1088 habuerat
2965 1016 3036 1086 in
3075 1017 3329 1086 Sancto
3361 1016 3732 1105 Germano,
3784 1026 3856 1088 et

1031 1135 1217 1207 idem
1251 1137 1494 1208 Petrus
1528 1139 2029 1230 permutaverit
2061 1142 2501 1235 postmodum
2538 1141 2823 1212 domum
2857 1140 3076 1235 ipsam
3121 1162 3281 1211 cum
3325 1140 3626 1233 quadam
3669 1141 3855 1235 petia

1033 1267 1215 1328 terre
1249 1278 1459 1350 quam
1491 1256 1830 1331 habuerat
1858 1273 2246 1335 conventus
2283 1263 2671 1335 Casinensis
2702 1263 2770 1334 in
2806 1264 3065 1358 Capua,
3107 1285 3246 1355 que
3281 1284 3468 1334 nunc
3508 1285 3667 1334 cum
3699 1263 3854 1335 aliis

1029 1377 1231 1450 bonis
1264 1380 1578 1471 ejusdem
1600 1382 1782 1453 Petri
1809 1407 1932 1478 per
1948 1396 2259 1457 nostram
2289 1387 2548 1458 curiam
2584 1395 3018 1481 procuratur,
3059 1407 3143 1457 ac
3179 1408 3366 1457 nunc
3396 1387 3850 1480 permutatio-

1028 1524 1192 1576 nem
1219 1504 1437 1598 ipsam
1464 1505 1689 1577 dictus
1720 1529 1951 1580 comes
1979 1511 2292 1581 revocari
2320 1511 2693 1599 desideret,
2728 1511 3012 1583 domum
3033 1510 3352 1582 eamdem
3377 1509 3605 1582 eidem
3619 1511 3853 1582 comiti

1029 1627 1364 1720 resignari
1409 1650 1492 1699 ac
1533 1630 1868 1724 prefatam
1913 1633 2170 1726 petiam
2219 1643 2401 1705 terre
2439 1634 2627 1706 dicto
2656 1634 3033 1706 conventui
3076 1634 3344 1705 restitui
3386 1635 3718 1706 mandare
3762 1634 3851 1706 de
3915 1620 3927 1636 ⁸

1029 1760 1265 1821 nostra
1315 1752 1537 1844 gratia
1592 1753 2062 1845 dignaremur.
2117 1758 2258 1830 Nos
2324 1769 2561 1829 autem
2622 1758 3240 1852 supplicationibus
3289 1758 3431 1828 suis
3484 1758 3852 1850 benignius

1029 1873 1365 1964 inclinati,
1400 1873 1716 1949 fidelitati
1746 1889 1861 1950 tue
1889 1881 2341 1976 precipiendo
2368 1881 2783 1953 mandamus
2800 1891 3144 1975 quatenus
3161 1881 3472 1975 predicta
3495 1893 3850 1976 permuta·

1031 1998 1219 2071 tione
1248 2000 1535 2071 rescissa
1567 2002 1852 2074 domum
1883 2004 2104 2099 ipsam
2134 2005 2361 2078 eidem
2386 2005 2619 2077 comiti
2654 2005 2803 2076 sine
2836 2005 3241 2076 difficultate
3265 2005 3537 2077 restitui
3570 2027 3653 2077 ac
3676 2028 3846 2100 pre·

1030 2121 1288 2193 dictam
1320 2125 1576 2218 petiam
1611 2135 1790 2198 terre
1820 2138 2202 2200 memorato
2229 2129 2605 2201 conventui
2639 2128 2850 2199 facias
2886 2128 3248 2219 resignari.

1124 2247 1373 2316 Datum
1401 2248 1641 2340 Fogie,
1675 2249 1919 2341 quinto
1939 2251 2238 2341 januarii
2258 2303 2279 2341 ‚
2315 2261 2559 2323 octave
2591 2250 3012 2322 indictioniS.

1124 2369 1494 2466 Cupientes
1530 2372 1741 2462 igitur
1784 2374 2243 2467 prescriptum
2283 2374 2641 2470 imperiale
2686 2374 3093 2446 mandatum
3142 2374 3398 2467 exequi
3448 2386 3850 2448 reverenter

1023 2494 1231 2565 celeri
1263 2497 1796 2589 complemento,
1830 2518 1990 2567 cum
2021 2498 2114 2569 ad
2146 2499 2298 2589 ejus
2331 2497 2814 2569 executionem
2847 2520 2989 2569 non
3022 2497 3365 2592 possimus
3393 2500 3851 2592 personaliter

1023 2617 1357 2689 interesse
1394 2619 1629 2690 multis
1659 2620 1811 2690 aliis
1847 2620 2155 2692 serviciis
2190 2621 2381 2692 curie
2414 2620 2795 2715 prepediti,
2838 2621 3167 2715 probitati
3201 2630 3432 2693 vestre
3463 2644 3673 2717 super
3712 2623 3847 2696 hoc

1023 2742 1526 2813 commictimus
1544 2743 1767 2814 vicem
1787 2753 2096 2815 nostram
2121 2766 2213 2814 ex
2235 2744 2575 2839 imperiali
2602 2754 2799 2838 parte
2822 2743 3234 2816 mandantes
3257 2755 3601 2837 quatenus
3622 2747 3847 2819 forma

1022 2866 1314 2959 predicti
1341 2865 1716 2959 imperialis
1754 2865 2062 2937 mandati
2090 2865 2461 2958 diligenter
2498 2868 2837 2963 inspecta,
2868 2869 3073 2960 juxta
3106 2868 3321 2963 ipsius
3347 2870 3844 2942 continentiam

1023 2989 1530 3084 permutatione
1562 2990 1873 3084 predicta
1902 2990 2221 3082 rescissa,
2265 2989 2551 3064 domum
2594 2991 2816 3087 ipsam
2849 2992 3132 3065 domino
3161 2993 3523 3090 Raynaldo
3561 2995 3650 3067 de
3697 2993 3843 3067 Pis·

1023 3112 1177 3184 cina
1210 3114 1459 3184 nuntio
1497 3122 1569 3184 et
1601 3113 2035 3208 procuratori
2078 3115 2370 3209 predicti
2404 3116 2666 3188 domini
2708 3117 2976 3188 comitis
3017 3138 3144 3211 pro
3177 3128 3373 3212 parte
3407 3119 3722 3210 ejusdem
3758 3140 3843 3191 ac

1021 3236 1405 3329 predictam
1452 3237 1707 3330 petiam
1742 3246 1923 3309 terre
1952 3247 2337 3311 memorato
2385 3240 2760 3310 conventui
2793 3240 3106 3311 debeatis
3141 3241 3509 3312 restituere
3546 3251 3618 3312 et
3650 3241 3838 3337 pari-

1027 3370 1130 3431 ter
1174 3359 1565 3451 resignare,
1618 3360 1946 3432 facientes
1988 3358 2139 3432 fieri
2177 3362 2268 3433 de
2315 3361 2746 3434 restitutione
2786 3372 2858 3434 et
2889 3362 3353 3455 resignatione
3391 3365 3704 3459 predicta
3747 3365 3841 3438 ad

1021 3481 1366 3553 cautelam
1411 3491 1719 3553 nostram
1758 3483 2113 3578 publicum
2149 3484 2686 3557 instrumentum
2715 3485 2809 3558 ad
2836 3508 2966 3559 nos
2998 3496 3069 3559 et
3100 3487 3193 3560 ad
3226 3486 3491 3559 curiam
3521 3488 3843 3560 celeriter

1023 3605 1666 3678 transmictendum.

1114 3730 1367 3800 Datum
1391 3728 1679 3825 Ayrole‚
1718 3730 2049 3803 vicesimo
2076 3730 2417 3823 ianuarii,
2451 3742 2696 3804 octave
2729 3732 3151 3804 indictionis.

1115 3852 1325 3946 Cujus
1353 3854 1764 3926 auctoritate
1787 3855 2098 3927 mandati
2126 3855 2354 3927 dictus
2380 3856 2708 3949 magister
2724 3856 3117 3951 Stephanus
3143 3858 3215 3929 in
3248 3857 3596 3951 presentia
3617 3855 3835 3928 nostri

1016 3976 1136 4070 qui
1188 3998 1398 4072 supra
1443 3977 1700 4070 judicis
1746 3989 1817 4050 et
1869 3978 2157 4073 predicti
2210 3978 2495 4069 notarii,
2553 3980 2992 4074 presentibus
3035 3991 3106 4052 et
3148 3979 3241 4051 ad
3284 3980 3418 4053 hoc
3457 3978 3724 4052 vocatis
3766 3988 3839 4051 et

1012 4101 1274 4195 rogatis
1305 4102 1596 4173 testibus
1623 4103 1895 4175 notario
1919 4103 2234 4175 Iohanne
2269 4101 2360 4174 de
2393 4102 2717 4193 Serbato,
2754 4102 3024 4175 notario
3054 4102 3325 4194 Angelo
3354 4104 3443 4175 de
3468 4102 3829 4193 Jennario,

1011 4227 1238 4298 Lauro
1269 4226 1715 4298 Constantino
1736 4279 1757 4315 ,
1790 4227 2085 4299 Martino
2119 4225 2424 4315 notario,
2463 4225 2798 4299 Michaele
2832 4236 2902 4298 et
2930 4226 3241 4299 Iohanne
3283 4226 3372 4299 de
3418 4225 3643 4298 Aucto
3664 4277 3685 4316 ‚
3718 4247 3831 4299 re·

1014 4349 1228 4421 scissa
1262 4349 1771 4443 permutatione
1802 4349 2113 4444 predicta
2137 4352 2344 4441 juxta
2374 4348 2871 4422 continentiam
2902 4350 3080 4421 sacri
3114 4348 3490 4444 imperialis
3521 4349 3834 4423 mandati

1012 4472 1334 4568 superius
1372 4472 1777 4568 exemplati,
1812 4472 2199 4568 predictam
2235 4471 2497 4567 petiam
2538 4482 2719 4544 terre
2770 4473 2966 4545 fratri
3006 4471 3414 4569 Landulpho
3464 4472 3554 4545 de
3605 4472 3831 4544 Pede-

1011 4605 1248 4668 monte
1276 4596 1533 4667 nuncio
1566 4605 1638 4667 et
1657 4595 2085 4690 procuratori
2112 4595 2282 4667 dicti
2307 4607 2693 4668 conventus
2721 4595 3107 4668 Casinensis
3131 4618 3257 4692 pro
3289 4605 3486 4692 parte
3502 4596 3830 4689 ‘ejusdem

1008 4719 1311 4793 restituit
1344 4728 1418 4790 et
1451 4717 1710 4813 pariter
1748 4718 2147 4811 resignavit.
2190 4717 2391 4790 Unde
2429 4718 2522 4791 ad
2552 4719 2858 4792 flaturam
2891 4720 3295 4792 memoriam
3328 4730 3400 4792 et
3431 4731 3572 4791 tam
3605 4718 3831 4815 impe-
