4525 6031
1071 642 1197 705 918
2177 635 2803 700 summanum.

1075 788 1269 849 rator
1285 776 1643 849 revocavit
1670 775 1927 848 dictam
1955 774 2320 847 baroniam
2344 827 2364 862 ,
2397 782 2468 845 et
2494 773 2817 868 princeps
2842 771 3227 844 Mant'ridus
3270 771 3615 845 concessit
3655 771 3901 843 Ioanni

1074 903 1165 974 de
1198 901 1486 973 Procida
1508 954 1528 989 ,
1558 910 1630 971 et
1657 901 2083 972 consistebat
2115 899 2183 969 in
2211 900 2503 988 Caiano,
2526 900 2796 969 Sancto
2824 897 3094 988 Angelo
3127 906 3198 968 et
3226 895 3589 974 Silvitella.

1170 1024 1463 1097 Domino
1515 1023 1820 1095 Goffrido
1871 1023 1960 1094 de
2010 1023 2317 1094 Laviano
2367 1021 2498 1093 suit
2551 1021 2946 1093 restitutum
3007 1030 3311 1092 castrum
3357 1019 3677 1108 Laviani,
3711 1018 3904 1113 quod

1071 1150 1451 1244 imperator
1480 1146 1870 1218 Fridericus
1902 1147 2192 1217 abstulit
2222 1145 2509 1217 domino
2535 1145 2761 1217 Odoni
2782 1197 2805 1230 ‚
2834 1143 3016 1239 patri
3047 1143 3215 1216 dicti
3246 1143 3566 1232 Goffridi,
3603 1143 3680 1212 in
3705 1141 3905 1213 rebel-

1073 1272 1247 1342 lione
1286 1270 1678 1363 Caputacii,
1725 1278 1797 1340 et
1844 1270 2167 1365 princeps
2193 1269 2579 1341 Mant'ridus
2606 1267 2950 1340 concessit
2980 1267 3264 1340 domino
3294 1267 3498 1340 Petro
3529 1266 3618 1339 de
3651 1267 3905 1339 Sancto

1073 1395 1358 1466 Severo,

1167 1516 1539 1606 Riccardo,
1602 1514 1745 1588 filio
1791 1510 2148 1610 quondam
2200 1516 2510 1608 magistri
2559 1516 2835 1609 Rogerii
2870 1515 2960 1587 de
2993 1514 3311 1604 Camera,
3349 1514 3478 1585 fuit
3508 1514 3904 1586 restitutum

1070 1650 1374 1713 castrum
1411 1642 1708 1732 Fegore,
1762 1639 1954 1732 quod
2008 1650 2317 1734 tempore
2351 1639 2700 1735 'principis
2736 1638 3061 1712 Mansridi
3117 1639 3339 1710 tenuit
3367 1638 3772 1710 Franciscus
3813 1638 3905 1709 de

1067 1764 1517 1852 HermiteriO,
1586 1786 1712 1858 pro
1765 1774 1961 1858 parte
2013 1763 2294 1837 domine
2353 1765 2622 1855 Sibilie,
2682 1764 2927 1836 uxoris
2970 1785 3136 1852 sue,
3182 1785 3319 1856 que
3360 1763 3490 1835 suit
3523 1783 3705 1835 uxor
3737 1763 3905 1835 dicti

1069 1888 1383 1980 magistri
1415 1887 1715 1980 Rogerii.

1168 2013 1518 2084 Manerius
1559 2012 1647 2084 de
1683 2012 1943 2083 Baiano
1971 2022 2042 2083 et
2068 2011 2370 2084 Iacobus
2401 2013 2615 2084 frater
2647 2010 2912 2083 habent
2943 2009 3448 2082 restitutionem
3484 2010 3691 2082 castri
3717 2011 3903 2095 Qua·

1077 2137 1282 2226 lette,
1331 2135 1523 2228 quod
1574 2144 1879 2207 castrum
1926 2144 2236 2229 tempore
2287 2135 2617 2230 principis
2641 2135 2979 2207 Manfredi
3014 2134 3234 2206 tenuit
3259 2155 3494 2206 comes
3524 2135 3900 2206 Galvanus.

1172 2260 1467 2331 Domino
1493 2260 1832 2332 Riccardo
1860 2261 1949 2331 de
1981 2258 2305 2331 Bisacciis
2341 2260 2471 2330 suit
2506 2260 2823 2331 restituta
2845 2258 3147 2330 Bisaccia
3167 2311 3186 2345 ‚
3218 2258 3308 2330 de
3340 2281 3478 2351 qua
3498 2258 3630 2329 suit
3651 2259 3907 2352 spolia-

1077 2392 1188 2454 tus
1243 2383 1335 2454 ab
1395 2383 1809 2476 imperatore
1874 2381 2265 2471 Frideric0,
2339 2393 2626 2474 tempore
2679 2383 3059 2453 rebellionis
3125 2382 3513 2479 Caputacii,
3583 2382 3909 2454 dominus

1077 2506 1451 2578 Riccardus
1504 2506 1593 2577 de
1642 2505 1999 2593 Bisacciis,
2057 2506 2207 2596 ejus
2262 2527 2475 2594 avus,
2533 2517 2605 2577 et
2658 2506 2788 2576 fuit
2833 2505 3090 2577 donata
3127 2528 3168 2577 a
3216 2505 3527 2601 principe
3561 2507 3906 2580 Manfrido

1077 2630 1362 2702 domino
1392 2628 1628 2701 comiti
1656 2628 2010 2701 Acerrano
2035 2638 2100 2699 et
2136 2639 2379 2722 postea
2415 2628 2700 2701 domino
2737 2628 3044 2701 Mattheo
3070 2628 3160 2701 de
3192 2630 3607 2719 Monticulo,
3645 2640 3716 2701 et
3748 2652 3911 2702 me-

1078 2753 1302 2824 dietas
1355 2753 1602 2824 casalis
1655 2752 1890 2824 Sancti
1940 2752 2282 2825 Leonardi
2326 2761 2398 2824 et
2438 2761 2738 2823 castrum
2779 2752 3091 2825 Corbane
3124 2753 3192 2823 in
3228 2752 3668 2825 excambium
3703 2755 3911 2826 castri

1077 2878 1397 2966 Labelle,
1455 2877 1646 2971 quod
1693 2875 1977 2948 retinuit
2019 2876 2345 2949 dominus
2389 2898 2519 2947 rex
2566 2876 2849 2948 Carolus
2894 2877 3199 2971 primus3
3237 2887 3309 2949 et
3334 2877 3466 2950 fuit
3502 2899 3907 2950 concessum

1080 3002 1171 3072 ab
1204 3002 1619 3096 imperatore
1644 2999 2014 3073 Frederico
2040 3000 2328 3073 domino
2356 2999 2727 3088 RiccardO,
2759 3022 2895 3074 avo
2927 2999 3193 3074 domini
3212 3000 3530 3074 Riccardi
3555 3011 3635 3074 ut
3666 3024 3902 3098 supra,

1082 3136 1153 3198 et
1188 3126 1514 3198 dominus
1539 3125 1914 3198 Riccardus
1949 3126 2299 3197 maritavit
2324 3146 2631 3198 sororem
2655 3146 2852 3196 suam
2888 3135 3198 3219 tempore
3228 3126 3637 3198 turbationis
3663 3127 3907 3199 Corra-

1082 3249 1265 3338 dini,
1303 3250 1451 3320 sine
1487 3249 1764 3320 licentia
1814 3249 2030 3341 regis,
2083 3258 2153 3320 et
2192 3249 2389 3321 dedit
2428 3248 2500 3318 in
2538 3269 2834 3320 uxorem
2876 3249 3161 3323 domino
3191 3247 3499 3322 Mattheo
3529 3249 3620 3321 de
3650 3250 3904 3322 Monti-

1082 3373 1276 3461 culo,
1313 3370 1649 3465 proditori
1683 3370 1898 3462 regiS,
1931 3391 2089 3441 cum
2118 3370 2491 3442 medietate
2528 3371 3012 3442 Bisacciarum.

1180 3494 1474 3566 Domine
1502 3492 1922 3584 Zaffredine,
1955 3491 2095 3566 filie
2118 3493 2473 3585 quondam
2499 3495 2749 3566 Marini
2782 3494 2873 3566 de
2909 3495 3170 3581 Ebulo‚
3205 3503 3277 3566 et
3307 3494 3591 3567 domino
3618 3494 3910 3567 Thoma-

1082 3618 1188 3690 sio
1219 3617 1309 3689 de
1337 3616 1618 3711 Aquino
1637 3669 1658 3706 ,
1715 3617 1864 3708 ejus
1896 3616 2048 3690 viro
2069 3669 2089 3707 ,
2126 3618 2257 3689 fuit
2288 3618 2684 3689 restitutum
2714 3628 3017 3691 castrum
3053 3618 3287 3690 Sancti
3314 3618 3587 3691 Martini
3620 3619 3690 3689 in
3723 3621 3908 3692 valle

1081 3741 1389 3814 Caudina
1462 3762 1623 3812 cnm
1679 3741 2056 3832 casalibus,
2118 3750 2289 3830 etc„
2334 3750 2505 3832 etc.;
2566 3741 2759 3834 quod
2810 3751 3116 3814 castrum
3175 3742 3407 3815 Sancti
3464 3743 3733 3815 Martini
3780 3744 3913 3815 fuit

1084 3864 1348 3937 domini
1394 3862 1637 3935 Marini
1680 3864 1768 3935 de
1811 3864 2073 3954 Ebulo,
2109 3873 2181 3934 et
2212 3865 2539 3959 princeps
2560 3865 2943 3937 Mansridus
2966 3867 3130 3938 fecit
3165 3888 3325 3937 eum
3353 3867 3578 3939 cecari
3605 3877 3677 3939 et
3704 3888 3906 3940 revo-

1082 3989 1267 4061 cavit
1294 3988 1562 4062 dictnm
1594 3998 1897 4059 castrum
1931 3997 2003 4060 et
2036 3988 2381 4060 concessit
2406 3988 2692 4060 domino
2723 3989 3027 4061 Corrado
3048 3989 3356 4084 Capicio,
3394 3999 3467 4061 et
3490 3989 3747 4062 deinde
3778 3990 3909 4061 fuit

1080 4114 1264 4185 facta
1305 4112 1492 4185 dicta
1528 4111 1872 4183 restitutio
1913 4111 2098 4184 dicte
2139 4111 2524 4183 Zaffredine
2564 4132 2607 4182 a
2646 4112 2890 4184 Carolo
2926 4114 3191 4207 primo;
3228 4122 3301 4185 et
3323 4112 3549 4185 dictus
3584 4106 3915 4209 princeps

1080 4237 1246 4310 fecit
1284 4256 1642 4307 carcerare
1688 4235 2047 4307 dominum
2099 4235 2442 4307 Marinum
2489 4244 2562 4306 et
2599 4232 2819 4306 filium
2850 4235 3264 4309 Riccardum
3301 4236 3372 4307 in
3403 4246 3631 4309 castro
3657 4239 3908 4309 Sancte

1083 4360 1300 4433 Marie
1334 4355 1482 4455 [de]
1527 4359 1799 4446 Monte,
1846 4368 1918 4430 et
1967 4357 2130 4429 fecit
2174 4378 2296 4430 eos
2352 4357 2619 4447 cecari,
2679 4365 2751 4429 et
2803 4359 3060 4431 mortni
3098 4360 3414 4450 fuerunt3
3467 4369 3540 4431 et
3587 4358 3909 4432 dominus

1084 4483 1393 4556 Marinus
1435 4482 1603 4553 emit
1643 4482 1907 4552 dictum
1943 4491 2244 4552 castrum
2285 4482 2377 4552 ab
2408 4480 2779 4574 Adelagia,
2817 4483 2970 4573 ejus
2999 4504 3249 4555 uxore.
3286 4484 3641 4556 Comitisse
3668 4485 3907 4556 Caser·

1093 4616 1252 4678 tane
1297 4605 1428 4678 suit
1457 4604 1853 4677 restitutum
1882 4614 2185 4675 castrum
2220 4605 2557 4677 Montoris
2587 4626 2747 4676 cnm
2782 4606 3164 4697 casalibus,
3200 4607 3393 4701 quod
3425 4616 3576 4679 erat
3595 4629 3723 4702 pro
3754 4628 3904 4678 me·

1087 4728 1391 4818 dietate,
1426 4738 1738 4823 tempore
1768 4727 2206 4822 imperatoris
2235 4727 2615 4818 Frederici,
2654 4729 2745 4801 de
2773 4728 3128 4802 demanio.
