<?xml version="1.0" encoding="UTF-8"?>
<!DOCTYPE html PUBLIC "-//W3C//DTD XHTML 1.0 Transitional//EN"
    "http://www.w3.org/TR/xhtml1/DTD/xhtml1-transitional.dtd">
<html xmlns="http://www.w3.org/1999/xhtml" xml:lang="en" lang="en">
 <head>
  <title>
</title>
<meta http-equiv="Content-Type" content="text/html;charset=utf-8" />
  <meta name='ocr-system' content='tesseract 3.04.00' />
  <meta name='ocr-capabilities' content='ocr_page ocr_carea ocr_par ocr_line ocrx_word'/>
</head>
<body>
  <div class='ocr_page' id='page_1' title='image "./historiadiploma01empegoog_0182.png"; bbox 0 0 4525 6031; ppageno 0'>
   <div class='ocr_carea' id='block_1_1' title="bbox 1072 653 3873 732">
    <p class='ocr_par' dir='ltr' id='par_1_1' title="bbox 1072 653 3873 732">
     <span class='ocr_line' id='line_1_1' title="bbox 1072 653 3873 732; baseline -0.003 -11"><span class='ocrx_word' id='word_1_1' title='bbox 1072 661 1192 724; x_wconf 73' lang='lat'><strong>724</strong></span> <span class='ocrx_word' id='word_1_2' title='bbox 2055 660 2484 723; x_wconf 62' lang='lat' dir='ltr'><strong>vammum</strong></span> <span class='ocrx_word' id='word_1_3' title='bbox 2530 657 2888 722; x_wconf 70' lang='lat' dir='ltr'><strong>suenum</strong></span> <span class='ocrx_word' id='word_1_4' title='bbox 3495 653 3659 732; x_wconf 72' lang='lat' dir='ltr'><strong>[Arm.</strong></span> <span class='ocrx_word' id='word_1_5' title='bbox 3695 653 3873 716; x_wconf 74' lang='lat'>1249.</span> 
     </span>
    </p>
   </div>
   <div class='ocr_carea' id='block_1_2' title="bbox 1066 786 3895 4592">
    <p class='ocr_par' dir='ltr' id='par_1_2' title="bbox 1066 786 3881 1262">
     <span class='ocr_line' id='line_1_2' title="bbox 1070 786 3880 891; baseline -0.004 -22"><span class='ocrx_word' id='word_1_6' title='bbox 1070 807 1538 891; x_wconf 86' lang='lat' dir='ltr'><strong>presentatam</strong></span> <span class='ocrx_word' id='word_1_7' title='bbox 1585 796 1919 869; x_wconf 80' lang='lat' dir='ltr'><strong>mittimus</strong></span> <span class='ocrx_word' id='word_1_8' title='bbox 1965 796 2087 870; x_wconf 88' lang='lat' dir='ltr'><strong>tihi</strong></span> <span class='ocrx_word' id='word_1_9' title='bbox 2130 796 2572 890; x_wconf 80' lang='lat' dir='ltr'>presentibus</span> <span class='ocrx_word' id='word_1_10' title='bbox 2615 794 3099 880; x_wconf 84' lang='lat' dir='ltr'><strong>interclusam,</strong></span> <span class='ocrx_word' id='word_1_11' title='bbox 3168 801 3286 862; x_wconf 91' lang='lat' dir='ltr'><strong>tue</strong></span> <span class='ocrx_word' id='word_1_12' title='bbox 3325 786 3640 861; x_wconf 86' lang='lat' dir='ltr'><strong>filiationi</strong></span> <span class='ocrx_word' id='word_1_13' title='bbox 3684 809 3880 859; x_wconf 86' lang='lat' dir='ltr'><strong>man·</strong></span> 
     </span>
     <span class='ocr_line' id='line_1_3' title="bbox 1070 912 3881 1017; baseline -0.004 -24"><span class='ocrx_word' id='word_1_14' title='bbox 1070 920 1315 993; x_wconf 84' lang='lat' dir='ltr'><strong>dantes</strong></span> <span class='ocrx_word' id='word_1_15' title='bbox 1339 930 1685 1012; x_wconf 88' lang='lat' dir='ltr'><strong>quatenus</strong></span> <span class='ocrx_word' id='word_1_16' title='bbox 1711 920 2060 1017; x_wconf 80' lang='lat' dir='ltr'><strong>petitionis</strong></span> <span class='ocrx_word' id='word_1_17' title='bbox 2086 919 2402 1012; x_wconf 89' lang='lat' dir='ltr'><strong>ejusdem</strong></span> <span class='ocrx_word' id='word_1_18' title='bbox 2432 928 2669 991; x_wconf 92' lang='lat' dir='ltr'><strong>tenore</strong></span> <span class='ocrx_word' id='word_1_19' title='bbox 2698 916 3067 1009; x_wconf 78' lang='lat' dir='ltr'><strong>diligenter</strong></span> <span class='ocrx_word' id='word_1_20' title='bbox 3086 914 3438 1009; x_wconf 79' lang='lat' dir='ltr'><strong>inspecte,</strong></span> <span class='ocrx_word' id='word_1_21' title='bbox 3473 913 3685 985; x_wconf 81' lang='lat' dir='ltr'><strong>facias</strong></span> <span class='ocrx_word' id='word_1_22' title='bbox 3716 912 3881 985; x_wconf 91' lang='lat' dir='ltr'><strong>inde</strong></span> 
     </span>
     <span class='ocr_line' id='line_1_4' title="bbox 1067 1034 3878 1138; baseline -0.004 -22"><span class='ocrx_word' id='word_1_23' title='bbox 1067 1043 1259 1136; x_wconf 91' lang='lat' dir='ltr'><strong>quod</strong></span> <span class='ocrx_word' id='word_1_24' title='bbox 1285 1043 1534 1116; x_wconf 90' lang='lat' dir='ltr'><strong>honori</strong></span> <span class='ocrx_word' id='word_1_25' title='bbox 1558 1055 1822 1135; x_wconf 89' lang='lat' dir='ltr'><strong>nostro,</strong></span> <span class='ocrx_word' id='word_1_26' title='bbox 1850 1045 1994 1135; x_wconf 85' lang='lat' dir='ltr'><strong>juri</strong></span> <span class='ocrx_word' id='word_1_27' title='bbox 2018 1054 2090 1116; x_wconf 93' lang='lat' dir='ltr'><strong>et</strong></span> <span class='ocrx_word' id='word_1_28' title='bbox 2106 1043 2373 1138; x_wconf 86' lang='lat' dir='ltr'><strong>justitie</strong></span> <span class='ocrx_word' id='word_1_29' title='bbox 2405 1052 2475 1114; x_wconf 92' lang='lat' dir='ltr'><strong>et</strong></span> <span class='ocrx_word' id='word_1_30' title='bbox 2505 1041 2821 1135; x_wconf 82' lang='lat' dir='ltr'><strong>qualitati</strong></span> <span class='ocrx_word' id='word_1_31' title='bbox 2855 1039 3115 1131; x_wconf 80' lang='lat' dir='ltr'><strong>negotii</strong></span> <span class='ocrx_word' id='word_1_32' title='bbox 3146 1035 3446 1135; x_wconf 86' lang='lat' dir='ltr'><strong>[videris</strong></span> <span class='ocrx_word' id='word_1_33' title='bbox 3474 1034 3878 1134; x_wconf 78' lang='lat' dir='ltr'><strong>expedireJ.</strong></span> 
     </span>
     <span class='ocr_line' id='line_1_5' title="bbox 1066 1164 3156 1262; baseline -0.004 -20"><span class='ocrx_word' id='word_1_34' title='bbox 1066 1168 1319 1242; x_wconf 82' lang='lat' dir='ltr'><strong>Datum</strong></span> <span class='ocrx_word' id='word_1_35' title='bbox 1364 1167 1655 1241; x_wconf 88' lang='lat' dir='ltr'><strong>Ficeclio</strong></span> <span class='ocrx_word' id='word_1_36' title='bbox 1680 1219 1701 1256; x_wconf 91' lang='lat'><strong>,</strong></span> <span class='ocrx_word' id='word_1_37' title='bbox 1739 1167 2075 1258; x_wconf 83' lang='lat' dir='ltr'><strong>vigesimo</strong></span> <span class='ocrx_word' id='word_1_38' title='bbox 2118 1167 2390 1262; x_wconf 90' lang='lat' dir='ltr'><strong>aprilis,</strong></span> <span class='ocrx_word' id='word_1_39' title='bbox 2428 1166 2722 1261; x_wconf 90' lang='lat' dir='ltr'><strong>septima</strong></span> <span class='ocrx_word' id='word_1_40' title='bbox 2748 1164 3156 1237; x_wconf 81' lang='lat' dir='ltr'><strong>indictione.</strong></span> 
     </span>
    </p>

    <p class='ocr_par' dir='ltr' id='par_1_3' title="bbox 1066 1286 3893 3584">
     <span class='ocr_line' id='line_1_6' title="bbox 1164 1286 3883 1384; baseline -0.001 -24"><span class='ocrx_word' id='word_1_41' title='bbox 1164 1291 1387 1361; x_wconf 90' lang='lat' dir='ltr'><strong>Tenor</strong></span> <span class='ocrx_word' id='word_1_42' title='bbox 1414 1291 1612 1381; x_wconf 90' lang='lat' dir='ltr'><strong>cujus</strong></span> <span class='ocrx_word' id='word_1_43' title='bbox 1651 1291 2000 1384; x_wconf 85' lang='lat' dir='ltr'><strong>petitionis</strong></span> <span class='ocrx_word' id='word_1_44' title='bbox 2033 1291 2191 1362; x_wconf 89' lang='lat' dir='ltr'><strong>talis</strong></span> <span class='ocrx_word' id='word_1_45' title='bbox 2214 1299 2322 1364; x_wconf 90' lang='lat' dir='ltr'><strong>est</strong></span> <span class='ocrx_word' id='word_1_46' title='bbox 2349 1316 2368 1361; x_wconf 75' lang='grc' dir='ltr'><strong><em>ε</em></strong></span> <span class='ocrx_word' id='word_1_47' title='bbox 2402 1287 2806 1382; x_wconf 80' lang='lat' dir='ltr'><strong>Significant</strong></span> <span class='ocrx_word' id='word_1_48' title='bbox 2829 1286 3271 1382; x_wconf 87' lang='lat' dir='ltr'><strong>imperatorie</strong></span> <span class='ocrx_word' id='word_1_49' title='bbox 3297 1286 3641 1377; x_wconf 86' lang='lat' dir='ltr'><strong>majestati</strong></span> <span class='ocrx_word' id='word_1_50' title='bbox 3662 1286 3883 1359; x_wconf 85' lang='lat' dir='ltr'><strong>abbas</strong></span> 
     </span>
     <span class='ocr_line' id='line_1_7' title="bbox 1066 1408 3883 1504; baseline -0.002 -18"><span class='ocrx_word' id='word_1_51' title='bbox 1066 1424 1138 1487; x_wconf 90' lang='lat' dir='ltr'><strong>et</strong></span> <span class='ocrx_word' id='word_1_52' title='bbox 1162 1424 1548 1486; x_wconf 89' lang='lat' dir='ltr'><strong>conventus</strong></span> <span class='ocrx_word' id='word_1_53' title='bbox 1572 1414 1805 1487; x_wconf 78' lang='lat' dir='ltr'><strong>Sancti</strong></span> <span class='ocrx_word' id='word_1_54' title='bbox 1831 1415 2206 1487; x_wconf 79' lang='lat' dir='ltr'><strong>Salvatoris</strong></span> <span class='ocrx_word' id='word_1_55' title='bbox 2254 1414 2346 1486; x_wconf 90' lang='lat' dir='ltr'><strong>de</strong></span> <span class='ocrx_word' id='word_1_56' title='bbox 2375 1415 2608 1486; x_wconf 88' lang='lat' dir='ltr'><strong>Monte</strong></span> <span class='ocrx_word' id='word_1_57' title='bbox 2652 1410 2930 1484; x_wconf 88' lang='lat' dir='ltr'><strong>Amiato</strong></span> <span class='ocrx_word' id='word_1_58' title='bbox 2964 1409 3155 1504; x_wconf 90' lang='lat' dir='ltr'><strong>quod</strong></span> <span class='ocrx_word' id='word_1_59' title='bbox 3192 1431 3352 1481; x_wconf 93' lang='lat' dir='ltr'><strong>cum</strong></span> <span class='ocrx_word' id='word_1_60' title='bbox 3391 1430 3436 1480; x_wconf 92' lang='lat' dir='ltr'><strong>a</strong></span> <span class='ocrx_word' id='word_1_61' title='bbox 3469 1408 3649 1481; x_wconf 87' lang='lat' dir='ltr'><strong>divis</strong></span> <span class='ocrx_word' id='word_1_62' title='bbox 3696 1419 3883 1480; x_wconf 90' lang='lat' dir='ltr'><strong>retro</strong></span> 
     </span>
     <span class='ocr_line' id='line_1_8' title="bbox 1066 1529 3884 1631; baseline -0.002 -21"><span class='ocrx_word' id='word_1_63' title='bbox 1066 1536 1494 1631; x_wconf 91' lang='lat' dir='ltr'><strong>principibus</strong></span> <span class='ocrx_word' id='word_1_64' title='bbox 1526 1537 1659 1631; x_wconf 88' lang='lat' dir='ltr'><strong>ipsi</strong></span> <span class='ocrx_word' id='word_1_65' title='bbox 1682 1537 2101 1610; x_wconf 87' lang='lat' dir='ltr'><strong>monasterio</strong></span> <span class='ocrx_word' id='word_1_66' title='bbox 2128 1538 2337 1609; x_wconf 77' lang='lat' dir='ltr'><strong>fuerit</strong></span> <span class='ocrx_word' id='word_1_67' title='bbox 2367 1557 2773 1608; x_wconf 85' lang='lat' dir='ltr'><strong>concessum</strong></span> <span class='ocrx_word' id='word_1_68' title='bbox 2801 1543 2872 1607; x_wconf 88' lang='lat' dir='ltr'><strong>et</strong></span> <span class='ocrx_word' id='word_1_69' title='bbox 2899 1557 2942 1606; x_wconf 90' lang='lat' dir='ltr'><strong>a</strong></span> <span class='ocrx_word' id='word_1_70' title='bbox 2972 1542 3209 1606; x_wconf 89' lang='lat' dir='ltr'><strong>nostra</strong></span> <span class='ocrx_word' id='word_1_71' title='bbox 3234 1531 3384 1629; x_wconf 76' lang='lat' dir='ltr'><strong>(sic)</strong></span> <span class='ocrx_word' id='word_1_72' title='bbox 3402 1529 3884 1604; x_wconf 84' lang='lat' dir='ltr'><strong>munificencia</strong></span> 
     </span>
     <span class='ocr_line' id='line_1_9' title="bbox 1066 1656 3886 1755; baseline -0.002 -22"><span class='ocrx_word' id='word_1_73' title='bbox 1066 1657 1549 1733; x_wconf 82' lang='lat' dir='ltr'><strong>confirmatum</strong></span> <span class='ocrx_word' id='word_1_74' title='bbox 1593 1660 1786 1755; x_wconf 90' lang='lat' dir='ltr'><strong>apud</strong></span> <span class='ocrx_word' id='word_1_75' title='bbox 1824 1662 2106 1734; x_wconf 89' lang='lat' dir='ltr'><strong>Plebem</strong></span> <span class='ocrx_word' id='word_1_76' title='bbox 2139 1660 2233 1733; x_wconf 92' lang='lat' dir='ltr'><strong>de</strong></span> <span class='ocrx_word' id='word_1_77' title='bbox 2278 1661 2563 1731; x_wconf 85' lang='lat' dir='ltr'><strong>Lamula</strong></span> <span class='ocrx_word' id='word_1_78' title='bbox 2601 1670 2985 1731; x_wconf 86' lang='lat' dir='ltr'><strong>mercatum</strong></span> <span class='ocrx_word' id='word_1_79' title='bbox 3034 1657 3477 1729; x_wconf 88' lang='lat' dir='ltr'><strong>sabbatinum</strong></span> <span class='ocrx_word' id='word_1_80' title='bbox 3519 1656 3777 1727; x_wconf 87' lang='lat' dir='ltr'><strong>habere</strong></span> <span class='ocrx_word' id='word_1_81' title='bbox 3812 1665 3886 1727; x_wconf 86' lang='lat' dir='ltr'><strong>et</strong></span> 
     </span>
     <span class='ocr_line' id='line_1_10' title="bbox 1068 1783 3885 1879; baseline -0 -26"><span class='ocrx_word' id='word_1_82' title='bbox 1068 1784 1139 1853; x_wconf 92' lang='lat' dir='ltr'><strong>in</strong></span> <span class='ocrx_word' id='word_1_83' title='bbox 1177 1784 1610 1877; x_wconf 87' lang='lat' dir='ltr'><strong>possessione</strong></span> <span class='ocrx_word' id='word_1_84' title='bbox 1637 1784 1811 1876; x_wconf 87' lang='lat' dir='ltr'><strong>juris</strong></span> <span class='ocrx_word' id='word_1_85' title='bbox 1845 1784 2062 1879; x_wconf 89' lang='lat' dir='ltr'><strong>ipsius</strong></span> <span class='ocrx_word' id='word_1_86' title='bbox 2101 1785 2386 1857; x_wconf 81' lang='lat' dir='ltr'><strong>mercati</strong></span> <span class='ocrx_word' id='word_1_87' title='bbox 2422 1792 2617 1856; x_wconf 86' lang='lat' dir='ltr'><strong>tanto</strong></span> <span class='ocrx_word' id='word_1_88' title='bbox 2646 1793 2962 1878; x_wconf 84' lang='lat' dir='ltr'><strong>tempore</strong></span> <span class='ocrx_word' id='word_1_89' title='bbox 2992 1783 3193 1874; x_wconf 89' lang='lat' dir='ltr'><strong>cujus</strong></span> <span class='ocrx_word' id='word_1_90' title='bbox 3224 1802 3365 1852; x_wconf 93' lang='lat' dir='ltr'><strong>non</strong></span> <span class='ocrx_word' id='word_1_91' title='bbox 3400 1789 3594 1852; x_wconf 84' lang='lat' dir='ltr'><strong>extat</strong></span> <span class='ocrx_word' id='word_1_92' title='bbox 3632 1799 3885 1852; x_wconf 88' lang='lat' dir='ltr'><strong>memo-</strong></span> 
     </span>
     <span class='ocr_line' id='line_1_11' title="bbox 1068 1904 3885 1998; baseline 0 -23"><span class='ocrx_word' id='word_1_93' title='bbox 1068 1905 1169 1977; x_wconf 90' lang='lat' dir='ltr'><strong>ria</strong></span> <span class='ocrx_word' id='word_1_94' title='bbox 1212 1907 1462 1994; x_wconf 86' lang='lat' dir='ltr'><strong>fuerit,</strong></span> <span class='ocrx_word' id='word_1_95' title='bbox 1498 1907 1910 1978; x_wconf 80' lang='lat' dir='ltr'><strong>universitas</strong></span> <span class='ocrx_word' id='word_1_96' title='bbox 1937 1908 2144 1980; x_wconf 88' lang='lat' dir='ltr'><strong>castri</strong></span> <span class='ocrx_word' id='word_1_97' title='bbox 2191 1907 2281 1979; x_wconf 93' lang='lat' dir='ltr'><strong>de</strong></span> <span class='ocrx_word' id='word_1_98' title='bbox 2325 1906 2697 1980; x_wconf 88' lang='lat' dir='ltr'><strong>Arcidosso</strong></span> <span class='ocrx_word' id='word_1_99' title='bbox 2728 1907 3023 1978; x_wconf 88' lang='lat' dir='ltr'><strong>instituit</strong></span> <span class='ocrx_word' id='word_1_100' title='bbox 3068 1904 3419 1998; x_wconf 91' lang='lat' dir='ltr'><strong>quoddam</strong></span> <span class='ocrx_word' id='word_1_101' title='bbox 3465 1904 3658 1976; x_wconf 90' lang='lat' dir='ltr'><strong>aliud</strong></span> <span class='ocrx_word' id='word_1_102' title='bbox 3694 1926 3885 1976; x_wconf 89' lang='lat' dir='ltr'><strong>mer-</strong></span> 
     </span>
     <span class='ocr_line' id='line_1_12' title="bbox 1069 2030 3886 2126; baseline 0.001 -25"><span class='ocrx_word' id='word_1_103' title='bbox 1069 2039 1298 2101; x_wconf 88' lang='lat' dir='ltr'><strong>catum</strong></span> <span class='ocrx_word' id='word_1_104' title='bbox 1336 2031 1612 2125; x_wconf 90' lang='lat' dir='ltr'><strong>propria</strong></span> <span class='ocrx_word' id='word_1_105' title='bbox 1643 2033 2053 2104; x_wconf 87' lang='lat' dir='ltr'><strong>auctoritate</strong></span> <span class='ocrx_word' id='word_1_106' title='bbox 2106 2034 2179 2103; x_wconf 91' lang='lat' dir='ltr'><strong>iu</strong></span> <span class='ocrx_word' id='word_1_107' title='bbox 2238 2035 2393 2104; x_wconf 91' lang='lat' dir='ltr'><strong>loco</strong></span> <span class='ocrx_word' id='word_1_108' title='bbox 2429 2034 2551 2126; x_wconf 93' lang='lat' dir='ltr'><strong>qui</strong></span> <span class='ocrx_word' id='word_1_109' title='bbox 2597 2032 2848 2105; x_wconf 91' lang='lat' dir='ltr'><strong>dicitur</strong></span> <span class='ocrx_word' id='word_1_110' title='bbox 2881 2030 3256 2105; x_wconf 90' lang='lat' dir='ltr'><strong>Maladaria</strong></span> <span class='ocrx_word' id='word_1_111' title='bbox 3289 2030 3479 2124; x_wconf 93' lang='lat' dir='ltr'><strong>quod</strong></span> <span class='ocrx_word' id='word_1_112' title='bbox 3512 2030 3725 2103; x_wconf 89' lang='lat' dir='ltr'><strong>distat</strong></span> <span class='ocrx_word' id='word_1_113' title='bbox 3757 2053 3886 2126; x_wconf 93' lang='lat' dir='ltr'><strong>per</strong></span> 
     </span>
     <span class='ocr_line' id='line_1_13' title="bbox 1074 2152 3882 2250; baseline 0.001 -28"><span class='ocrx_word' id='word_1_114' title='bbox 1074 2152 1374 2223; x_wconf 90' lang='lat' dir='ltr'><strong>medium</strong></span> <span class='ocrx_word' id='word_1_115' title='bbox 1425 2153 1687 2224; x_wconf 90' lang='lat' dir='ltr'><strong>miliare</strong></span> <span class='ocrx_word' id='word_1_116' title='bbox 1721 2175 1966 2249; x_wconf 89' lang='lat' dir='ltr'><strong>parum</strong></span> <span class='ocrx_word' id='word_1_117' title='bbox 1999 2155 2230 2226; x_wconf 91' lang='lat' dir='ltr'><strong>minus</strong></span> <span class='ocrx_word' id='word_1_118' title='bbox 2270 2177 2313 2227; x_wconf 93' lang='lat' dir='ltr'><strong>a</strong></span> <span class='ocrx_word' id='word_1_119' title='bbox 2353 2156 2557 2250; x_wconf 89' lang='lat' dir='ltr'><strong>plebe</strong></span> <span class='ocrx_word' id='word_1_120' title='bbox 2589 2154 2927 2250; x_wconf 88' lang='lat' dir='ltr'><strong>predicta,</strong></span> <span class='ocrx_word' id='word_1_121' title='bbox 2963 2176 3088 2249; x_wconf 92' lang='lat' dir='ltr'><strong>per</strong></span> <span class='ocrx_word' id='word_1_122' title='bbox 3132 2153 3318 2246; x_wconf 93' lang='lat' dir='ltr'><strong>quod</strong></span> <span class='ocrx_word' id='word_1_123' title='bbox 3369 2162 3675 2224; x_wconf 90' lang='lat' dir='ltr'><strong>mercato</strong></span> <span class='ocrx_word' id='word_1_124' title='bbox 3717 2153 3882 2225; x_wconf 89' lang='lat' dir='ltr'><strong>dicti</strong></span> 
     </span>
     <span class='ocr_line' id='line_1_14' title="bbox 1071 2276 3883 2373; baseline 0 -26"><span class='ocrx_word' id='word_1_125' title='bbox 1071 2276 1469 2349; x_wconf 85' lang='lat' dir='ltr'><strong>monasterii</strong></span> <span class='ocrx_word' id='word_1_126' title='bbox 1504 2276 1782 2372; x_wconf 88' lang='lat' dir='ltr'><strong>penitus</strong></span> <span class='ocrx_word' id='word_1_127' title='bbox 1825 2277 2224 2370; x_wconf 78' lang='lat' dir='ltr'><strong>derogatur.</strong></span> <span class='ocrx_word' id='word_1_128' title='bbox 2265 2278 2465 2351; x_wconf 89' lang='lat' dir='ltr'><strong>Unde</strong></span> <span class='ocrx_word' id='word_1_129' title='bbox 2510 2278 2892 2350; x_wconf 82' lang='lat' dir='ltr'><strong>Pandulfus</strong></span> <span class='ocrx_word' id='word_1_130' title='bbox 2928 2277 3020 2350; x_wconf 88' lang='lat' dir='ltr'><strong>de</strong></span> <span class='ocrx_word' id='word_1_131' title='bbox 3052 2276 3433 2349; x_wconf 89' lang='lat' dir='ltr'><strong>Fasianella</strong></span> <span class='ocrx_word' id='word_1_132' title='bbox 3463 2290 3630 2349; x_wconf 91' lang='lat' dir='ltr'><strong>tunc</strong></span> <span class='ocrx_word' id='word_1_133' title='bbox 3663 2276 3883 2373; x_wconf 90' lang='lat' dir='ltr'><strong>impe-</strong></span> 
     </span>
     <span class='ocr_line' id='line_1_15' title="bbox 1071 2399 3893 2501; baseline 0.002 -33"><span class='ocrx_word' id='word_1_134' title='bbox 1071 2399 1258 2472; x_wconf 84' lang='lat' dir='ltr'><strong>rialis</strong></span> <span class='ocrx_word' id='word_1_135' title='bbox 1285 2399 1354 2469; x_wconf 92' lang='lat' dir='ltr'><strong>in</strong></span> <span class='ocrx_word' id='word_1_136' title='bbox 1378 2400 1620 2471; x_wconf 90' lang='lat' dir='ltr'><strong>Tuscia</strong></span> <span class='ocrx_word' id='word_1_137' title='bbox 1654 2401 1948 2472; x_wconf 90' lang='lat' dir='ltr'><strong>vicarius</strong></span> <span class='ocrx_word' id='word_1_138' title='bbox 1978 2401 2323 2493; x_wconf 79' lang='lat' dir='ltr'><strong>generalis</strong></span> <span class='ocrx_word' id='word_1_139' title='bbox 2355 2424 2512 2473; x_wconf 92' lang='lat' dir='ltr'><strong>cum</strong></span> <span class='ocrx_word' id='word_1_140' title='bbox 2554 2401 2646 2474; x_wconf 90' lang='lat' dir='ltr'><strong>ab</strong></span> <span class='ocrx_word' id='word_1_141' title='bbox 2681 2401 3018 2496; x_wconf 90' lang='lat' dir='ltr'><strong>imperiali</strong></span> <span class='ocrx_word' id='word_1_142' title='bbox 3059 2401 3472 2473; x_wconf 84' lang='lat' dir='ltr'><strong>excellentia</strong></span> <span class='ocrx_word' id='word_1_143' title='bbox 3515 2406 3893 2501; x_wconf 84' lang='lat' dir='ltr'><strong>recepisset</strong></span> 
     </span>
     <span class='ocr_line' id='line_1_16' title="bbox 1070 2522 3884 2601; baseline 0.002 -5"><span class='ocrx_word' id='word_1_144' title='bbox 1070 2526 1142 2596; x_wconf 91' lang='lat' dir='ltr'><strong>in</strong></span> <span class='ocrx_word' id='word_1_145' title='bbox 1183 2522 1526 2596; x_wconf 90' lang='lat' dir='ltr'><strong>mandatis</strong></span> <span class='ocrx_word' id='word_1_146' title='bbox 1575 2535 1654 2595; x_wconf 94' lang='lat' dir='ltr'><strong>ut</strong></span> <span class='ocrx_word' id='word_1_147' title='bbox 1707 2525 1941 2597; x_wconf 89' lang='lat' dir='ltr'><strong>debita</strong></span> <span class='ocrx_word' id='word_1_148' title='bbox 1990 2525 2456 2598; x_wconf 79' lang='lat' dir='ltr'><strong>cohercitione</strong></span> <span class='ocrx_word' id='word_1_149' title='bbox 2501 2525 3022 2599; x_wconf 89' lang='lat' dir='ltr'><strong>universitatem</strong></span> <span class='ocrx_word' id='word_1_150' title='bbox 3077 2525 3243 2597; x_wconf 88' lang='lat' dir='ltr'><strong>dicti</strong></span> <span class='ocrx_word' id='word_1_151' title='bbox 3287 2526 3498 2598; x_wconf 84' lang='lat' dir='ltr'><strong>castri</strong></span> <span class='ocrx_word' id='word_1_152' title='bbox 3544 2527 3635 2598; x_wconf 91' lang='lat' dir='ltr'><strong>de</strong></span> <span class='ocrx_word' id='word_1_153' title='bbox 3682 2528 3884 2601; x_wconf 90' lang='lat' dir='ltr'><strong>Arci·</strong></span> 
     </span>
     <span class='ocr_line' id='line_1_17' title="bbox 1068 2648 3892 2746; baseline 0.003 -25"><span class='ocrx_word' id='word_1_154' title='bbox 1068 2649 1274 2724; x_wconf 90' lang='lat' dir='ltr'><strong>dosso</strong></span> <span class='ocrx_word' id='word_1_155' title='bbox 1315 2650 1767 2746; x_wconf 90' lang='lat' dir='ltr'><strong>compelleret</strong></span> <span class='ocrx_word' id='word_1_156' title='bbox 1806 2659 1878 2721; x_wconf 93' lang='lat' dir='ltr'><strong>et</strong></span> <span class='ocrx_word' id='word_1_157' title='bbox 1924 2648 2115 2741; x_wconf 91' lang='lat' dir='ltr'><strong>quod</strong></span> <span class='ocrx_word' id='word_1_158' title='bbox 2157 2649 2418 2721; x_wconf 88' lang='lat' dir='ltr'><strong>dictum</strong></span> <span class='ocrx_word' id='word_1_159' title='bbox 2465 2649 2959 2722; x_wconf 88' lang='lat' dir='ltr'><strong>monasterium</strong></span> <span class='ocrx_word' id='word_1_160' title='bbox 3010 2648 3085 2721; x_wconf 92' lang='lat' dir='ltr'><strong>in</strong></span> <span class='ocrx_word' id='word_1_161' title='bbox 3126 2649 3430 2744; x_wconf 88' lang='lat' dir='ltr'><strong>antiquis</strong></span> <span class='ocrx_word' id='word_1_162' title='bbox 3467 2652 3795 2726; x_wconf 90' lang='lat' dir='ltr'><strong>nundinis</strong></span> <span class='ocrx_word' id='word_1_163' title='bbox 3841 2676 3892 2729; x_wconf 89' lang='lat' dir='ltr'><strong>a</strong></span> 
     </span>
     <span class='ocr_line' id='line_1_18' title="bbox 1069 2772 3884 2870; baseline 0.002 -25"><span class='ocrx_word' id='word_1_164' title='bbox 1069 2773 1249 2845; x_wconf 87' lang='lat' dir='ltr'><strong>divis</strong></span> <span class='ocrx_word' id='word_1_165' title='bbox 1291 2784 1476 2845; x_wconf 91' lang='lat' dir='ltr'><strong>retro</strong></span> <span class='ocrx_word' id='word_1_166' title='bbox 1520 2772 1946 2870; x_wconf 88' lang='lat' dir='ltr'><strong>principibus</strong></span> <span class='ocrx_word' id='word_1_167' title='bbox 1984 2773 2328 2844; x_wconf 89' lang='lat' dir='ltr'><strong>concessis</strong></span> <span class='ocrx_word' id='word_1_168' title='bbox 2368 2772 2459 2845; x_wconf 91' lang='lat' dir='ltr'><strong>de</strong></span> <span class='ocrx_word' id='word_1_169' title='bbox 2505 2781 2737 2845; x_wconf 86' lang='lat' dir='ltr'><strong>cetero</strong></span> <span class='ocrx_word' id='word_1_170' title='bbox 2775 2782 3018 2845; x_wconf 87' lang='lat' dir='ltr'><strong>contra</strong></span> <span class='ocrx_word' id='word_1_171' title='bbox 3058 2772 3396 2866; x_wconf 85' lang='lat' dir='ltr'><strong>justitiam</strong></span> <span class='ocrx_word' id='word_1_172' title='bbox 3439 2775 3633 2847; x_wconf 90' lang='lat' dir='ltr'><strong>nullo</strong></span> <span class='ocrx_word' id='word_1_173' title='bbox 3673 2778 3884 2851; x_wconf 85' lang='lat' dir='ltr'><strong>modo</strong></span> 
     </span>
     <span class='ocr_line' id='line_1_19' title="bbox 1070 2894 3884 2992; baseline 0.002 -26"><span class='ocrx_word' id='word_1_174' title='bbox 1070 2897 1505 2986; x_wconf 87' lang='lat' dir='ltr'><strong>molestaret,</strong></span> <span class='ocrx_word' id='word_1_175' title='bbox 1558 2917 1691 2967; x_wconf 92' lang='lat' dir='ltr'><strong>nec</strong></span> <span class='ocrx_word' id='word_1_176' title='bbox 1726 2915 1944 2966; x_wconf 89' lang='lat' dir='ltr'><strong>novas</strong></span> <span class='ocrx_word' id='word_1_177' title='bbox 1978 2894 2329 2966; x_wconf 91' lang='lat' dir='ltr'><strong>nundinas</strong></span> <span class='ocrx_word' id='word_1_178' title='bbox 2363 2895 2625 2966; x_wconf 89' lang='lat' dir='ltr'><strong>institui</strong></span> <span class='ocrx_word' id='word_1_179' title='bbox 2657 2894 3087 2990; x_wconf 86' lang='lat' dir='ltr'><strong>permitteret</strong></span> <span class='ocrx_word' id='word_1_180' title='bbox 3132 2894 3333 2967; x_wconf 90' lang='lat' dir='ltr'><strong>dictis</strong></span> <span class='ocrx_word' id='word_1_181' title='bbox 3368 2898 3672 2992; x_wconf 87' lang='lat' dir='ltr'><strong>antiquis</strong></span> <span class='ocrx_word' id='word_1_182' title='bbox 3702 2923 3884 2972; x_wconf 90' lang='lat' dir='ltr'><strong>nun-</strong></span> 
     </span>
     <span class='ocr_line' id='line_1_20' title="bbox 1072 3018 3889 3118; baseline 0.002 -27"><span class='ocrx_word' id='word_1_183' title='bbox 1072 3019 1253 3091; x_wconf 85' lang='lat' dir='ltr'><strong>dinis</strong></span> <span class='ocrx_word' id='word_1_184' title='bbox 1297 3020 1737 3112; x_wconf 82' lang='lat' dir='ltr'><strong>derogantes,</strong></span> <span class='ocrx_word' id='word_1_185' title='bbox 1775 3018 2288 3112; x_wconf 89' lang='lat' dir='ltr'><strong>inquisitionem</strong></span> <span class='ocrx_word' id='word_1_186' title='bbox 2322 3020 2484 3092; x_wconf 85' lang='lat' dir='ltr'><strong>fecit</strong></span> <span class='ocrx_word' id='word_1_187' title='bbox 2521 3018 2674 3091; x_wconf 87' lang='lat' dir='ltr'><strong>fieri</strong></span> <span class='ocrx_word' id='word_1_188' title='bbox 2701 3018 2791 3091; x_wconf 90' lang='lat' dir='ltr'><strong>de</strong></span> <span class='ocrx_word' id='word_1_189' title='bbox 2828 3019 3178 3116; x_wconf 85' lang='lat' dir='ltr'><strong>predictis.</strong></span> <span class='ocrx_word' id='word_1_190' title='bbox 3235 3021 3464 3106; x_wconf 89' lang='lat' dir='ltr'><strong>Quare</strong></span> <span class='ocrx_word' id='word_1_191' title='bbox 3495 3023 3889 3118; x_wconf 86' lang='lat' dir='ltr'><strong>supplicant</strong></span> 
     </span>
     <span class='ocr_line' id='line_1_21' title="bbox 1072 3143 3885 3239; baseline 0.003 -25"><span class='ocrx_word' id='word_1_192' title='bbox 1072 3143 1290 3214; x_wconf 90' lang='lat' dir='ltr'><strong>abbas</strong></span> <span class='ocrx_word' id='word_1_193' title='bbox 1347 3154 1418 3216; x_wconf 92' lang='lat' dir='ltr'><strong>et</strong></span> <span class='ocrx_word' id='word_1_194' title='bbox 1465 3155 1849 3215; x_wconf 88' lang='lat' dir='ltr'><strong>conventus</strong></span> <span class='ocrx_word' id='word_1_195' title='bbox 1903 3144 2193 3239; x_wconf 89' lang='lat' dir='ltr'><strong>predicti</strong></span> <span class='ocrx_word' id='word_1_196' title='bbox 2244 3152 2586 3237; x_wconf 88' lang='lat' dir='ltr'><strong>quatenus</strong></span> <span class='ocrx_word' id='word_1_197' title='bbox 2619 3143 2901 3216; x_wconf 92' lang='lat' dir='ltr'><strong>domino</strong></span> <span class='ocrx_word' id='word_1_198' title='bbox 2930 3143 3293 3216; x_wconf 87' lang='lat' dir='ltr'><strong>Frederico</strong></span> <span class='ocrx_word' id='word_1_199' title='bbox 3333 3144 3422 3216; x_wconf 92' lang='lat' dir='ltr'><strong>de</strong></span> <span class='ocrx_word' id='word_1_200' title='bbox 3472 3145 3885 3224; x_wconf 88' lang='lat' dir='ltr'><strong>Anthiochia</strong></span> 
     </span>
     <span class='ocr_line' id='line_1_22' title="bbox 1074 3266 3888 3365; baseline 0.003 -30"><span class='ocrx_word' id='word_1_201' title='bbox 1074 3288 1261 3338; x_wconf 92' lang='lat' dir='ltr'><strong>nunc</strong></span> <span class='ocrx_word' id='word_1_202' title='bbox 1314 3266 1653 3361; x_wconf 90' lang='lat' dir='ltr'><strong>imperiali</strong></span> <span class='ocrx_word' id='word_1_203' title='bbox 1698 3267 1770 3336; x_wconf 92' lang='lat' dir='ltr'><strong>in</strong></span> <span class='ocrx_word' id='word_1_204' title='bbox 1819 3266 2062 3337; x_wconf 88' lang='lat' dir='ltr'><strong>Tuscia</strong></span> <span class='ocrx_word' id='word_1_205' title='bbox 2106 3266 2367 3339; x_wconf 87' lang='lat' dir='ltr'><strong>vicario</strong></span> <span class='ocrx_word' id='word_1_206' title='bbox 2401 3267 2706 3357; x_wconf 79' lang='lat' dir='ltr'><strong>generali</strong></span> <span class='ocrx_word' id='word_1_207' title='bbox 2751 3267 3108 3362; x_wconf 89' lang='lat' dir='ltr'><strong>precipere</strong></span> <span class='ocrx_word' id='word_1_208' title='bbox 3156 3268 3480 3360; x_wconf 80' lang='lat' dir='ltr'><strong>dignetur</strong></span> <span class='ocrx_word' id='word_1_209' title='bbox 3514 3269 3888 3365; x_wconf 89' lang='lat' dir='ltr'><strong>imperialis</strong></span> 
     </span>
     <span class='ocr_line' id='line_1_23' title="bbox 1076 3388 3889 3482; baseline 0.004 -26"><span class='ocrx_word' id='word_1_210' title='bbox 1076 3388 1398 3477; x_wconf 88' lang='lat' dir='ltr'><strong>majestas</strong></span> <span class='ocrx_word' id='word_1_211' title='bbox 1447 3398 1528 3459; x_wconf 91' lang='lat' dir='ltr'><strong>ut</strong></span> <span class='ocrx_word' id='word_1_212' title='bbox 1578 3389 1649 3458; x_wconf 93' lang='lat' dir='ltr'><strong>in</strong></span> <span class='ocrx_word' id='word_1_213' title='bbox 1708 3388 2016 3482; x_wconf 88' lang='lat' dir='ltr'><strong>predicta</strong></span> <span class='ocrx_word' id='word_1_214' title='bbox 2072 3388 2514 3482; x_wconf 88' lang='lat' dir='ltr'><strong>inquisitione</strong></span> <span class='ocrx_word' id='word_1_215' title='bbox 2563 3390 2826 3482; x_wconf 90' lang='lat' dir='ltr'><strong>absque</strong></span> <span class='ocrx_word' id='word_1_216' title='bbox 2874 3390 3339 3462; x_wconf 88' lang='lat' dir='ltr'><strong>retardatione</strong></span> <span class='ocrx_word' id='word_1_217' title='bbox 3387 3393 3889 3468; x_wconf 87' lang='lat' dir='ltr'><strong>sententialiter</strong></span> 
     </span>
     <span class='ocr_line' id='line_1_24' title="bbox 1075 3509 1679 3584; baseline -0.003 0"><span class='ocrx_word' id='word_1_218' title='bbox 1075 3509 1327 3584; x_wconf 87' lang='lat' dir='ltr'><strong>debeat</strong></span> <span class='ocrx_word' id='word_1_219' title='bbox 1357 3510 1679 3583; x_wconf 88' lang='lat' dir='ltr'><strong>diffinire.</strong></span> 
     </span>
    </p>

    <p class='ocr_par' dir='ltr' id='par_1_4' title="bbox 1071 3630 3895 4468">
     <span class='ocr_line' id='line_1_25' title="bbox 1170 3630 3886 3734; baseline 0.003 -31"><span class='ocrx_word' id='word_1_220' title='bbox 1170 3632 1497 3704; x_wconf 87' lang='lat' dir='ltr'><strong>Volentes</strong></span> <span class='ocrx_word' id='word_1_221' title='bbox 1538 3631 1748 3723; x_wconf 82' lang='lat' dir='ltr'><strong>igitur</strong></span> <span class='ocrx_word' id='word_1_222' title='bbox 1784 3630 2138 3727; x_wconf 90' lang='lat' dir='ltr'><strong>imperiale</strong></span> <span class='ocrx_word' id='word_1_223' title='bbox 2170 3634 2577 3706; x_wconf 85' lang='lat' dir='ltr'><strong>mandatum</strong></span> <span class='ocrx_word' id='word_1_224' title='bbox 2609 3636 2867 3728; x_wconf 80' lang='lat' dir='ltr'><strong>exequi</strong></span> <span class='ocrx_word' id='word_1_225' title='bbox 2902 3647 3331 3728; x_wconf 81' lang='lat' dir='ltr'><strong>reverenter,</strong></span> <span class='ocrx_word' id='word_1_226' title='bbox 3381 3638 3505 3710; x_wconf 88' lang='lat' dir='ltr'><strong>tibi</strong></span> <span class='ocrx_word' id='word_1_227' title='bbox 3540 3660 3635 3710; x_wconf 76' lang='lat' dir='ltr'><strong>ex</strong></span> <span class='ocrx_word' id='word_1_228' title='bbox 3662 3639 3886 3734; x_wconf 85' lang='lat' dir='ltr'><strong>impe-</strong></span> 
     </span>
     <span class='ocr_line' id='line_1_26' title="bbox 1074 3754 3892 3855; baseline 0.004 -32"><span class='ocrx_word' id='word_1_229' title='bbox 1074 3754 1224 3827; x_wconf 83' lang='lat' dir='ltr'><strong>riali</strong></span> <span class='ocrx_word' id='word_1_230' title='bbox 1275 3767 1469 3849; x_wconf 87' lang='lat' dir='ltr'><strong>parte</strong></span> <span class='ocrx_word' id='word_1_231' title='bbox 1525 3755 1937 3827; x_wconf 89' lang='lat' dir='ltr'><strong>mandamus</strong></span> <span class='ocrx_word' id='word_1_232' title='bbox 2002 3766 2348 3848; x_wconf 89' lang='lat' dir='ltr'><strong>quatenus</strong></span> <span class='ocrx_word' id='word_1_233' title='bbox 2397 3758 2790 3852; x_wconf 85' lang='lat' dir='ltr'><strong>predictum</strong></span> <span class='ocrx_word' id='word_1_234' title='bbox 2843 3780 3142 3832; x_wconf 89' lang='lat' dir='ltr'><strong>comune</strong></span> <span class='ocrx_word' id='word_1_235' title='bbox 3192 3760 3659 3855; x_wconf 83' lang='lat' dir='ltr'><strong>perhemtorie</strong></span> <span class='ocrx_word' id='word_1_236' title='bbox 3717 3764 3892 3837; x_wconf 83' lang='lat' dir='ltr'><strong>cites</strong></span> 
     </span>
     <span class='ocr_line' id='line_1_27' title="bbox 1074 3878 3890 3975; baseline 0.005 -28"><span class='ocrx_word' id='word_1_237' title='bbox 1074 3887 1157 3948; x_wconf 87' lang='lat' dir='ltr'><strong>ut</strong></span> <span class='ocrx_word' id='word_1_238' title='bbox 1191 3887 1439 3951; x_wconf 85' lang='lat' dir='ltr'><strong>octavo</strong></span> <span class='ocrx_word' id='word_1_239' title='bbox 1479 3888 1645 3974; x_wconf 89' lang='lat' dir='ltr'><strong>post</strong></span> <span class='ocrx_word' id='word_1_240' title='bbox 1679 3878 2077 3951; x_wconf 85' lang='lat' dir='ltr'><strong>citationem</strong></span> <span class='ocrx_word' id='word_1_241' title='bbox 2119 3890 2312 3952; x_wconf 86' lang='lat' dir='ltr'><strong>tuam</strong></span> <span class='ocrx_word' id='word_1_242' title='bbox 2347 3901 2475 3975; x_wconf 86' lang='lat' dir='ltr'><strong>per</strong></span> <span class='ocrx_word' id='word_1_243' title='bbox 2519 3880 2704 3952; x_wconf 84' lang='lat' dir='ltr'><strong>duos</strong></span> <span class='ocrx_word' id='word_1_244' title='bbox 2735 3881 3039 3957; x_wconf 79' lang='lat' dir='ltr'><strong>sindicus</strong></span> <span class='ocrx_word' id='word_1_245' title='bbox 3069 3884 3182 3956; x_wconf 80' lang='lat' dir='ltr'><strong>vel</strong></span> <span class='ocrx_word' id='word_1_246' title='bbox 3218 3906 3438 3956; x_wconf 91' lang='lat' dir='ltr'><strong>unum</strong></span> <span class='ocrx_word' id='word_1_247' title='bbox 3476 3886 3594 3957; x_wconf 84' lang='lat' dir='ltr'><strong>vel</strong></span> <span class='ocrx_word' id='word_1_248' title='bbox 3617 3896 3890 3960; x_wconf 69' lang='lat' dir='ltr'><strong>actum</strong></span> 
     </span>
     <span class='ocr_line' id='line_1_28' title="bbox 1073 4000 3895 4100; baseline 0.004 -30"><span class='ocrx_word' id='word_1_249' title='bbox 1073 4000 1443 4074; x_wconf 87' lang='lat' dir='ltr'><strong>instructos</strong></span> <span class='ocrx_word' id='word_1_250' title='bbox 1479 4012 1885 4097; x_wconf 88' lang='lat' dir='ltr'><strong>compareat</strong></span> <span class='ocrx_word' id='word_1_251' title='bbox 1930 4023 2162 4075; x_wconf 85' lang='lat' dir='ltr'><strong>coram</strong></span> <span class='ocrx_word' id='word_1_252' title='bbox 2198 4002 2402 4076; x_wconf 88' lang='lat' dir='ltr'><strong>nobis</strong></span> <span class='ocrx_word' id='word_1_253' title='bbox 2430 4002 2505 4075; x_wconf 92' lang='lat' dir='ltr'><strong>in</strong></span> <span class='ocrx_word' id='word_1_254' title='bbox 2536 4002 2852 4098; x_wconf 81' lang='lat' dir='ltr'><strong>predicta</strong></span> <span class='ocrx_word' id='word_1_255' title='bbox 2890 4026 3099 4078; x_wconf 78' lang='lat' dir='ltr'><strong>causa</strong></span> <span class='ocrx_word' id='word_1_256' title='bbox 3135 4016 3343 4100; x_wconf 84' lang='lat' dir='ltr'><strong>prout</strong></span> <span class='ocrx_word' id='word_1_257' title='bbox 3377 4007 3646 4098; x_wconf 86' lang='lat' dir='ltr'><strong>justum</strong></span> <span class='ocrx_word' id='word_1_258' title='bbox 3679 4008 3895 4081; x_wconf 70' lang='lat' dir='ltr'><strong>rum-it</strong></span> 
     </span>
     <span class='ocr_line' id='line_1_29' title="bbox 1071 4123 3894 4226; baseline 0.002 -29"><span class='ocrx_word' id='word_1_259' title='bbox 1071 4144 1591 4217; x_wconf 86' lang='lat' dir='ltr'><strong>processurum,</strong></span> <span class='ocrx_word' id='word_1_260' title='bbox 1624 4133 1696 4195; x_wconf 92' lang='lat' dir='ltr'><strong>et</strong></span> <span class='ocrx_word' id='word_1_261' title='bbox 1722 4123 2044 4218; x_wconf 60' lang='lat' dir='ltr'><strong>inJungas</strong></span> <span class='ocrx_word' id='word_1_262' title='bbox 2072 4125 2255 4220; x_wconf 85' lang='lat' dir='ltr'><strong>parti</strong></span> <span class='ocrx_word' id='word_1_263' title='bbox 2288 4146 2535 4199; x_wconf 85' lang='lat' dir='ltr'><strong>averse</strong></span> <span class='ocrx_word' id='word_1_264' title='bbox 2567 4136 2648 4198; x_wconf 90' lang='lat' dir='ltr'><strong>ut</strong></span> <span class='ocrx_word' id='word_1_265' title='bbox 2681 4126 2756 4198; x_wconf 89' lang='lat' dir='ltr'><strong>in</strong></span> <span class='ocrx_word' id='word_1_266' title='bbox 2792 4127 3105 4221; x_wconf 85' lang='lat' dir='ltr'><strong>predicto</strong></span> <span class='ocrx_word' id='word_1_267' title='bbox 3156 4130 3453 4202; x_wconf 76' lang='lat' dir='ltr'><strong>termino</strong></span> <span class='ocrx_word' id='word_1_268' title='bbox 3487 4141 3894 4226; x_wconf 68' lang='lat' dir='ltr'><strong>compareat</strong></span> 
     </span>
     <span class='ocr_line' id='line_1_30' title="bbox 1072 4245 3889 4347; baseline 0.003 -27"><span class='ocrx_word' id='word_1_269' title='bbox 1072 4266 1309 4320; x_wconf 85' lang='lat' dir='ltr'><strong>coram</strong></span> <span class='ocrx_word' id='word_1_270' title='bbox 1342 4245 1582 4335; x_wconf 75' lang='lat' dir='ltr'><strong>nobis3</strong></span> <span class='ocrx_word' id='word_1_271' title='bbox 1625 4245 1817 4319; x_wconf 87' lang='lat' dir='ltr'><strong>diem</strong></span> <span class='ocrx_word' id='word_1_272' title='bbox 1857 4248 2203 4321; x_wconf 82' lang='lat' dir='ltr'><strong>citationis</strong></span> <span class='ocrx_word' id='word_1_273' title='bbox 2249 4259 2323 4322; x_wconf 94' lang='lat' dir='ltr'><strong>et</strong></span> <span class='ocrx_word' id='word_1_274' title='bbox 2378 4250 2677 4322; x_wconf 81' lang='lat' dir='ltr'><strong>formam</strong></span> <span class='ocrx_word' id='word_1_275' title='bbox 2717 4251 3142 4345; x_wconf 82' lang='lat' dir='ltr'><strong>presentium</strong></span> <span class='ocrx_word' id='word_1_276' title='bbox 3174 4305 3193 4341; x_wconf 92' lang='lat'><strong>,</strong></span> <span class='ocrx_word' id='word_1_277' title='bbox 3254 4272 3491 4327; x_wconf 86' lang='lat' dir='ltr'><strong>coram</strong></span> <span class='ocrx_word' id='word_1_278' title='bbox 3519 4254 3780 4347; x_wconf 81' lang='lat' dir='ltr'><strong>quihus</strong></span> <span class='ocrx_word' id='word_1_279' title='bbox 3817 4264 3889 4328; x_wconf 80' lang='lat' dir='ltr'><strong>et</strong></span> 
     </span>
     <span class='ocr_line' id='line_1_31' title="bbox 1071 4369 3894 4468; baseline 0.004 -28"><span class='ocrx_word' id='word_1_280' title='bbox 1071 4369 1404 4462; x_wconf 88' lang='lat' dir='ltr'><strong>quicquid</strong></span> <span class='ocrx_word' id='word_1_281' title='bbox 1430 4369 1596 4441; x_wconf 90' lang='lat' dir='ltr'><strong>inde</strong></span> <span class='ocrx_word' id='word_1_282' title='bbox 1622 4370 1875 4443; x_wconf 83' lang='lat' dir='ltr'><strong>feceris</strong></span> <span class='ocrx_word' id='word_1_283' title='bbox 1901 4372 2104 4446; x_wconf 89' lang='lat' dir='ltr'><strong>nobis</strong></span> <span class='ocrx_word' id='word_1_284' title='bbox 2128 4393 2255 4467; x_wconf 88' lang='lat' dir='ltr'><strong>per</strong></span> <span class='ocrx_word' id='word_1_285' title='bbox 2287 4373 2642 4468; x_wconf 77' lang='lat' dir='ltr'><strong>publicum</strong></span> <span class='ocrx_word' id='word_1_286' title='bbox 2670 4372 3209 4447; x_wconf 84' lang='lat' dir='ltr'><strong>instrumentum</strong></span> <span class='ocrx_word' id='word_1_287' title='bbox 3240 4377 3607 4451; x_wconf 78' lang='lat' dir='ltr'><strong>rescribas.</strong></span> <span class='ocrx_word' id='word_1_288' title='bbox 3634 4379 3894 4451; x_wconf 80' lang='lat' dir='ltr'><strong>Datum</strong></span> 
     </span>
    </p>

    <p class='ocr_par' dir='ltr' id='par_1_5' title="bbox 1072 4489 3884 4592">
     <span class='ocr_line' id='line_1_32' title="bbox 1072 4489 3884 4592; baseline 0.004 -31"><span class='ocrx_word' id='word_1_289' title='bbox 1072 4492 1484 4566; x_wconf 83' lang='lat' dir='ltr'><strong>Florentiola</strong></span> <span class='ocrx_word' id='word_1_290' title='bbox 1516 4489 1656 4588; x_wconf 85' lang='lat' dir='ltr'><strong>(a),</strong></span> <span class='ocrx_word' id='word_1_291' title='bbox 1689 4493 1916 4588; x_wconf 81' lang='lat' dir='ltr'><strong>primo</strong></span> <span class='ocrx_word' id='word_1_292' title='bbox 1936 4496 2115 4589; x_wconf 84' lang='lat' dir='ltr'><strong>junii</strong></span> <span class='ocrx_word' id='word_1_293' title='bbox 2140 4548 2164 4585; x_wconf 91' lang='lat'>‚</span> <span class='ocrx_word' id='word_1_294' title='bbox 2205 4496 2508 4592; x_wconf 86' lang='lat' dir='ltr'><strong>septima</strong></span> <span class='ocrx_word' id='word_1_295' title='bbox 2532 4495 2935 4571; x_wconf 73' lang='lat' dir='ltr'><strong>indictione.</strong></span> <span class='ocrx_word' id='word_1_296' title='bbox 2968 4498 3164 4573; x_wconf 87' lang='lat' dir='ltr'><strong>Unde</strong></span> <span class='ocrx_word' id='word_1_297' title='bbox 3194 4519 3331 4592; x_wconf 78' lang='lat' dir='ltr'><strong>ego</strong></span> <span class='ocrx_word' id='word_1_298' title='bbox 3356 4501 3657 4575; x_wconf 75' lang='lat' dir='ltr'><strong>Iacobus</strong></span> <span class='ocrx_word' id='word_1_299' title='bbox 3682 4512 3884 4575; x_wconf 83' lang='lat' dir='ltr'><strong>nota·</strong></span> 
     </span>
    </p>
   </div>
   <div class='ocr_carea' id='block_1_3' title="bbox 1156 4716 2724 4804">
    <p class='ocr_par' dir='ltr' id='par_1_6' title="bbox 1156 4716 2724 4804">
     <span class='ocr_line' id='line_1_33' title="bbox 1156 4716 2724 4804; baseline 0.005 -27"><span class='ocrx_word' id='word_1_300' title='bbox 1156 4716 1235 4796; x_wconf 86' lang='lat' dir='ltr'><strong>(a)</strong></span> <span class='ocrx_word' id='word_1_301' title='bbox 1281 4718 1405 4794; x_wconf 82' lang='lat' dir='ltr'><strong>Sic,</strong></span> <span class='ocrx_word' id='word_1_302' title='bbox 1438 4721 1648 4780; x_wconf 87' lang='lat' dir='ltr'><strong>melius</strong></span> <span class='ocrx_word' id='word_1_303' title='bbox 1672 4728 1871 4781; x_wconf 87' lang='lat' dir='ltr'><strong>tamen</strong></span> <span class='ocrx_word' id='word_1_304' title='bbox 1899 4722 2352 4804; x_wconf 82' lang='lat' dir='ltr'><strong>intelligendum</strong></span> <span class='ocrx_word' id='word_1_305' title='bbox 2376 4720 2724 4786; x_wconf 70' lang='lat' dir='ltr'><strong>Florentiae.</strong></span> 
     </span>
    </p>
   </div>
  </div>
 </body>
</html>
