4525 6031
1083 681 1208 743 '850
2086 679 2510 742 rmnmuct
2561 678 2903 742 sncmtm
3533 680 3696 763 [An.
3734 681 3912 744 124⁹.

1087 829 1305 909 'regno
1361 825 1600 888 nostro
1642 815 1865 888 libere
1910 835 2143 887 emere
2190 815 2461 907 valeat,
2514 836 2651 909 que
2701 836 2831 909 pro
2861 814 3080 910 ipsius
3114 825 3184 886 et
3224 815 3485 888 familie
3515 836 3641 888 sue
3675 817 3918 888 usibus

1084 938 1343 1012 viderit
1372 947 1791 1035 opportuna.

1195 1534 1657 1640 Fridericus,
1713 1536 2231 1618 Romanorum
2299 1538 2742 1646 imperator,
2802 1540 3190 1620 communi
3242 1540 3656 1622 Macer-atae
3702 1540 3910 1622 fide-

1087 1667 1291 1750 libus
1367 1668 1523 1750 suis
1583 1670 2143 1750 concessionem
2207 1672 2598 1778 quondam
2654 1698 2788 1778 per
2852 1674 3258 1754 Henricum
3332 1672 3574 1754 filium
3638 1698 3906 1778 suum,

1087 1800 1383 1908 imperii
1423 1800 1501 1880 in
1547 1802 1763 1882 Italia
1809 1800 2185 1910 legatum,
2231 1802 2338 1886 eis
2392 1804 2670 1886 factam
2708 1818 2954 1886 ratam
2990 1806 3222 1888 habet
3262 1818 3336 1888 et
3370 1806 3796 1888 confirmat.

1249 2012 1483 2092 (Edtfflt
1509 2014 1945 2094 Communem,
1973 2016 2193 2096 Reqqt‘a
2217 2016 2460 2096 Picena,
2490 2026 2656 2096 parte
2682 2020 2732 2092 Ι,
2766 2038 2824 2096 p.
2864 2028 3148 2094 ιιι-1η,
3178 2036 3256 2080 ex
3284 2020 3554 2098 original!
3582 2022 3642 2078 in
3670 2020 3910 2080 archivo

1321 2120 1699 2200 Maceratae.)

1179 2306 1547 2378 Federicus
1583 2308 1703 2378 Dei
1739 2308 1959 2400 gratia
1985 2308 2454 2380 Romanorum
2498 2310 2874 2404 imperator
2912 2332 3188 2406 semper
3220 2320 3592 2402 augustus,
3626 2312 3908 2384 Jerusa-

1085 2433 1221 2504 lem
1255 2442 1325 2502 et
1351 2432 1579 2504 Sicilie
1609 2452 1763 2502 rex.
1801 2434 1931 2502 Per
1965 2454 2249 2526 presens
2283 2434 2617 2526 scriptum
2646 2444 2890 2504 notum
2918 2436 3202 2506 facimus
3222 2436 3566 2506 universis
3584 2446 3722 2506 tam
3746 2458 3906 2530 pre-

1081 2556 1391 2626 sentibus
1423 2576 1633 2646 quam
1667 2554 1913 2624 futuris
1945 2556 2136 2646 quod
2177 2578 2546 2627 commune
2596 2558 2988 2628 Macberate
3039 2557 3282 2630 fideles
3328 2560 3546 2630 nostri
3590 2582 3714 2652 per
3764 2580 3910 2630 am-

1079 2680 1477 2750 baxiatores
1505 2700 1665 2750 suos
1697 2680 1787 2750 ad
1803 2690 2109 2750 nostram
2139 2682 2558 2774 presentiam
2592 2682 2970 2752 destinatos
3000 2682 3340 2772 majestati
3362 2692 3596 2754 nostre
3630 2682 3908 2752 humili-

1085 2812 1188 2874 ter
1205 2804 1683 2898 supplicarunt
1709 2804 1899 2894 quod
1919 2826 2079 2872 cum
2109 2804 2446 2874 Henricus
2464 2826 2592 2874 rex
2624 2804 2936 2874 Sardinie
2972 2806 3146 2876 sacri
3180 2806 3452 2900 imperii
3488 2808 3556 2876 in
3586 2806 3778 2878 ltalia
3810 2808 3910 2878 le-

1081 2936 1307 3018 gatus,
1343 2926 1637 2996 dilectus
1667 2924 1849 2994 filius
1869 2938 2131 3018 noster,
2161 2926 2530 2998 attendens
2550 2928 2814 2998 dudum
2844 2928 3054 3000 fidem
3090 2952 3335 3022 puram
3374 2938 3442 3000 et
3462 2930 3904 3002 devotionem

1081 3050 1423 3120 sinceram
1451 3070 1661 3140 quam
1695 3070 2063 3120 commune
2095 3052 2482 3144 predictum
2522 3074 2682 3142 erga
2712 3052 2990 3122 servitia
3006 3064 3240 3122 nostra
3272 3052 3474 3144 gerit,
3496 3052 3904 3126 auctoritate

1079 3171 1397 3243 culminis
1417 3172 1633 3241 nostri
1657 3174 2073 3243 concesserit
2099 3174 2223 3261 eiS,
2249 3184 2380 3245 etc.
2408 3172 2890 3269 (Me-morantur
2908 3176 3152 3247 ibidem
3172 3200 3252 3247 ea
3268 3200 3434 3269 quae
3460 3176 3906 3271 reoepraedic-

1081 3307 1187 3365 tus
1205 3295 1281 3363 in
1299 3305 1571 3363 eoetenso
1585 3317 1711 3384 per
1726 3295 2163 3387 privileqium
2187 3297 2498 3377 indulsit,
2534 3297 2636 3393 (l)
2662 3299 3002 3397 usquead)
3024 3311 3232 3395 prout
3246 3301 3558 3395 predicta
3578 3303 3810 3373 omnia
3830 3303 3902 3373 in

1081 3415 1337 3507 scripto
1363 3415 1825 3487 concessionis
1859 3415 1957 3485 eis
1986 3419 2163 3487 facte
2197 3439 2321 3511 per
2346 3441 2580 3511 regem
2614 3423 3002 3515 predictum
3026 3433 3342 3495 asserunt
3370 3425 3743 3515 contineri,
3772 3447 3902 3497 nos

1079 3537 1599 3611 concessionem
1627 3537 1847 3631 ipsam
1877 3549 2095 3610 ratam
2123 3541 2382 3613 habere
2410 3555 2480 3615 et
2508 3545 2914 3617 confirmare
2944 3549 3204 3619 eisdem
3238 3545 3382 3645 [de]
3410 3559 3646 3621 nostra
3680 3549 3902 3641 gratia

1079 3660 1551 3751 dignaremur.
1595 3661 1737 3731 Nos
1773 3671 2007 3733 autem
2049 3665 2486 3739 attendentes
2526 3667 2738 3739 fidem
2784 3693 3028 3763 puram
3076 3683 3148 3743 et
3182 3671 3624 3745 devotionem
3673 3675 3900 3747 since-

1079 3801 1229 3855 ram
1257 3805 1469 3875 quam
1501 3785 1889 3879 predictum
1929 3809 2293 3859 commune
2328 3789 2720 3863 Macherate
2760 3813 2924 3885 erga
2958 3815 3088 3865 nos
3122 3805 3192 3865 et
3218 3817 3490 3867 sacrum
3530 3797 3898 3891 imperium

1077 3915 1365 3977 actenus
1399 3909 1613 3999 gessit
1663 3919 1733 3979 et
1775 3911 1995 3999 gerit,
2043 3911 2484 3983 incommoda
2522 3915 2730 3985 etiam
2782 3927 2852 3987 et
2902 3917 3156 3987 damna
3206 3921 3718 4013 quamplurima
3758 3943 3898 4015 que
3975 3984 3988 3995 .

1077 4031 1419 4127 presentis
1466 4033 1873 4103 turbationis
1923 4043 2235 4127 tempore
2275 4055 2317 4103 a
2352 4037 2726 4107 rebellibus
2760 4041 3012 4111 nostris
3048 4053 3334 4135 propter
3378 4043 3730 4115 fidelitatis
3772 4067 3898 4117 sue

1077 4173 1287 4245 quam
1333 4153 1425 4225 ad
1461 4175 1591 4223 nos
1635 4153 1899 4225 habent
1953 4157 2412 4227 constantiam
2452 4161 2928 4253 pertulerunt,
2976 4165 3594 4259 supplicationibus
3652 4189 3896 4239 eorum

1075 4275 1455 4367 benignum
1471 4285 1857 4369 prestantes
1871 4299 2255 4369 assensum,
2277 4283 2794 4353 concessionem
2814 4285 3196 4377 predictam
3216 4339 3236 4375 ‚
3268 4299 3476 4381 prout
3502 4289 3898 4363 continetur

1075 4397 1147 4467 in
1179 4399 1435 4491 scripto
1467 4419 1511 4469 a
1549 4421 1713 4489 rege
1747 4401 2013 4491 prefato
2053 4401 2151 4471 eis
2183 4403 2402 4491 fact0,
2444 4405 2542 4473 eis
2576 4405 2646 4471 in
2684 4403 2820 4475 fide
2854 4427 2936 4477 ac
2970 4409 3340 4481 devotione
3372 4421 3608 4483 nostra
3636 4413 3892 4507 persis-

1085 4571 1411 4586 ---·----

1147 4673 1225 4743 (Ι)
1261 4669 1631 4729 verisimiliter
1663 4671 1793 4727 illud
1837 4671 2175 4745 privilegium
2209 4675 2356 4747 quod
2394 4691 2560 4749 supra
2598 4677 2840 4737 dedimus
2876 4683 2946 4739 ad
2982 4699 3112 4741 ann.
3156 4689 3318 4759 ⁴239,
3348 4701 3534 4747 mense
3566 4689 3886 4763 novembri,

1075 4773 1115 4823 t..
1141 4765 1237 4835 lv,
1265 4783 1321 4839 p.
1353 4769 1477 4835 540,
1505 4765 1629 4823 licet
1655 4767 2013 4839 compagnoni
2041 4783 2101 4825 sa
2129 4785 2235 4825 non
2266 4771 2572 4843 specialiter
2594 4775 2662 4831 ad
2690 4775 2744 4831 id
2774 4777 2992 4837 referat.
