<?xml version="1.0" encoding="UTF-8"?>
<!DOCTYPE html PUBLIC "-//W3C//DTD XHTML 1.0 Transitional//EN"
    "http://www.w3.org/TR/xhtml1/DTD/xhtml1-transitional.dtd">
<html xmlns="http://www.w3.org/1999/xhtml" xml:lang="en" lang="en">
 <head>
  <title>
</title>
<meta http-equiv="Content-Type" content="text/html;charset=utf-8" />
  <meta name='ocr-system' content='tesseract 3.04.00' />
  <meta name='ocr-capabilities' content='ocr_page ocr_carea ocr_par ocr_line ocrx_word'/>
</head>
<body>
  <div class='ocr_page' id='page_1' title='image "./historiadiploma01empegoog_0190.png"; bbox 0 0 4525 6031; ppageno 0'>
   <div class='ocr_carea' id='block_1_1' title="bbox 1062 592 3870 671">
    <p class='ocr_par' dir='ltr' id='par_1_1' title="bbox 1062 592 3870 671">
     <span class='ocr_line' id='line_1_1' title="bbox 1062 592 3870 671; baseline 0 -17"><span class='ocrx_word' id='word_1_1' title='bbox 1062 592 1180 654; x_wconf 80' lang='lat'>732</span> <span class='ocrx_word' id='word_1_2' title='bbox 2053 594 2481 655; x_wconf 81' lang='lat' dir='ltr'>FRIDERICI</span> <span class='ocrx_word' id='word_1_3' title='bbox 2532 593 2878 656; x_wconf 82' lang='lat' dir='ltr'>SECUNDI</span> <span class='ocrx_word' id='word_1_4' title='bbox 3493 593 3657 671; x_wconf 66' lang='lat' dir='ltr'>[Anu.</span> <span class='ocrx_word' id='word_1_5' title='bbox 3694 592 3870 654; x_wconf 69' lang='lat'><strong>1249.</strong></span> 
     </span>
    </p>
   </div>
   <div class='ocr_carea' id='block_1_2' title="bbox 1055 726 3889 4532">
    <p class='ocr_par' dir='ltr' id='par_1_2' title="bbox 1055 726 3889 4162">
     <span class='ocr_line' id='line_1_2' title="bbox 1057 726 3882 824; baseline 0.001 -27"><span class='ocrx_word' id='word_1_6' title='bbox 1057 727 1145 798; x_wconf 94' lang='lat' dir='ltr'>Et</span> <span class='ocrx_word' id='word_1_7' title='bbox 1176 726 1308 821; x_wconf 91' lang='lat' dir='ltr'>ipsi</span> <span class='ocrx_word' id='word_1_8' title='bbox 1340 748 1541 800; x_wconf 91' lang='lat' dir='ltr'>versa</span> <span class='ocrx_word' id='word_1_9' title='bbox 1571 729 1725 800; x_wconf 86' lang='lat' dir='ltr'>vice</span> <span class='ocrx_word' id='word_1_10' title='bbox 1762 729 2030 801; x_wconf 85' lang='lat' dir='ltr'>lucrum</span> <span class='ocrx_word' id='word_1_11' title='bbox 2063 730 2253 822; x_wconf 92' lang='lat' dir='ltr'>quod</span> <span class='ocrx_word' id='word_1_12' title='bbox 2288 729 2620 823; x_wconf 82' lang='lat' dir='ltr'>consequi</span> <span class='ocrx_word' id='word_1_13' title='bbox 2653 738 3013 824; x_wconf 89' lang='lat' dir='ltr'>poterunt,</span> <span class='ocrx_word' id='word_1_14' title='bbox 3054 735 3379 800; x_wconf 90' lang='lat' dir='ltr'>tenentur</span> <span class='ocrx_word' id='word_1_15' title='bbox 3408 727 3722 799; x_wconf 83' lang='lat' dir='ltr'>dividere</span> <span class='ocrx_word' id='word_1_16' title='bbox 3755 749 3882 822; x_wconf 88' lang='lat' dir='ltr'>per</span> 
     </span>
     <span class='ocr_line' id='line_1_3' title="bbox 1055 850 3881 946; baseline 0 -26"><span class='ocrx_word' id='word_1_17' title='bbox 1055 850 1364 922; x_wconf 92' lang='lat' dir='ltr'>medium</span> <span class='ocrx_word' id='word_1_18' title='bbox 1411 872 1569 922; x_wconf 92' lang='lat' dir='ltr'>cum</span> <span class='ocrx_word' id='word_1_19' title='bbox 1612 851 1763 946; x_wconf 91' lang='lat' dir='ltr'>ipso</span> <span class='ocrx_word' id='word_1_20' title='bbox 1801 851 2083 924; x_wconf 93' lang='lat' dir='ltr'>domino</span> <span class='ocrx_word' id='word_1_21' title='bbox 2110 851 2543 946; x_wconf 89' lang='lat' dir='ltr'>patriarcha,</span> <span class='ocrx_word' id='word_1_22' title='bbox 2585 852 2817 925; x_wconf 89' lang='lat' dir='ltr'>dando</span> <span class='ocrx_word' id='word_1_23' title='bbox 2857 851 3087 924; x_wconf 92' lang='lat' dir='ltr'>eidem</span> <span class='ocrx_word' id='word_1_24' title='bbox 3118 850 3563 922; x_wconf 86' lang='lat' dir='ltr'>medietatem</span> <span class='ocrx_word' id='word_1_25' title='bbox 3586 902 3607 940; x_wconf 92' lang='lat'>‚</span> <span class='ocrx_word' id='word_1_26' title='bbox 3645 860 3716 922; x_wconf 90' lang='lat' dir='ltr'>et</span> <span class='ocrx_word' id='word_1_27' title='bbox 3750 851 3881 923; x_wconf 92' lang='lat' dir='ltr'>sibi</span> 
     </span>
     <span class='ocr_line' id='line_1_4' title="bbox 1055 973 3881 1069; baseline 0.001 -25"><span class='ocrx_word' id='word_1_28' title='bbox 1055 973 1262 1044; x_wconf 89' lang='lat' dir='ltr'>aliam</span> <span class='ocrx_word' id='word_1_29' title='bbox 1298 975 1624 1046; x_wconf 90' lang='lat' dir='ltr'>retinere.</span> <span class='ocrx_word' id='word_1_30' title='bbox 1664 976 1955 1069; x_wconf 82' lang='lat' dir='ltr'><strong>Insuper</strong></span> <span class='ocrx_word' id='word_1_31' title='bbox 1986 975 2297 1069; x_wconf 83' lang='lat' dir='ltr'>quelibet</span> <span class='ocrx_word' id='word_1_32' title='bbox 2329 977 2602 1050; x_wconf 92' lang='lat' dir='ltr'>illarum</span> <span class='ocrx_word' id='word_1_33' title='bbox 2632 975 3241 1064; x_wconf 89' lang='lat' dir='ltr'>communitatum,</span> <span class='ocrx_word' id='word_1_34' title='bbox 3280 973 3544 1045; x_wconf 89' lang='lat' dir='ltr'>scilicet</span> <span class='ocrx_word' id='word_1_35' title='bbox 3574 984 3881 1068; x_wconf 87' lang='lat' dir='ltr'>potestas</span> 
     </span>
     <span class='ocr_line' id='line_1_5' title="bbox 1056 1097 3880 1194; baseline 0.001 -27"><span class='ocrx_word' id='word_1_36' title='bbox 1056 1119 1216 1168; x_wconf 91' lang='lat' dir='ltr'>cum</span> <span class='ocrx_word' id='word_1_37' title='bbox 1256 1097 1544 1169; x_wconf 93' lang='lat' dir='ltr'>consilio</span> <span class='ocrx_word' id='word_1_38' title='bbox 1570 1151 1589 1187; x_wconf 91' lang='lat'>‚</span> <span class='ocrx_word' id='word_1_39' title='bbox 1641 1098 1801 1170; x_wconf 88' lang='lat' dir='ltr'>data</span> <span class='ocrx_word' id='word_1_40' title='bbox 1837 1108 2176 1193; x_wconf 81' lang='lat' dir='ltr'>potestate</span> <span class='ocrx_word' id='word_1_41' title='bbox 2210 1100 2333 1170; x_wconf 82' lang='lat' dir='ltr'>un&#39;i</span> <span class='ocrx_word' id='word_1_42' title='bbox 2362 1101 2433 1170; x_wconf 93' lang='lat' dir='ltr'>in</span> <span class='ocrx_word' id='word_1_43' title='bbox 2465 1099 2776 1194; x_wconf 87' lang='lat' dir='ltr'>qualibet</span> <span class='ocrx_word' id='word_1_44' title='bbox 2816 1098 3096 1170; x_wconf 89' lang='lat' dir='ltr'>civitate</span> <span class='ocrx_word' id='word_1_45' title='bbox 3132 1097 3254 1189; x_wconf 88' lang='lat' dir='ltr'>qui</span> <span class='ocrx_word' id='word_1_46' title='bbox 3286 1097 3358 1167; x_wconf 91' lang='lat' dir='ltr'>in</span> <span class='ocrx_word' id='word_1_47' title='bbox 3390 1097 3692 1168; x_wconf 89' lang='lat' dir='ltr'>animam</span> <span class='ocrx_word' id='word_1_48' title='bbox 3724 1097 3880 1169; x_wconf 87' lang='lat' dir='ltr'>illo·</span> 
     </span>
     <span class='ocr_line' id='line_1_6' title="bbox 1057 1219 3881 1319; baseline 0 -28"><span class='ocrx_word' id='word_1_49' title='bbox 1057 1243 1213 1291; x_wconf 92' lang='lat' dir='ltr'>rum</span> <span class='ocrx_word' id='word_1_50' title='bbox 1251 1222 1560 1293; x_wconf 92' lang='lat' dir='ltr'>omnium</span> <span class='ocrx_word' id='word_1_51' title='bbox 1584 1223 1891 1314; x_wconf 89' lang='lat' dir='ltr'>juraret,</span> <span class='ocrx_word' id='word_1_52' title='bbox 1925 1224 2124 1295; x_wconf 86' lang='lat' dir='ltr'>tactis</span> <span class='ocrx_word' id='word_1_53' title='bbox 2154 1224 2525 1319; x_wconf 89' lang='lat' dir='ltr'>Scripturis</span> <span class='ocrx_word' id='word_1_54' title='bbox 2559 1224 2631 1294; x_wconf 92' lang='lat' dir='ltr'>in</span> <span class='ocrx_word' id='word_1_55' title='bbox 2665 1223 2971 1294; x_wconf 91' lang='lat' dir='ltr'>animam</span> <span class='ocrx_word' id='word_1_56' title='bbox 2998 1222 3303 1315; x_wconf 90' lang='lat' dir='ltr'>ipsorum</span> <span class='ocrx_word' id='word_1_57' title='bbox 3341 1223 3738 1313; x_wconf 87' lang='lat' dir='ltr'>juramento</span> <span class='ocrx_word' id='word_1_58' title='bbox 3768 1219 3881 1291; x_wconf 86' lang='lat' dir='ltr'>fir-</span> 
     </span>
     <span class='ocr_line' id='line_1_7' title="bbox 1057 1345 3880 1440; baseline 0 -24"><span class='ocrx_word' id='word_1_59' title='bbox 1057 1346 1275 1417; x_wconf 87' lang='lat' dir='ltr'>mavit</span> <span class='ocrx_word' id='word_1_60' title='bbox 1304 1345 1495 1440; x_wconf 90' lang='lat' dir='ltr'>quod</span> <span class='ocrx_word' id='word_1_61' title='bbox 1540 1345 2123 1438; x_wconf 84' lang='lat' dir='ltr'>quandocumque</span> <span class='ocrx_word' id='word_1_62' title='bbox 2166 1348 2532 1420; x_wconf 88' lang='lat' dir='ltr'>Hezelinus</span> <span class='ocrx_word' id='word_1_63' title='bbox 2573 1345 2663 1418; x_wconf 92' lang='lat' dir='ltr'>de</span> <span class='ocrx_word' id='word_1_64' title='bbox 2705 1348 3018 1418; x_wconf 89' lang='lat' dir='ltr'>Romano</span> <span class='ocrx_word' id='word_1_65' title='bbox 3050 1345 3391 1438; x_wconf 82' lang='lat' dir='ltr'>equitaret</span> <span class='ocrx_word' id='word_1_66' title='bbox 3422 1366 3631 1439; x_wconf 91' lang='lat' dir='ltr'>super</span> <span class='ocrx_word' id='word_1_67' title='bbox 3662 1355 3880 1416; x_wconf 86' lang='lat' dir='ltr'>terras</span> 
     </span>
     <span class='ocr_line' id='line_1_8' title="bbox 1056 1467 3879 1566; baseline -0.001 -25"><span class='ocrx_word' id='word_1_68' title='bbox 1056 1469 1324 1542; x_wconf 91' lang='lat' dir='ltr'>domini</span> <span class='ocrx_word' id='word_1_69' title='bbox 1385 1469 1774 1565; x_wconf 82' lang='lat' dir='ltr'>patriarche</span> <span class='ocrx_word' id='word_1_70' title='bbox 1806 1524 1827 1561; x_wconf 90' lang='lat'>,</span> <span class='ocrx_word' id='word_1_71' title='bbox 1904 1472 2019 1542; x_wconf 82' lang='lat' dir='ltr'>vel</span> <span class='ocrx_word' id='word_1_72' title='bbox 2075 1493 2288 1566; x_wconf 91' lang='lat' dir='ltr'>super</span> <span class='ocrx_word' id='word_1_73' title='bbox 2360 1472 2741 1550; x_wconf 82' lang='lat' dir='ltr'>Tarvisium</span> <span class='ocrx_word' id='word_1_74' title='bbox 2782 1523 2804 1561; x_wconf 88' lang='lat'><strong>,</strong></span> <span class='ocrx_word' id='word_1_75' title='bbox 2866 1492 2992 1543; x_wconf 90' lang='lat' dir='ltr'>seu</span> <span class='ocrx_word' id='word_1_76' title='bbox 3050 1491 3262 1565; x_wconf 88' lang='lat' dir='ltr'>super</span> <span class='ocrx_word' id='word_1_77' title='bbox 3324 1479 3540 1540; x_wconf 88' lang='lat' dir='ltr'>terras</span> <span class='ocrx_word' id='word_1_78' title='bbox 3618 1467 3879 1541; x_wconf 92' lang='lat' dir='ltr'>domini</span> 
     </span>
     <span class='ocr_line' id='line_1_9' title="bbox 1057 1592 3875 1686; baseline -0.001 -21"><span class='ocrx_word' id='word_1_79' title='bbox 1057 1594 1376 1686; x_wconf 91' lang='lat' dir='ltr'>Biaquini</span> <span class='ocrx_word' id='word_1_80' title='bbox 1437 1615 1596 1665; x_wconf 93' lang='lat' dir='ltr'>cum</span> <span class='ocrx_word' id='word_1_81' title='bbox 1663 1615 1790 1665; x_wconf 90' lang='lat' dir='ltr'>suo</span> <span class='ocrx_word' id='word_1_82' title='bbox 1844 1594 2142 1666; x_wconf 77' lang='lat' dir='ltr'>exfortio</span> <span class='ocrx_word' id='word_1_83' title='bbox 2214 1597 2330 1666; x_wconf 87' lang='lat' dir='ltr'>vel</span> <span class='ocrx_word' id='word_1_84' title='bbox 2397 1595 2703 1667; x_wconf 90' lang='lat' dir='ltr'>mitteret</span> <span class='ocrx_word' id='word_1_85' title='bbox 2762 1603 3108 1667; x_wconf 90' lang='lat' dir='ltr'>trecentos</span> <span class='ocrx_word' id='word_1_86' title='bbox 3169 1593 3424 1664; x_wconf 89' lang='lat' dir='ltr'>milites</span> <span class='ocrx_word' id='word_1_87' title='bbox 3478 1593 3593 1664; x_wconf 87' lang='lat' dir='ltr'>vel</span> <span class='ocrx_word' id='word_1_88' title='bbox 3653 1592 3875 1683; x_wconf 87' lang='lat' dir='ltr'>ultra,</span> 
     </span>
     <span class='ocr_line' id='line_1_10' title="bbox 1059 1717 3882 1811; baseline -0.001 -21"><span class='ocrx_word' id='word_1_89' title='bbox 1059 1718 1244 1790; x_wconf 91' lang='lat' dir='ltr'>dicte</span> <span class='ocrx_word' id='word_1_90' title='bbox 1272 1718 1801 1790; x_wconf 86' lang='lat' dir='ltr'>communitates</span> <span class='ocrx_word' id='word_1_91' title='bbox 1837 1728 2207 1790; x_wconf 90' lang='lat' dir='ltr'>teneantur</span> <span class='ocrx_word' id='word_1_92' title='bbox 2241 1741 2400 1791; x_wconf 91' lang='lat' dir='ltr'>cum</span> <span class='ocrx_word' id='word_1_93' title='bbox 2433 1741 2560 1791; x_wconf 88' lang='lat' dir='ltr'>suo</span> <span class='ocrx_word' id='word_1_94' title='bbox 2600 1718 2897 1790; x_wconf 80' lang='lat' dir='ltr'>exfortio</span> <span class='ocrx_word' id='word_1_95' title='bbox 2937 1717 3248 1811; x_wconf 90' lang='lat' dir='ltr'>equitare</span> <span class='ocrx_word' id='word_1_96' title='bbox 3293 1737 3503 1811; x_wconf 91' lang='lat' dir='ltr'>super</span> <span class='ocrx_word' id='word_1_97' title='bbox 3535 1717 3882 1787; x_wconf 85' lang='lat' dir='ltr'>Veronam</span> 
     </span>
     <span class='ocr_line' id='line_1_11' title="bbox 1063 1841 3886 1936; baseline -0.001 -24"><span class='ocrx_word' id='word_1_98' title='bbox 1063 1851 1134 1912; x_wconf 90' lang='lat' dir='ltr'>et</span> <span class='ocrx_word' id='word_1_99' title='bbox 1167 1841 1266 1913; x_wconf 89' lang='lat' dir='ltr'>eis</span> <span class='ocrx_word' id='word_1_100' title='bbox 1300 1843 1524 1912; x_wconf 86' lang='lat' dir='ltr'>facere</span> <span class='ocrx_word' id='word_1_101' title='bbox 1556 1841 1788 1913; x_wconf 88' lang='lat' dir='ltr'>vivam</span> <span class='ocrx_word' id='word_1_102' title='bbox 1823 1863 2152 1914; x_wconf 82' lang='lat' dir='ltr'>werram.</span> <span class='ocrx_word' id='word_1_103' title='bbox 2189 1844 2276 1914; x_wconf 89' lang='lat' dir='ltr'>Et</span> <span class='ocrx_word' id='word_1_104' title='bbox 2301 1841 2492 1936; x_wconf 91' lang='lat' dir='ltr'>quod</span> <span class='ocrx_word' id='word_1_105' title='bbox 2522 1864 2665 1913; x_wconf 96' lang='lat' dir='ltr'>non</span> <span class='ocrx_word' id='word_1_106' title='bbox 2700 1841 3004 1914; x_wconf 92' lang='lat' dir='ltr'>debeant</span> <span class='ocrx_word' id='word_1_107' title='bbox 3030 1842 3255 1911; x_wconf 86' lang='lat' dir='ltr'>facere</span> <span class='ocrx_word' id='word_1_108' title='bbox 3283 1860 3524 1934; x_wconf 89' lang='lat' dir='ltr'>pacem</span> <span class='ocrx_word' id='word_1_109' title='bbox 3550 1890 3570 1926; x_wconf 89' lang='lat'><strong>,</strong></span> <span class='ocrx_word' id='word_1_110' title='bbox 3607 1859 3886 1933; x_wconf 90' lang='lat' dir='ltr'>compo-</span> 
     </span>
     <span class='ocr_line' id='line_1_12' title="bbox 1063 1963 3888 2060; baseline -0.001 -25"><span class='ocrx_word' id='word_1_111' title='bbox 1063 1964 1382 2037; x_wconf 91' lang='lat' dir='ltr'>sitionem</span> <span class='ocrx_word' id='word_1_112' title='bbox 1413 1987 1538 2036; x_wconf 91' lang='lat' dir='ltr'>seu</span> <span class='ocrx_word' id='word_1_113' title='bbox 1575 1965 2012 2037; x_wconf 87' lang='lat' dir='ltr'>concordiam</span> <span class='ocrx_word' id='word_1_114' title='bbox 2047 1965 2351 2059; x_wconf 88' lang='lat' dir='ltr'>aliquam</span> <span class='ocrx_word' id='word_1_115' title='bbox 2386 1987 2597 2060; x_wconf 91' lang='lat' dir='ltr'>super</span> <span class='ocrx_word' id='word_1_116' title='bbox 2622 1964 2934 2060; x_wconf 89' lang='lat' dir='ltr'>predicta</span> <span class='ocrx_word' id='word_1_117' title='bbox 2974 1984 3205 2036; x_wconf 87' lang='lat' dir='ltr'>werra</span> <span class='ocrx_word' id='word_1_118' title='bbox 3241 1963 3390 2034; x_wconf 90' lang='lat' dir='ltr'>sine</span> <span class='ocrx_word' id='word_1_119' title='bbox 3426 1964 3783 2034; x_wconf 88' lang='lat' dir='ltr'>voluntate</span> <span class='ocrx_word' id='word_1_120' title='bbox 3816 1971 3888 2034; x_wconf 92' lang='lat' dir='ltr'>et</span> 
     </span>
     <span class='ocr_line' id='line_1_13' title="bbox 1067 2086 3886 2183; baseline -0.001 -22"><span class='ocrx_word' id='word_1_121' title='bbox 1067 2109 1415 2161; x_wconf 93' lang='lat' dir='ltr'>consensu</span> <span class='ocrx_word' id='word_1_122' title='bbox 1470 2088 1683 2182; x_wconf 89' lang='lat' dir='ltr'>ipsius</span> <span class='ocrx_word' id='word_1_123' title='bbox 1730 2088 1991 2161; x_wconf 92' lang='lat' dir='ltr'>domini</span> <span class='ocrx_word' id='word_1_124' title='bbox 2049 2088 2477 2183; x_wconf 86' lang='lat' dir='ltr'>patriarche,</span> <span class='ocrx_word' id='word_1_125' title='bbox 2532 2088 2957 2181; x_wconf 88' lang='lat' dir='ltr'>quibuslibet</span> <span class='ocrx_word' id='word_1_126' title='bbox 3005 2087 3528 2182; x_wconf 84' lang='lat' dir='ltr'>exceptionibus</span> <span class='ocrx_word' id='word_1_127' title='bbox 3574 2086 3752 2178; x_wconf 87' lang='lat' dir='ltr'>juris</span> <span class='ocrx_word' id='word_1_128' title='bbox 3813 2094 3886 2158; x_wconf 93' lang='lat' dir='ltr'>et</span> 
     </span>
     <span class='ocr_line' id='line_1_14' title="bbox 1064 2209 3883 2305; baseline -0.001 -22"><span class='ocrx_word' id='word_1_129' title='bbox 1064 2212 1225 2284; x_wconf 85' lang='lat' dir='ltr'>facti</span> <span class='ocrx_word' id='word_1_130' title='bbox 1280 2210 1444 2283; x_wconf 90' lang='lat' dir='ltr'>hinc</span> <span class='ocrx_word' id='word_1_131' title='bbox 1488 2212 1650 2284; x_wconf 91' lang='lat' dir='ltr'>inde</span> <span class='ocrx_word' id='word_1_132' title='bbox 1709 2212 2136 2283; x_wconf 85' lang='lat' dir='ltr'>cessantibus</span> <span class='ocrx_word' id='word_1_133' title='bbox 2188 2221 2258 2284; x_wconf 91' lang='lat' dir='ltr'>et</span> <span class='ocrx_word' id='word_1_134' title='bbox 2308 2212 2629 2304; x_wconf 90' lang='lat' dir='ltr'>remotis,</span> <span class='ocrx_word' id='word_1_135' title='bbox 2677 2213 2775 2284; x_wconf 91' lang='lat' dir='ltr'>ita</span> <span class='ocrx_word' id='word_1_136' title='bbox 2807 2211 2999 2304; x_wconf 92' lang='lat' dir='ltr'>quod</span> <span class='ocrx_word' id='word_1_137' title='bbox 3042 2211 3228 2283; x_wconf 91' lang='lat' dir='ltr'>idem</span> <span class='ocrx_word' id='word_1_138' title='bbox 3270 2210 3662 2305; x_wconf 88' lang='lat' dir='ltr'>patriarcha</span> <span class='ocrx_word' id='word_1_139' title='bbox 3696 2209 3883 2282; x_wconf 90' lang='lat' dir='ltr'>idem</span> 
     </span>
     <span class='ocr_line' id='line_1_15' title="bbox 1060 2333 3884 2430; baseline 0 -25"><span class='ocrx_word' id='word_1_140' title='bbox 1060 2337 1529 2428; x_wconf 89' lang='lat' dir='ltr'>juramentum</span> <span class='ocrx_word' id='word_1_141' title='bbox 1584 2334 1683 2406; x_wconf 90' lang='lat' dir='ltr'>eis</span> <span class='ocrx_word' id='word_1_142' title='bbox 1738 2336 2025 2430; x_wconf 80' lang='lat' dir='ltr'>prestari</span> <span class='ocrx_word' id='word_1_143' title='bbox 2079 2337 2325 2427; x_wconf 79' lang='lat' dir='ltr'>faciat3</span> <span class='ocrx_word' id='word_1_144' title='bbox 2384 2336 2691 2428; x_wconf 90' lang='lat' dir='ltr'>alioquin</span> <span class='ocrx_word' id='word_1_145' title='bbox 2728 2359 2870 2409; x_wconf 93' lang='lat' dir='ltr'>non</span> <span class='ocrx_word' id='word_1_146' title='bbox 2906 2335 3158 2407; x_wconf 88' lang='lat' dir='ltr'>debeat</span> <span class='ocrx_word' id='word_1_147' title='bbox 3200 2335 3447 2420; x_wconf 89' lang='lat' dir='ltr'>teneri,</span> <span class='ocrx_word' id='word_1_148' title='bbox 3497 2333 3884 2406; x_wconf 87' lang='lat' dir='ltr'>secundum</span> 
     </span>
     <span class='ocr_line' id='line_1_16' title="bbox 1064 2458 3886 2554; baseline -0.001 -24"><span class='ocrx_word' id='word_1_149' title='bbox 1064 2458 1258 2552; x_wconf 92' lang='lat' dir='ltr'>quod</span> <span class='ocrx_word' id='word_1_150' title='bbox 1299 2459 1431 2531; x_wconf 89' lang='lat' dir='ltr'>hec</span> <span class='ocrx_word' id='word_1_151' title='bbox 1472 2460 1701 2530; x_wconf 91' lang='lat' dir='ltr'>omnia</span> <span class='ocrx_word' id='word_1_152' title='bbox 1750 2460 2191 2531; x_wconf 89' lang='lat' dir='ltr'>continentur</span> <span class='ocrx_word' id='word_1_153' title='bbox 2230 2461 2305 2531; x_wconf 92' lang='lat' dir='ltr'>in</span> <span class='ocrx_word' id='word_1_154' title='bbox 2352 2460 2820 2554; x_wconf 80' lang='lat' dir='ltr'>predictarum</span> <span class='ocrx_word' id='word_1_155' title='bbox 2871 2459 3226 2531; x_wconf 89' lang='lat' dir='ltr'>civitatum</span> <span class='ocrx_word' id='word_1_156' title='bbox 3283 2458 3578 2554; x_wconf 88' lang='lat' dir='ltr'>publicis</span> <span class='ocrx_word' id='word_1_157' title='bbox 3625 2458 3886 2528; x_wconf 88' lang='lat' dir='ltr'>instru-</span> 
     </span>
     <span class='ocr_line' id='line_1_17' title="bbox 1063 2580 3888 2678; baseline 0.001 -26"><span class='ocrx_word' id='word_1_158' title='bbox 1063 2583 1314 2653; x_wconf 89' lang='lat' dir='ltr'>mentis</span> <span class='ocrx_word' id='word_1_159' title='bbox 1377 2582 1584 2654; x_wconf 88' lang='lat' dir='ltr'>etiam</span> <span class='ocrx_word' id='word_1_160' title='bbox 1640 2583 1946 2678; x_wconf 88' lang='lat' dir='ltr'>ipsorum</span> <span class='ocrx_word' id='word_1_161' title='bbox 2005 2583 2245 2675; x_wconf 80' lang='lat' dir='ltr'>sigillis</span> <span class='ocrx_word' id='word_1_162' title='bbox 2305 2585 2607 2655; x_wconf 80' lang='lat' dir='ltr'>munitis,</span> <span class='ocrx_word' id='word_1_163' title='bbox 2664 2583 2816 2678; x_wconf 89' lang='lat' dir='ltr'>Ipse</span> <span class='ocrx_word' id='word_1_164' title='bbox 2858 2593 3091 2655; x_wconf 89' lang='lat' dir='ltr'>autem</span> <span class='ocrx_word' id='word_1_165' title='bbox 3134 2581 3458 2654; x_wconf 90' lang='lat' dir='ltr'>dominus</span> <span class='ocrx_word' id='word_1_166' title='bbox 3491 2580 3888 2676; x_wconf 85' lang='lat' dir='ltr'>patriarcha</span> 
     </span>
     <span class='ocr_line' id='line_1_18' title="bbox 1064 2705 3885 2779; baseline -0.001 -2"><span class='ocrx_word' id='word_1_167' title='bbox 1064 2705 1267 2778; x_wconf 89' lang='lat' dir='ltr'>dictis</span> <span class='ocrx_word' id='word_1_168' title='bbox 1298 2706 1775 2777; x_wconf 87' lang='lat' dir='ltr'>instrumentis</span> <span class='ocrx_word' id='word_1_169' title='bbox 1809 2707 1971 2778; x_wconf 91' lang='lat' dir='ltr'>visis</span> <span class='ocrx_word' id='word_1_170' title='bbox 2004 2716 2073 2778; x_wconf 90' lang='lat' dir='ltr'>et</span> <span class='ocrx_word' id='word_1_171' title='bbox 2106 2707 2567 2779; x_wconf 86' lang='lat' dir='ltr'>instrumento</span> <span class='ocrx_word' id='word_1_172' title='bbox 2607 2707 2902 2778; x_wconf 87' lang='lat' dir='ltr'>civitatis</span> <span class='ocrx_word' id='word_1_173' title='bbox 2937 2708 3218 2779; x_wconf 90' lang='lat' dir='ltr'>Mantue</span> <span class='ocrx_word' id='word_1_174' title='bbox 3247 2727 3480 2778; x_wconf 92' lang='lat' dir='ltr'>coram</span> <span class='ocrx_word' id='word_1_175' title='bbox 3514 2727 3588 2776; x_wconf 87' lang='lat' dir='ltr'>se</span> <span class='ocrx_word' id='word_1_176' title='bbox 3619 2714 3690 2776; x_wconf 90' lang='lat' dir='ltr'>et</span> <span class='ocrx_word' id='word_1_177' title='bbox 3714 2726 3885 2777; x_wconf 90' lang='lat' dir='ltr'>con-</span> 
     </span>
     <span class='ocr_line' id='line_1_19' title="bbox 1063 2830 3887 2924; baseline -0 -23"><span class='ocrx_word' id='word_1_178' title='bbox 1063 2830 1215 2902; x_wconf 92' lang='lat' dir='ltr'>silio</span> <span class='ocrx_word' id='word_1_179' title='bbox 1249 2852 1376 2902; x_wconf 91' lang='lat' dir='ltr'>suo</span> <span class='ocrx_word' id='word_1_180' title='bbox 1409 2831 1715 2924; x_wconf 87' lang='lat' dir='ltr'>perlecto</span> <span class='ocrx_word' id='word_1_181' title='bbox 1740 2883 1761 2921; x_wconf 92' lang='lat'>‚</span> <span class='ocrx_word' id='word_1_182' title='bbox 1798 2831 1888 2901; x_wconf 87' lang='lat' dir='ltr'>ad</span> <span class='ocrx_word' id='word_1_183' title='bbox 1917 2830 2255 2902; x_wconf 89' lang='lat' dir='ltr'>honorem</span> <span class='ocrx_word' id='word_1_184' title='bbox 2289 2831 2413 2902; x_wconf 92' lang='lat' dir='ltr'>Dei</span> <span class='ocrx_word' id='word_1_185' title='bbox 2442 2841 2511 2901; x_wconf 86' lang='lat' dir='ltr'>et</span> <span class='ocrx_word' id='word_1_186' title='bbox 2538 2841 2774 2903; x_wconf 89' lang='lat' dir='ltr'>sancte</span> <span class='ocrx_word' id='word_1_187' title='bbox 2804 2832 3042 2902; x_wconf 89' lang='lat' dir='ltr'>matris</span> <span class='ocrx_word' id='word_1_188' title='bbox 3073 2831 3408 2921; x_wconf 90' lang='lat' dir='ltr'>Ecclesie,</span> <span class='ocrx_word' id='word_1_189' title='bbox 3458 2830 3572 2903; x_wconf 90' lang='lat' dir='ltr'>die</span> <span class='ocrx_word' id='word_1_190' title='bbox 3597 2831 3693 2902; x_wconf 90' lang='lat' dir='ltr'>XI</span> <span class='ocrx_word' id='word_1_191' title='bbox 3723 2831 3887 2901; x_wconf 90' lang='lat' dir='ltr'>maii</span> 
     </span>
     <span class='ocr_line' id='line_1_20' title="bbox 1063 2953 3880 3050; baseline 0 -26"><span class='ocrx_word' id='word_1_192' title='bbox 1063 2954 1134 3024; x_wconf 94' lang='lat' dir='ltr'>in</span> <span class='ocrx_word' id='word_1_193' title='bbox 1181 2955 1528 3050; x_wconf 87' lang='lat' dir='ltr'>presentia</span> <span class='ocrx_word' id='word_1_194' title='bbox 1571 2953 1864 3026; x_wconf 88' lang='lat' dir='ltr'>Conradi</span> <span class='ocrx_word' id='word_1_195' title='bbox 1912 2954 2112 3027; x_wconf 91' lang='lat' dir='ltr'>electi</span> <span class='ocrx_word' id='word_1_196' title='bbox 2147 2954 2747 3050; x_wconf 85' lang='lat' dir='ltr'>Iustinopolitani,</span> <span class='ocrx_word' id='word_1_197' title='bbox 2801 2955 3179 3027; x_wconf 86' lang='lat' dir='ltr'>Hermanni</span> <span class='ocrx_word' id='word_1_198' title='bbox 3229 2954 3430 3026; x_wconf 87' lang='lat' dir='ltr'>electi</span> <span class='ocrx_word' id='word_1_199' title='bbox 3477 2953 3835 3027; x_wconf 81' lang='lat' dir='ltr'>Sextensis</span> <span class='ocrx_word' id='word_1_200' title='bbox 3860 3007 3880 3046; x_wconf 92' lang='lat'>,</span> 
     </span>
     <span class='ocr_line' id='line_1_21' title="bbox 1062 3077 3885 3173; baseline 0.001 -26"><span class='ocrx_word' id='word_1_201' title='bbox 1062 3078 1337 3149; x_wconf 91' lang='lat' dir='ltr'>Henrici</span> <span class='ocrx_word' id='word_1_202' title='bbox 1384 3078 1471 3150; x_wconf 93' lang='lat' dir='ltr'>de</span> <span class='ocrx_word' id='word_1_203' title='bbox 1507 3079 1784 3150; x_wconf 81' lang='lat' dir='ltr'>Villalta</span> <span class='ocrx_word' id='word_1_204' title='bbox 1807 3132 1826 3168; x_wconf 89' lang='lat'><strong>,</strong></span> <span class='ocrx_word' id='word_1_205' title='bbox 1864 3079 2174 3151; x_wconf 87' lang='lat' dir='ltr'>Federici</span> <span class='ocrx_word' id='word_1_206' title='bbox 2223 3079 2312 3151; x_wconf 99' lang='lat' dir='ltr'>de</span> <span class='ocrx_word' id='word_1_207' title='bbox 2364 3080 2690 3168; x_wconf 89' lang='lat' dir='ltr'>Castello,</span> <span class='ocrx_word' id='word_1_208' title='bbox 2728 3078 3073 3173; x_wconf 88' lang='lat' dir='ltr'>Rodulphi</span> <span class='ocrx_word' id='word_1_209' title='bbox 3128 3078 3218 3150; x_wconf 90' lang='lat' dir='ltr'>de</span> <span class='ocrx_word' id='word_1_210' title='bbox 3250 3078 3568 3150; x_wconf 90' lang='lat' dir='ltr'>Cibriano</span> <span class='ocrx_word' id='word_1_211' title='bbox 3601 3088 3672 3149; x_wconf 92' lang='lat' dir='ltr'>et</span> <span class='ocrx_word' id='word_1_212' title='bbox 3701 3077 3885 3150; x_wconf 90' lang='lat' dir='ltr'>Tho·-</span> 
     </span>
     <span class='ocr_line' id='line_1_22' title="bbox 1063 3201 3881 3294; baseline 0.001 -23"><span class='ocrx_word' id='word_1_213' title='bbox 1063 3201 1260 3271; x_wconf 90' lang='lat' dir='ltr'>masii</span> <span class='ocrx_word' id='word_1_214' title='bbox 1326 3201 1414 3272; x_wconf 93' lang='lat' dir='ltr'>de</span> <span class='ocrx_word' id='word_1_215' title='bbox 1463 3202 1813 3294; x_wconf 82' lang='lat' dir='ltr'>Pulzinigo</span> <span class='ocrx_word' id='word_1_216' title='bbox 1857 3203 2270 3293; x_wconf 87' lang='lat' dir='ltr'>liberorum,</span> <span class='ocrx_word' id='word_1_217' title='bbox 2333 3201 2630 3274; x_wconf 90' lang='lat' dir='ltr'>Cononis</span> <span class='ocrx_word' id='word_1_218' title='bbox 2677 3213 2747 3274; x_wconf 90' lang='lat' dir='ltr'>et</span> <span class='ocrx_word' id='word_1_219' title='bbox 2799 3202 3054 3274; x_wconf 89' lang='lat' dir='ltr'>Artuiti</span> <span class='ocrx_word' id='word_1_220' title='bbox 3099 3203 3389 3273; x_wconf 86' lang='lat' dir='ltr'>fratrum</span> <span class='ocrx_word' id='word_1_221' title='bbox 3441 3202 3530 3274; x_wconf 93' lang='lat' dir='ltr'>de</span> <span class='ocrx_word' id='word_1_222' title='bbox 3574 3201 3881 3289; x_wconf 90' lang='lat' dir='ltr'>Murico,</span> 
     </span>
     <span class='ocr_line' id='line_1_23' title="bbox 1065 3323 3885 3418; baseline 0.002 -25"><span class='ocrx_word' id='word_1_223' title='bbox 1065 3323 1394 3395; x_wconf 88' lang='lat' dir='ltr'>Iohannis</span> <span class='ocrx_word' id='word_1_224' title='bbox 1446 3335 1516 3396; x_wconf 95' lang='lat' dir='ltr'>et</span> <span class='ocrx_word' id='word_1_225' title='bbox 1562 3324 1922 3418; x_wconf 89' lang='lat' dir='ltr'>Adalperti</span> <span class='ocrx_word' id='word_1_226' title='bbox 1981 3327 2273 3397; x_wconf 86' lang='lat' dir='ltr'>fratrum</span> <span class='ocrx_word' id='word_1_227' title='bbox 2320 3326 2409 3398; x_wconf 89' lang='lat' dir='ltr'>de</span> <span class='ocrx_word' id='word_1_228' title='bbox 2465 3326 2779 3398; x_wconf 88' lang='lat' dir='ltr'>Cucanea</span> <span class='ocrx_word' id='word_1_229' title='bbox 2833 3336 2904 3397; x_wconf 92' lang='lat' dir='ltr'>et</span> <span class='ocrx_word' id='word_1_230' title='bbox 2948 3326 3223 3397; x_wconf 87' lang='lat' dir='ltr'>Henrici</span> <span class='ocrx_word' id='word_1_231' title='bbox 3276 3325 3368 3397; x_wconf 92' lang='lat' dir='ltr'>de</span> <span class='ocrx_word' id='word_1_232' title='bbox 3417 3326 3629 3413; x_wconf 82' lang='lat' dir='ltr'>Mels,</span> <span class='ocrx_word' id='word_1_233' title='bbox 3675 3334 3885 3416; x_wconf 84' lang='lat' dir='ltr'>atque</span> 
     </span>
     <span class='ocr_line' id='line_1_24' title="bbox 1064 3446 3886 3542; baseline 0.001 -25"><span class='ocrx_word' id='word_1_234' title='bbox 1064 3446 1356 3518; x_wconf 91' lang='lat' dir='ltr'>aliorum</span> <span class='ocrx_word' id='word_1_235' title='bbox 1407 3447 1710 3541; x_wconf 91' lang='lat' dir='ltr'>plurium</span> <span class='ocrx_word' id='word_1_236' title='bbox 1756 3447 2305 3519; x_wconf 87' lang='lat' dir='ltr'>ministerialium</span> <span class='ocrx_word' id='word_1_237' title='bbox 2363 3449 2649 3520; x_wconf 85' lang='lat' dir='ltr'>ecclesie</span> <span class='ocrx_word' id='word_1_238' title='bbox 2692 3449 3198 3541; x_wconf 87' lang='lat' dir='ltr'>Aquilejensis‚</span> <span class='ocrx_word' id='word_1_239' title='bbox 3247 3448 3441 3520; x_wconf 88' lang='lat' dir='ltr'>dedit</span> <span class='ocrx_word' id='word_1_240' title='bbox 3482 3447 3886 3542; x_wconf 91' lang='lat' dir='ltr'>parabolam</span> 
     </span>
     <span class='ocr_line' id='line_1_25' title="bbox 1063 3570 3888 3667; baseline 0.002 -28"><span class='ocrx_word' id='word_1_241' title='bbox 1063 3570 1391 3662; x_wconf 80' lang='lat' dir='ltr'>magistro</span> <span class='ocrx_word' id='word_1_242' title='bbox 1419 3571 1817 3663; x_wconf 80' lang='lat' dir='ltr'>Beringerio</span> <span class='ocrx_word' id='word_1_243' title='bbox 1848 3572 2286 3644; x_wconf 89' lang='lat' dir='ltr'>vicedomino</span> <span class='ocrx_word' id='word_1_244' title='bbox 2319 3594 2446 3644; x_wconf 91' lang='lat' dir='ltr'>suo</span> <span class='ocrx_word' id='word_1_245' title='bbox 2470 3572 2756 3666; x_wconf 86' lang='lat' dir='ltr'>jurandi</span> <span class='ocrx_word' id='word_1_246' title='bbox 2789 3573 2861 3643; x_wconf 94' lang='lat' dir='ltr'>in</span> <span class='ocrx_word' id='word_1_247' title='bbox 2898 3574 3130 3645; x_wconf 90' lang='lat' dir='ltr'>anima</span> <span class='ocrx_word' id='word_1_248' title='bbox 3161 3594 3287 3645; x_wconf 86' lang='lat' dir='ltr'>sua</span> <span class='ocrx_word' id='word_1_249' title='bbox 3316 3571 3547 3645; x_wconf 89' lang='lat' dir='ltr'>omnia</span> <span class='ocrx_word' id='word_1_250' title='bbox 3577 3572 3888 3667; x_wconf 87' lang='lat' dir='ltr'>predicta</span> 
     </span>
     <span class='ocr_line' id='line_1_26' title="bbox 1064 3693 3889 3787; baseline 0.001 -23"><span class='ocrx_word' id='word_1_251' title='bbox 1064 3705 1141 3765; x_wconf 91' lang='lat' dir='ltr'>ut</span> <span class='ocrx_word' id='word_1_252' title='bbox 1175 3693 1358 3765; x_wconf 90' lang='lat' dir='ltr'>dicte</span> <span class='ocrx_word' id='word_1_253' title='bbox 1390 3696 1918 3767; x_wconf 89' lang='lat' dir='ltr'>communitates</span> <span class='ocrx_word' id='word_1_254' title='bbox 1948 3696 2173 3768; x_wconf 90' lang='lat' dir='ltr'>eidem</span> <span class='ocrx_word' id='word_1_255' title='bbox 2202 3697 2652 3787; x_wconf 85' lang='lat' dir='ltr'>juraverant,</span> <span class='ocrx_word' id='word_1_256' title='bbox 2693 3718 2898 3769; x_wconf 88' lang='lat' dir='ltr'>versa</span> <span class='ocrx_word' id='word_1_257' title='bbox 2928 3697 3083 3768; x_wconf 87' lang='lat' dir='ltr'>vice</span> <span class='ocrx_word' id='word_1_258' title='bbox 3127 3696 3389 3768; x_wconf 77' lang='lat' dir='ltr'>eiSdem</span> <span class='ocrx_word' id='word_1_259' title='bbox 3422 3695 3784 3768; x_wconf 89' lang='lat' dir='ltr'>attendere</span> <span class='ocrx_word' id='word_1_260' title='bbox 3817 3705 3889 3767; x_wconf 93' lang='lat' dir='ltr'>et</span> 
     </span>
     <span class='ocr_line' id='line_1_27' title="bbox 1062 3818 3887 3915; baseline 0.001 -25"><span class='ocrx_word' id='word_1_261' title='bbox 1062 3819 1436 3890; x_wconf 88' lang='lat' dir='ltr'>observare</span> <span class='ocrx_word' id='word_1_262' title='bbox 1463 3819 1648 3891; x_wconf 89' lang='lat' dir='ltr'>bona</span> <span class='ocrx_word' id='word_1_263' title='bbox 1669 3818 1807 3891; x_wconf 86' lang='lat' dir='ltr'>fide</span> <span class='ocrx_word' id='word_1_264' title='bbox 1827 3820 1974 3890; x_wconf 89' lang='lat' dir='ltr'>sine</span> <span class='ocrx_word' id='word_1_265' title='bbox 2001 3820 2271 3890; x_wconf 83' lang='lat' dir='ltr'>fraude.</span> <span class='ocrx_word' id='word_1_266' title='bbox 2292 3820 2423 3906; x_wconf 88' lang='lat' dir='ltr'>Qui</span> <span class='ocrx_word' id='word_1_267' title='bbox 2442 3818 2699 3891; x_wconf 90' lang='lat' dir='ltr'>ibidem</span> <span class='ocrx_word' id='word_1_268' title='bbox 2723 3820 2942 3891; x_wconf 90' lang='lat' dir='ltr'>Libris</span> <span class='ocrx_word' id='word_1_269' title='bbox 2959 3830 3028 3892; x_wconf 89' lang='lat' dir='ltr'>et</span> <span class='ocrx_word' id='word_1_270' title='bbox 3043 3820 3415 3915; x_wconf 90' lang='lat' dir='ltr'>Scripturis</span> <span class='ocrx_word' id='word_1_271' title='bbox 3435 3820 3887 3914; x_wconf 84' lang='lat' dir='ltr'>corporaliter</span> 
     </span>
     <span class='ocr_line' id='line_1_28' title="bbox 1065 3941 3888 4039; baseline 0 -26"><span class='ocrx_word' id='word_1_272' title='bbox 1065 3942 1263 4014; x_wconf 89' lang='lat' dir='ltr'>tactis</span> <span class='ocrx_word' id='word_1_273' title='bbox 1292 3997 1312 4033; x_wconf 90' lang='lat'>,</span> <span class='ocrx_word' id='word_1_274' title='bbox 1358 3965 1496 4037; x_wconf 92' lang='lat' dir='ltr'>que</span> <span class='ocrx_word' id='word_1_275' title='bbox 1529 3942 1844 4038; x_wconf 88' lang='lat' dir='ltr'>superius</span> <span class='ocrx_word' id='word_1_276' title='bbox 1880 3943 2063 4016; x_wconf 90' lang='lat' dir='ltr'>dicta</span> <span class='ocrx_word' id='word_1_277' title='bbox 2097 3953 2260 4015; x_wconf 90' lang='lat' dir='ltr'>sunt</span> <span class='ocrx_word' id='word_1_278' title='bbox 2298 3943 2560 4034; x_wconf 87' lang='lat' dir='ltr'>juravit</span> <span class='ocrx_word' id='word_1_279' title='bbox 2605 3944 2678 4013; x_wconf 93' lang='lat' dir='ltr'>in</span> <span class='ocrx_word' id='word_1_280' title='bbox 2720 3943 3021 4015; x_wconf 87' lang='lat' dir='ltr'>animam</span> <span class='ocrx_word' id='word_1_281' title='bbox 3068 3942 3330 4016; x_wconf 91' lang='lat' dir='ltr'>domini</span> <span class='ocrx_word' id='word_1_282' title='bbox 3360 3941 3776 4039; x_wconf 88' lang='lat' dir='ltr'>patriarche,</span> <span class='ocrx_word' id='word_1_283' title='bbox 3815 3952 3888 4014; x_wconf 90' lang='lat' dir='ltr'>et</span> 
     </span>
     <span class='ocr_line' id='line_1_29' title="bbox 1062 4065 3879 4162; baseline 0 -26"><span class='ocrx_word' id='word_1_284' title='bbox 1062 4076 1460 4162; x_wconf 92' lang='lat' dir='ltr'>presentem</span> <span class='ocrx_word' id='word_1_285' title='bbox 1491 4065 1802 4139; x_wconf 88' lang='lat' dir='ltr'>chartam</span> <span class='ocrx_word' id='word_1_286' title='bbox 1840 4066 2024 4138; x_wconf 92' lang='lat' dir='ltr'>idem</span> <span class='ocrx_word' id='word_1_287' title='bbox 2058 4066 2450 4162; x_wconf 89' lang='lat' dir='ltr'>patriarcha</span> <span class='ocrx_word' id='word_1_288' title='bbox 2477 4066 2683 4158; x_wconf 86' lang='lat' dir='ltr'>jussit</span> <span class='ocrx_word' id='word_1_289' title='bbox 2723 4067 2826 4139; x_wconf 91' lang='lat' dir='ltr'>sui</span> <span class='ocrx_word' id='word_1_290' title='bbox 2872 4066 3077 4159; x_wconf 81' lang='lat' dir='ltr'>sigilli</span> <span class='ocrx_word' id='word_1_291' title='bbox 3119 4067 3498 4139; x_wconf 88' lang='lat' dir='ltr'>munimine</span> <span class='ocrx_word' id='word_1_292' title='bbox 3539 4065 3879 4138; x_wconf 88' lang='lat' dir='ltr'>roborari.</span> 
     </span>
    </p>

    <p class='ocr_par' dir='ltr' id='par_1_3' title="bbox 1160 4188 3103 4287">
     <span class='ocr_line' id='line_1_30' title="bbox 1160 4188 3103 4287; baseline -0.001 -25"><span class='ocrx_word' id='word_1_293' title='bbox 1160 4189 1412 4263; x_wconf 89' lang='lat' dir='ltr'>Actum</span> <span class='ocrx_word' id='word_1_294' title='bbox 1444 4190 1636 4287; x_wconf 90' lang='lat' dir='ltr'>apud</span> <span class='ocrx_word' id='word_1_295' title='bbox 1665 4190 1947 4263; x_wconf 91' lang='lat' dir='ltr'>Utinum</span> <span class='ocrx_word' id='word_1_296' title='bbox 1977 4192 2050 4263; x_wconf 93' lang='lat' dir='ltr'>in</span> <span class='ocrx_word' id='word_1_297' title='bbox 2082 4211 2362 4263; x_wconf 89' lang='lat' dir='ltr'>camera</span> <span class='ocrx_word' id='word_1_298' title='bbox 2389 4191 2653 4263; x_wconf 89' lang='lat' dir='ltr'>domini</span> <span class='ocrx_word' id='word_1_299' title='bbox 2686 4188 3103 4285; x_wconf 86' lang='lat' dir='ltr'>patriarche.</span> 
     </span>
    </p>

    <p class='ocr_par' dir='ltr' id='par_1_4' title="bbox 1061 4312 3886 4532">
     <span class='ocr_line' id='line_1_31' title="bbox 1157 4312 3886 4410; baseline -0.001 -24"><span class='ocrx_word' id='word_1_300' title='bbox 1157 4316 1305 4406; x_wconf 81' lang='lat' dir='ltr'>Ego</span> <span class='ocrx_word' id='word_1_301' title='bbox 1363 4314 1616 4387; x_wconf 87' lang='lat' dir='ltr'>Paulus</span> <span class='ocrx_word' id='word_1_302' title='bbox 1676 4315 1852 4387; x_wconf 90' lang='lat' dir='ltr'>sacri</span> <span class='ocrx_word' id='word_1_303' title='bbox 1917 4315 2154 4410; x_wconf 88' lang='lat' dir='ltr'>palatii</span> <span class='ocrx_word' id='word_1_304' title='bbox 2220 4315 2531 4387; x_wconf 79' lang='lat' dir='ltr'>notarius</span> <span class='ocrx_word' id='word_1_305' title='bbox 2592 4313 2700 4385; x_wconf 92' lang='lat' dir='ltr'>his</span> <span class='ocrx_word' id='word_1_306' title='bbox 2755 4313 3077 4385; x_wconf 91' lang='lat' dir='ltr'>omnibus</span> <span class='ocrx_word' id='word_1_307' title='bbox 3136 4312 3416 4385; x_wconf 84' lang='lat' dir='ltr'>interfui</span> <span class='ocrx_word' id='word_1_308' title='bbox 3480 4319 3552 4384; x_wconf 94' lang='lat' dir='ltr'>et</span> <span class='ocrx_word' id='word_1_309' title='bbox 3602 4321 3886 4405; x_wconf 81' lang='lat' dir='ltr'>rogatus</span> 
     </span>
     <span class='ocr_line' id='line_1_32' title="bbox 1061 4460 1332 4532; baseline -0.007 -22"><span class='ocrx_word' id='word_1_310' title='bbox 1061 4460 1332 4532; x_wconf 72' lang='lat' dir='ltr'>scripsi.</span> 
     </span>
    </p>
   </div>
  </div>
 </body>
</html>
