<?xml version="1.0" encoding="UTF-8"?>
<!DOCTYPE html PUBLIC "-//W3C//DTD XHTML 1.0 Transitional//EN"
    "http://www.w3.org/TR/xhtml1/DTD/xhtml1-transitional.dtd">
<html xmlns="http://www.w3.org/1999/xhtml" xml:lang="en" lang="en">
 <head>
  <title>
</title>
<meta http-equiv="Content-Type" content="text/html;charset=utf-8" />
  <meta name='ocr-system' content='tesseract 3.04.00' />
  <meta name='ocr-capabilities' content='ocr_page ocr_carea ocr_par ocr_line ocrx_word'/>
</head>
<body>
  <div class='ocr_page' id='page_1' title='image "./historiadiploma01empegoog_0064.png"; bbox 0 0 4525 6031; ppageno 0'>
   <div class='ocr_carea' id='block_1_1' title="bbox 1050 627 3888 706">
    <p class='ocr_par' dir='ltr' id='par_1_1' title="bbox 1050 627 3888 706">
     <span class='ocr_line' id='line_1_1' title="bbox 1050 627 3888 706; baseline 0 -14"><span class='ocrx_word' id='word_1_1' title='bbox 1050 630 1176 692; x_wconf 74' lang='lat'>604</span> <span class='ocrx_word' id='word_1_2' title='bbox 2064 627 2498 690; x_wconf 62' lang='lat' dir='ltr'>rami-‚mci</span> <span class='ocrx_word' id='word_1_3' title='bbox 2547 628 2898 690; x_wconf 70' lang='lat' dir='ltr'>saeuum</span> <span class='ocrx_word' id='word_1_4' title='bbox 3509 628 3675 706; x_wconf 64' lang='lat' dir='ltr'>[An.</span> <span class='ocrx_word' id='word_1_5' title='bbox 3712 629 3888 693; x_wconf 77' lang='lat'>1248.</span> 
     </span>
    </p>
   </div>
   <div class='ocr_carea' id='block_1_2' title="bbox 1050 762 3894 4835">
    <p class='ocr_par' dir='ltr' id='par_1_2' title="bbox 1050 762 3894 4835">
     <span class='ocr_line' id='line_1_2' title="bbox 1050 762 3893 859; baseline -0 -21"><span class='ocrx_word' id='word_1_6' title='bbox 1050 764 1310 838; x_wconf 88' lang='lat' dir='ltr'>crabile</span> <span class='ocrx_word' id='word_1_7' title='bbox 1330 763 1696 859; x_wconf 85' lang='lat' dir='ltr'>flagitium,</span> <span class='ocrx_word' id='word_1_8' title='bbox 1717 763 2145 837; x_wconf 91' lang='lat' dir='ltr'>horrendum</span> <span class='ocrx_word' id='word_1_9' title='bbox 2169 765 2642 859; x_wconf 81' lang='lat' dir='ltr'>spectaculum</span> <span class='ocrx_word' id='word_1_10' title='bbox 2676 764 2786 835; x_wconf 89' lang='lat' dir='ltr'>his</span> <span class='ocrx_word' id='word_1_11' title='bbox 2818 762 3066 835; x_wconf 90' lang='lat' dir='ltr'>diebus</span> <span class='ocrx_word' id='word_1_12' title='bbox 3096 783 3333 836; x_wconf 91' lang='lat' dir='ltr'>coram</span> <span class='ocrx_word' id='word_1_13' title='bbox 3350 764 3522 855; x_wconf 87' lang='lat' dir='ltr'>Deo,</span> <span class='ocrx_word' id='word_1_14' title='bbox 3536 765 3804 856; x_wconf 81' lang='lat' dir='ltr'>angelis</span> <span class='ocrx_word' id='word_1_15' title='bbox 3823 776 3893 840; x_wconf 89' lang='lat' dir='ltr'>et</span> 
     </span>
     <span class='ocr_line' id='line_1_3' title="bbox 1050 888 3893 985; baseline -0 -23"><span class='ocrx_word' id='word_1_16' title='bbox 1050 889 1451 962; x_wconf 88' lang='lat' dir='ltr'>hominibus</span> <span class='ocrx_word' id='word_1_17' title='bbox 1503 898 1610 961; x_wconf 90' lang='lat' dir='ltr'>est</span> <span class='ocrx_word' id='word_1_18' title='bbox 1664 896 2168 985; x_wconf 88' lang='lat' dir='ltr'>perpetratum,</span> <span class='ocrx_word' id='word_1_19' title='bbox 2203 910 2416 983; x_wconf 91' lang='lat' dir='ltr'>super</span> <span class='ocrx_word' id='word_1_20' title='bbox 2463 910 2605 982; x_wconf 93' lang='lat' dir='ltr'>quo</span> <span class='ocrx_word' id='word_1_21' title='bbox 2660 889 2949 961; x_wconf 80' lang='lat' dir='ltr'>deberet</span> <span class='ocrx_word' id='word_1_22' title='bbox 2998 889 3230 960; x_wconf 90' lang='lat' dir='ltr'>celum</span> <span class='ocrx_word' id='word_1_23' title='bbox 3281 888 3692 982; x_wconf 80' lang='lat' dir='ltr'>pallescere,</span> <span class='ocrx_word' id='word_1_24' title='bbox 3728 889 3893 963; x_wconf 91' lang='lat' dir='ltr'>solis</span> 
     </span>
     <span class='ocr_line' id='line_1_4' title="bbox 1050 982 3887 1108; baseline -0 -21"><span class='ocrx_word' id='word_1_25' title='bbox 1050 1013 1289 1087; x_wconf 88' lang='lat' dir='ltr'>radius</span> <span class='ocrx_word' id='word_1_26' title='bbox 1329 982 1517 1085; x_wconf 69' lang='lat' dir='ltr'>n&#39;ube</span> <span class='ocrx_word' id='word_1_27' title='bbox 1561 1012 1872 1108; x_wconf 90' lang='lat' dir='ltr'>palliari,</span> <span class='ocrx_word' id='word_1_28' title='bbox 1924 1011 2175 1107; x_wconf 79' lang='lat' dir='ltr'>sydera</span> <span class='ocrx_word' id='word_1_29' title='bbox 2217 1012 2477 1084; x_wconf 92' lang='lat' dir='ltr'>obduci</span> <span class='ocrx_word' id='word_1_30' title='bbox 2517 1012 2814 1105; x_wconf 88' lang='lat' dir='ltr'>caligine</span> <span class='ocrx_word' id='word_1_31' title='bbox 2862 1023 2934 1082; x_wconf 88' lang='lat' dir='ltr'>et</span> <span class='ocrx_word' id='word_1_32' title='bbox 2980 1012 3180 1104; x_wconf 86' lang='lat' dir='ltr'>quasi</span> <span class='ocrx_word' id='word_1_33' title='bbox 3229 1012 3462 1085; x_wconf 89' lang='lat' dir='ltr'>claudi</span> <span class='ocrx_word' id='word_1_34' title='bbox 3503 1013 3887 1104; x_wconf 79' lang='lat' dir='ltr'>signacuIO,</span> 
     </span>
     <span class='ocr_line' id='line_1_5' title="bbox 1054 1134 3891 1228; baseline -0 -19"><span class='ocrx_word' id='word_1_35' title='bbox 1054 1147 1238 1209; x_wconf 88' lang='lat' dir='ltr'>terra</span> <span class='ocrx_word' id='word_1_36' title='bbox 1269 1146 1594 1226; x_wconf 88' lang='lat' dir='ltr'>tremere,</span> <span class='ocrx_word' id='word_1_37' title='bbox 1619 1157 1808 1207; x_wconf 92' lang='lat' dir='ltr'>mare</span> <span class='ocrx_word' id='word_1_38' title='bbox 1844 1136 2332 1228; x_wconf 81' lang='lat' dir='ltr'>intumescere,</span> <span class='ocrx_word' id='word_1_39' title='bbox 2357 1136 2608 1208; x_wconf 88' lang='lat' dir='ltr'>tinnire</span> <span class='ocrx_word' id='word_1_40' title='bbox 2632 1158 2838 1208; x_wconf 93' lang='lat' dir='ltr'>aures</span> <span class='ocrx_word' id='word_1_41' title='bbox 2863 1134 3323 1225; x_wconf 91' lang='lat' dir='ltr'>audientium,</span> <span class='ocrx_word' id='word_1_42' title='bbox 3343 1136 3558 1208; x_wconf 89' lang='lat' dir='ltr'>corda</span> <span class='ocrx_word' id='word_1_43' title='bbox 3583 1134 3891 1208; x_wconf 83' lang='lat' dir='ltr'>fidelium</span> 
     </span>
     <span class='ocr_line' id='line_1_6' title="bbox 1052 1260 3889 1355; baseline -0.001 -20"><span class='ocrx_word' id='word_1_44' title='bbox 1052 1262 1330 1337; x_wconf 82' lang='lat' dir='ltr'>concuti</span> <span class='ocrx_word' id='word_1_45' title='bbox 1372 1273 1443 1333; x_wconf 92' lang='lat' dir='ltr'>et</span> <span class='ocrx_word' id='word_1_46' title='bbox 1484 1284 1685 1332; x_wconf 91' lang='lat' dir='ltr'>renes</span> <span class='ocrx_word' id='word_1_47' title='bbox 1726 1260 2262 1332; x_wconf 82' lang='lat' dir='ltr'>christianorum</span> <span class='ocrx_word' id='word_1_48' title='bbox 2304 1261 2842 1334; x_wconf 87' lang='lat' dir='ltr'>contremiscere</span> <span class='ocrx_word' id='word_1_49' title='bbox 2874 1281 2958 1331; x_wconf 94' lang='lat' dir='ltr'>ac</span> <span class='ocrx_word' id='word_1_50' title='bbox 2989 1260 3083 1332; x_wconf 99' lang='lat' dir='ltr'>ad</span> <span class='ocrx_word' id='word_1_51' title='bbox 3114 1260 3400 1332; x_wconf 88' lang='lat' dir='ltr'>ultionis</span> <span class='ocrx_word' id='word_1_52' title='bbox 3439 1282 3693 1355; x_wconf 90' lang='lat' dir='ltr'>penam</span> <span class='ocrx_word' id='word_1_53' title='bbox 3736 1283 3889 1333; x_wconf 91' lang='lat' dir='ltr'>om-</span> 
     </span>
     <span class='ocr_line' id='line_1_7' title="bbox 1053 1382 3894 1480; baseline -0.001 -21"><span class='ocrx_word' id='word_1_54' title='bbox 1053 1387 1248 1460; x_wconf 92' lang='lat' dir='ltr'>nium</span> <span class='ocrx_word' id='word_1_55' title='bbox 1273 1407 1543 1477; x_wconf 89' lang='lat' dir='ltr'>regum,</span> <span class='ocrx_word' id='word_1_56' title='bbox 1561 1385 1954 1480; x_wconf 87' lang='lat' dir='ltr'>principum</span> <span class='ocrx_word' id='word_1_57' title='bbox 1983 1396 2054 1456; x_wconf 88' lang='lat' dir='ltr'>et</span> <span class='ocrx_word' id='word_1_58' title='bbox 2077 1385 2374 1457; x_wconf 90' lang='lat' dir='ltr'>militum</span> <span class='ocrx_word' id='word_1_59' title='bbox 2403 1407 2486 1457; x_wconf 89' lang='lat' dir='ltr'>ac</span> <span class='ocrx_word' id='word_1_60' title='bbox 2512 1385 2999 1457; x_wconf 89' lang='lat' dir='ltr'>universorum</span> <span class='ocrx_word' id='word_1_61' title='bbox 3022 1382 3338 1456; x_wconf 88' lang='lat' dir='ltr'>fidelium</span> <span class='ocrx_word' id='word_1_62' title='bbox 3364 1384 3486 1478; x_wconf 92' lang='lat' dir='ltr'>qui</span> <span class='ocrx_word' id='word_1_63' title='bbox 3512 1383 3894 1456; x_wconf 89' lang='lat' dir='ltr'>christiani·</span> 
     </span>
     <span class='ocr_line' id='line_1_8' title="bbox 1056 1508 3889 1604; baseline -0 -20"><span class='ocrx_word' id='word_1_64' title='bbox 1056 1510 1215 1584; x_wconf 82' lang='lat' dir='ltr'>tatis</span> <span class='ocrx_word' id='word_1_65' title='bbox 1247 1510 1673 1604; x_wconf 85' lang='lat' dir='ltr'>professione</span> <span class='ocrx_word' id='word_1_66' title='bbox 1703 1517 2105 1598; x_wconf 88' lang='lat' dir='ltr'>censentur,</span> <span class='ocrx_word' id='word_1_67' title='bbox 2148 1509 2362 1581; x_wconf 91' lang='lat' dir='ltr'>corda</span> <span class='ocrx_word' id='word_1_68' title='bbox 2406 1509 2724 1581; x_wconf 82' lang='lat' dir='ltr'>excitari.</span> <span class='ocrx_word' id='word_1_69' title='bbox 2763 1508 2942 1581; x_wconf 90' lang='lat' dir='ltr'>Ecce</span> <span class='ocrx_word' id='word_1_70' title='bbox 2984 1508 3284 1602; x_wconf 84' lang='lat' dir='ltr'>qualiter</span> <span class='ocrx_word' id='word_1_71' title='bbox 3314 1508 3645 1581; x_wconf 87' lang='lat' dir='ltr'>insanivit</span> <span class='ocrx_word' id='word_1_72' title='bbox 3679 1530 3889 1604; x_wconf 85' lang='lat' dir='ltr'>preco</span> 
     </span>
     <span class='ocr_line' id='line_1_9' title="bbox 1053 1632 3886 1745; baseline -0.001 -38"><span class='ocrx_word' id='word_1_73' title='bbox 1053 1634 1331 1724; x_wconf 80' lang='lat' dir='ltr'>zabuli,</span> <span class='ocrx_word' id='word_1_74' title='bbox 1359 1634 1661 1706; x_wconf 83' lang='lat' dir='ltr'>Sathane</span> <span class='ocrx_word' id='word_1_75' title='bbox 1691 1632 1994 1705; x_wconf 88' lang='lat' dir='ltr'>vicarius</span> <span class='ocrx_word' id='word_1_76' title='bbox 2014 1685 2033 1723; x_wconf 93' lang='lat'>,</span> <span class='ocrx_word' id='word_1_77' title='bbox 2071 1632 2495 1745; x_wconf 78' lang='lat' dir='ltr'>prenuncius</span> <span class='ocrx_word' id='word_1_78' title='bbox 2522 1632 2930 1705; x_wconf 87' lang='lat' dir='ltr'>Antichristi</span> <span class='ocrx_word' id='word_1_79' title='bbox 2958 1643 3028 1705; x_wconf 92' lang='lat' dir='ltr'>et</span> <span class='ocrx_word' id='word_1_80' title='bbox 3054 1633 3365 1705; x_wconf 90' lang='lat' dir='ltr'>omnium</span> <span class='ocrx_word' id='word_1_81' title='bbox 3398 1634 3886 1706; x_wconf 80' lang='lat' dir='ltr'>crudelitatum</span> 
     </span>
     <span class='ocr_line' id='line_1_10' title="bbox 1054 1756 3888 1852; baseline -0 -22"><span class='ocrx_word' id='word_1_82' title='bbox 1054 1760 1310 1831; x_wconf 85' lang='lat' dir='ltr'>artifex</span> <span class='ocrx_word' id='word_1_83' title='bbox 1332 1768 1402 1830; x_wconf 91' lang='lat' dir='ltr'>et</span> <span class='ocrx_word' id='word_1_84' title='bbox 1436 1759 1861 1849; x_wconf 84' lang='lat' dir='ltr'>minister‚et</span> <span class='ocrx_word' id='word_1_85' title='bbox 1887 1767 2241 1850; x_wconf 81' lang='lat' dir='ltr'>grassatus</span> <span class='ocrx_word' id='word_1_86' title='bbox 2274 1768 2380 1828; x_wconf 88' lang='lat' dir='ltr'>est</span> <span class='ocrx_word' id='word_1_87' title='bbox 2413 1758 2482 1827; x_wconf 94' lang='lat' dir='ltr'>in</span> <span class='ocrx_word' id='word_1_88' title='bbox 2518 1756 2810 1829; x_wconf 89' lang='lat' dir='ltr'>christos</span> <span class='ocrx_word' id='word_1_89' title='bbox 2838 1756 3115 1829; x_wconf 92' lang='lat' dir='ltr'>Domini</span> <span class='ocrx_word' id='word_1_90' title='bbox 3147 1778 3577 1851; x_wconf 85' lang='lat' dir='ltr'>magnosque</span> <span class='ocrx_word' id='word_1_91' title='bbox 3609 1756 3888 1852; x_wconf 85' lang='lat' dir='ltr'>pontifi·</span> 
     </span>
     <span class='ocr_line' id='line_1_11' title="bbox 1054 1880 3891 1976; baseline -0 -22"><span class='ocrx_word' id='word_1_92' title='bbox 1054 1905 1173 1955; x_wconf 89' lang='lat' dir='ltr'>ces</span> <span class='ocrx_word' id='word_1_93' title='bbox 1223 1892 1463 1954; x_wconf 85' lang='lat' dir='ltr'>sancto</span> <span class='ocrx_word' id='word_1_94' title='bbox 1508 1880 1880 1953; x_wconf 90' lang='lat' dir='ltr'>chrismate</span> <span class='ocrx_word' id='word_1_95' title='bbox 1938 1881 2313 1953; x_wconf 80' lang='lat' dir='ltr'>delibutoS.</span> <span class='ocrx_word' id='word_1_96' title='bbox 2361 1880 2716 1976; x_wconf 90' lang='lat' dir='ltr'>Siquidem</span> <span class='ocrx_word' id='word_1_97' title='bbox 2772 1881 3139 1954; x_wconf 90' lang='lat' dir='ltr'>recolende</span> <span class='ocrx_word' id='word_1_98' title='bbox 3189 1882 3521 1954; x_wconf 90' lang='lat' dir='ltr'>memorie</span> <span class='ocrx_word' id='word_1_99' title='bbox 3569 1882 3891 1954; x_wconf 90' lang='lat' dir='ltr'>dominus</span> 
     </span>
     <span class='ocr_line' id='line_1_12' title="bbox 1054 2005 3890 2102; baseline 0 -23"><span class='ocrx_word' id='word_1_100' title='bbox 1054 2007 1496 2080; x_wconf 86' lang='lat' dir='ltr'>Marcellinus</span> <span class='ocrx_word' id='word_1_101' title='bbox 1517 2007 1844 2078; x_wconf 90' lang='lat' dir='ltr'>Aretinus</span> <span class='ocrx_word' id='word_1_102' title='bbox 1873 2006 2239 2102; x_wconf 91' lang='lat' dir='ltr'>episcopus</span> <span class='ocrx_word' id='word_1_103' title='bbox 2266 2028 2559 2077; x_wconf 91' lang='lat' dir='ltr'>cernens</span> <span class='ocrx_word' id='word_1_104' title='bbox 2590 2006 2663 2077; x_wconf 91' lang='lat' dir='ltr'>in</span> <span class='ocrx_word' id='word_1_105' title='bbox 2695 2027 2821 2078; x_wconf 91' lang='lat' dir='ltr'>sua</span> <span class='ocrx_word' id='word_1_106' title='bbox 2849 2005 3128 2078; x_wconf 88' lang='lat' dir='ltr'>civitate</span> <span class='ocrx_word' id='word_1_107' title='bbox 3160 2006 3661 2101; x_wconf 87' lang='lat' dir='ltr'>persecutionis</span> <span class='ocrx_word' id='word_1_108' title='bbox 3682 2007 3890 2079; x_wconf 88' lang='lat' dir='ltr'>ollam</span> 
     </span>
     <span class='ocr_line' id='line_1_13' title="bbox 1057 2131 3891 2225; baseline 0 -22"><span class='ocrx_word' id='word_1_109' title='bbox 1057 2155 1101 2204; x_wconf 91' lang='lat' dir='ltr'>a</span> <span class='ocrx_word' id='word_1_110' title='bbox 1132 2132 1307 2203; x_wconf 89' lang='lat' dir='ltr'>facie</span> <span class='ocrx_word' id='word_1_111' title='bbox 1344 2132 1687 2225; x_wconf 89' lang='lat' dir='ltr'>aquilonis</span> <span class='ocrx_word' id='word_1_112' title='bbox 1718 2131 2175 2203; x_wconf 90' lang='lat' dir='ltr'>vehementer</span> <span class='ocrx_word' id='word_1_113' title='bbox 2205 2152 2608 2202; x_wconf 90' lang='lat' dir='ltr'>succensam</span> <span class='ocrx_word' id='word_1_114' title='bbox 2643 2143 2885 2202; x_wconf 88' lang='lat' dir='ltr'>contra</span> <span class='ocrx_word' id='word_1_115' title='bbox 2914 2153 2987 2201; x_wconf 93' lang='lat' dir='ltr'>se</span> <span class='ocrx_word' id='word_1_116' title='bbox 3016 2131 3309 2201; x_wconf 91' lang='lat' dir='ltr'>nimium</span> <span class='ocrx_word' id='word_1_117' title='bbox 3335 2131 3654 2222; x_wconf 90' lang='lat' dir='ltr'>ebullire,</span> <span class='ocrx_word' id='word_1_118' title='bbox 3686 2131 3891 2204; x_wconf 89' lang='lat' dir='ltr'>cessit</span> 
     </span>
     <span class='ocr_line' id='line_1_14' title="bbox 1060 2252 3884 2351; baseline -0.001 -24"><span class='ocrx_word' id='word_1_119' title='bbox 1060 2257 1364 2327; x_wconf 91' lang='lat' dir='ltr'>currenti</span> <span class='ocrx_word' id='word_1_120' title='bbox 1415 2256 1629 2327; x_wconf 88' lang='lat' dir='ltr'>furori</span> <span class='ocrx_word' id='word_1_121' title='bbox 1683 2264 1752 2325; x_wconf 83' lang='lat' dir='ltr'>et</span> <span class='ocrx_word' id='word_1_122' title='bbox 1798 2252 1987 2349; x_wconf 91' lang='lat' dir='ltr'>apud</span> <span class='ocrx_word' id='word_1_123' title='bbox 2037 2253 2400 2325; x_wconf 89' lang='lat' dir='ltr'>Anconam</span> <span class='ocrx_word' id='word_1_124' title='bbox 2437 2253 2634 2326; x_wconf 91' lang='lat' dir='ltr'>Sedis</span> <span class='ocrx_word' id='word_1_125' title='bbox 2670 2254 3065 2351; x_wconf 86' lang='lat' dir='ltr'>Apostolice</span> <span class='ocrx_word' id='word_1_126' title='bbox 3112 2253 3324 2325; x_wconf 84' lang='lat' dir='ltr'>filiam</span> <span class='ocrx_word' id='word_1_127' title='bbox 3375 2255 3884 2328; x_wconf 89' lang='lat' dir='ltr'>devotissimam</span> 
     </span>
     <span class='ocr_line' id='line_1_15' title="bbox 1059 2376 3890 2474; baseline 0 -25"><span class='ocrx_word' id='word_1_128' title='bbox 1059 2379 1260 2450; x_wconf 91' lang='lat' dir='ltr'>annis</span> <span class='ocrx_word' id='word_1_129' title='bbox 1286 2379 1599 2474; x_wconf 90' lang='lat' dir='ltr'>pluribus</span> <span class='ocrx_word' id='word_1_130' title='bbox 1626 2378 1697 2447; x_wconf 91' lang='lat' dir='ltr'>in</span> <span class='ocrx_word' id='word_1_131' title='bbox 1732 2376 2023 2471; x_wconf 89' lang='lat' dir='ltr'>penuria</span> <span class='ocrx_word' id='word_1_132' title='bbox 2051 2377 2390 2449; x_wconf 87' lang='lat' dir='ltr'>exulavit.</span> <span class='ocrx_word' id='word_1_133' title='bbox 2425 2379 2761 2473; x_wconf 90' lang='lat' dir='ltr'>Suscepto</span> <span class='ocrx_word' id='word_1_134' title='bbox 2795 2377 3006 2470; x_wconf 88' lang='lat' dir='ltr'>igitur</span> <span class='ocrx_word' id='word_1_135' title='bbox 3033 2377 3313 2449; x_wconf 89' lang='lat' dir='ltr'>tandem</span> <span class='ocrx_word' id='word_1_136' title='bbox 3357 2390 3689 2473; x_wconf 90' lang='lat' dir='ltr'>precepto</span> <span class='ocrx_word' id='word_1_137' title='bbox 3724 2399 3890 2474; x_wconf 88' lang='lat' dir='ltr'>apo·</span> 
     </span>
     <span class='ocr_line' id='line_1_16' title="bbox 1057 2501 3883 2598; baseline -0.001 -23"><span class='ocrx_word' id='word_1_138' title='bbox 1057 2503 1302 2575; x_wconf 91' lang='lat' dir='ltr'>stolico</span> <span class='ocrx_word' id='word_1_139' title='bbox 1338 2502 1712 2598; x_wconf 90' lang='lat' dir='ltr'>plurimum</span> <span class='ocrx_word' id='word_1_140' title='bbox 1739 2501 2082 2573; x_wconf 90' lang='lat' dir='ltr'>laboravit</span> <span class='ocrx_word' id='word_1_141' title='bbox 2125 2511 2203 2573; x_wconf 92' lang='lat' dir='ltr'>ut</span> <span class='ocrx_word' id='word_1_142' title='bbox 2240 2502 2671 2573; x_wconf 85' lang='lat' dir='ltr'>Marchiones</span> <span class='ocrx_word' id='word_1_143' title='bbox 2710 2501 2800 2572; x_wconf 94' lang='lat' dir='ltr'>de</span> <span class='ocrx_word' id='word_1_144' title='bbox 2842 2501 3157 2573; x_wconf 89' lang='lat' dir='ltr'>faucibus</span> <span class='ocrx_word' id='word_1_145' title='bbox 3190 2502 3513 2573; x_wconf 90' lang='lat' dir='ltr'>virulenti</span> <span class='ocrx_word' id='word_1_146' title='bbox 3537 2502 3883 2589; x_wconf 78' lang='lat' dir='ltr'>draconiS,</span> 
     </span>
     <span class='ocr_line' id='line_1_17' title="bbox 1057 2624 3888 2720; baseline -0 -21"><span class='ocrx_word' id='word_1_147' title='bbox 1057 2626 1149 2699; x_wconf 90' lang='lat' dir='ltr'>de</span> <span class='ocrx_word' id='word_1_148' title='bbox 1201 2626 1469 2720; x_wconf 92' lang='lat' dir='ltr'>laqueis</span> <span class='ocrx_word' id='word_1_149' title='bbox 1516 2625 1916 2698; x_wconf 89' lang='lat' dir='ltr'>venantium</span> <span class='ocrx_word' id='word_1_150' title='bbox 1962 2624 2363 2695; x_wconf 83' lang='lat' dir='ltr'>daemonum</span> <span class='ocrx_word' id='word_1_151' title='bbox 2400 2634 2470 2696; x_wconf 92' lang='lat' dir='ltr'>et</span> <span class='ocrx_word' id='word_1_152' title='bbox 2507 2626 2865 2720; x_wconf 74' lang='lat' dir='ltr'>tyrannica</span> <span class='ocrx_word' id='word_1_153' title='bbox 2913 2625 3248 2697; x_wconf 90' lang='lat' dir='ltr'>servitute</span> <span class='ocrx_word' id='word_1_154' title='bbox 3295 2638 3596 2716; x_wconf 88' lang='lat' dir='ltr'>erueret,</span> <span class='ocrx_word' id='word_1_155' title='bbox 3630 2627 3704 2697; x_wconf 90' lang='lat' dir='ltr'>in</span> <span class='ocrx_word' id='word_1_156' title='bbox 3748 2649 3888 2720; x_wconf 93' lang='lat' dir='ltr'>quo</span> 
     </span>
     <span class='ocr_line' id='line_1_18' title="bbox 1061 2748 3883 2846; baseline 0 -24"><span class='ocrx_word' id='word_1_157' title='bbox 1061 2751 1429 2823; x_wconf 90' lang='lat' dir='ltr'>videbatur</span> <span class='ocrx_word' id='word_1_158' title='bbox 1469 2773 1593 2846; x_wconf 92' lang='lat' dir='ltr'>per</span> <span class='ocrx_word' id='word_1_159' title='bbox 1623 2750 1751 2821; x_wconf 90' lang='lat' dir='ltr'>Dei</span> <span class='ocrx_word' id='word_1_160' title='bbox 1792 2749 2085 2841; x_wconf 80' lang='lat' dir='ltr'>gratiam</span> <span class='ocrx_word' id='word_1_161' title='bbox 2123 2748 2631 2841; x_wconf 88' lang='lat' dir='ltr'>aliquantulum</span> <span class='ocrx_word' id='word_1_162' title='bbox 2673 2749 3074 2844; x_wconf 86' lang='lat' dir='ltr'>profecisse.</span> <span class='ocrx_word' id='word_1_163' title='bbox 3118 2750 3418 2841; x_wconf 85' lang='lat' dir='ltr'>Contigit</span> <span class='ocrx_word' id='word_1_164' title='bbox 3467 2760 3700 2822; x_wconf 87' lang='lat' dir='ltr'>autem</span> <span class='ocrx_word' id='word_1_165' title='bbox 3744 2752 3883 2824; x_wconf 91' lang='lat' dir='ltr'>Do-</span> 
     </span>
     <span class='ocr_line' id='line_1_19' title="bbox 1061 2872 3887 2968; baseline 0 -23"><span class='ocrx_word' id='word_1_166' title='bbox 1061 2876 1249 2946; x_wconf 91' lang='lat' dir='ltr'>mino</span> <span class='ocrx_word' id='word_1_167' title='bbox 1295 2874 1736 2968; x_wconf 89' lang='lat' dir='ltr'>permittente</span> <span class='ocrx_word' id='word_1_168' title='bbox 1778 2882 1857 2943; x_wconf 84' lang='lat' dir='ltr'>ut</span> <span class='ocrx_word' id='word_1_169' title='bbox 1896 2873 1966 2942; x_wconf 89' lang='lat' dir='ltr'>in</span> <span class='ocrx_word' id='word_1_170' title='bbox 2009 2894 2258 2943; x_wconf 89' lang='lat' dir='ltr'>manus</span> <span class='ocrx_word' id='word_1_171' title='bbox 2291 2873 2630 2943; x_wconf 85' lang='lat' dir='ltr'>incideret</span> <span class='ocrx_word' id='word_1_172' title='bbox 2660 2872 2963 2944; x_wconf 91' lang='lat' dir='ltr'>hostium</span> <span class='ocrx_word' id='word_1_173' title='bbox 2997 2884 3066 2944; x_wconf 90' lang='lat' dir='ltr'>et</span> <span class='ocrx_word' id='word_1_174' title='bbox 3099 2874 3364 2945; x_wconf 91' lang='lat' dir='ltr'>duriter</span> <span class='ocrx_word' id='word_1_175' title='bbox 3395 2874 3463 2944; x_wconf 90' lang='lat' dir='ltr'>in</span> <span class='ocrx_word' id='word_1_176' title='bbox 3499 2897 3777 2946; x_wconf 90' lang='lat' dir='ltr'>carcere</span> <span class='ocrx_word' id='word_1_177' title='bbox 3806 2898 3887 2946; x_wconf 88' lang='lat' dir='ltr'>ac</span> 
     </span>
     <span class='ocr_line' id='line_1_20' title="bbox 1060 2998 3878 3095; baseline 0 -25"><span class='ocrx_word' id='word_1_178' title='bbox 1060 3000 1357 3072; x_wconf 89' lang='lat' dir='ltr'>vinculis</span> <span class='ocrx_word' id='word_1_179' title='bbox 1396 3008 1830 3095; x_wconf 89' lang='lat' dir='ltr'>premeretur</span> <span class='ocrx_word' id='word_1_180' title='bbox 1867 3021 1993 3091; x_wconf 94' lang='lat' dir='ltr'>per</span> <span class='ocrx_word' id='word_1_181' title='bbox 2037 3007 2173 3069; x_wconf 88' lang='lat' dir='ltr'>tres</span> <span class='ocrx_word' id='word_1_182' title='bbox 2214 3020 2490 3070; x_wconf 92' lang='lat' dir='ltr'>menses</span> <span class='ocrx_word' id='word_1_183' title='bbox 2528 3009 2599 3069; x_wconf 89' lang='lat' dir='ltr'>et</span> <span class='ocrx_word' id='word_1_184' title='bbox 2630 2998 2927 3095; x_wconf 91' lang='lat' dir='ltr'>amplius</span> <span class='ocrx_word' id='word_1_185' title='bbox 2963 3021 3006 3071; x_wconf 91' lang='lat' dir='ltr'>a</span> <span class='ocrx_word' id='word_1_186' title='bbox 3037 2999 3447 3072; x_wconf 88' lang='lat' dir='ltr'>satellitibus</span> <span class='ocrx_word' id='word_1_187' title='bbox 3476 2998 3878 3073; x_wconf 87' lang='lat' dir='ltr'>Pharaonis.</span> 
     </span>
     <span class='ocr_line' id='line_1_21' title="bbox 1062 3121 3887 3216; baseline 0 -21"><span class='ocrx_word' id='word_1_188' title='bbox 1062 3125 1373 3216; x_wconf 89' lang='lat' dir='ltr'>Denique</span> <span class='ocrx_word' id='word_1_189' title='bbox 1410 3122 1519 3194; x_wconf 91' lang='lat' dir='ltr'>vir</span> <span class='ocrx_word' id='word_1_190' title='bbox 1563 3121 1981 3213; x_wconf 75' lang='lat' dir='ltr'>sanguinum</span> <span class='ocrx_word' id='word_1_191' title='bbox 2022 3122 2430 3194; x_wconf 88' lang='lat' dir='ltr'>Fredericus</span> <span class='ocrx_word' id='word_1_192' title='bbox 2474 3122 2595 3215; x_wconf 92' lang='lat' dir='ltr'>qui</span> <span class='ocrx_word' id='word_1_193' title='bbox 2643 3133 2974 3216; x_wconf 89' lang='lat' dir='ltr'>tanquam</span> <span class='ocrx_word' id='word_1_194' title='bbox 3031 3124 3244 3196; x_wconf 91' lang='lat' dir='ltr'>draco</span> <span class='ocrx_word' id='word_1_195' title='bbox 3295 3125 3593 3196; x_wconf 85' lang='lat' dir='ltr'>saeviens</span> <span class='ocrx_word' id='word_1_196' title='bbox 3646 3147 3729 3197; x_wconf 92' lang='lat' dir='ltr'>ac</span> <span class='ocrx_word' id='word_1_197' title='bbox 3776 3128 3887 3198; x_wconf 90' lang='lat' dir='ltr'>leo</span> 
     </span>
     <span class='ocr_line' id='line_1_22' title="bbox 1062 3246 3887 3341; baseline 0.001 -22"><span class='ocrx_word' id='word_1_198' title='bbox 1062 3248 1343 3341; x_wconf 90' lang='lat' dir='ltr'>rugiens</span> <span class='ocrx_word' id='word_1_199' title='bbox 1376 3246 1620 3317; x_wconf 87' lang='lat' dir='ltr'>circuit</span> <span class='ocrx_word' id='word_1_200' title='bbox 1669 3267 1968 3339; x_wconf 91' lang='lat' dir='ltr'>querens</span> <span class='ocrx_word' id='word_1_201' title='bbox 2000 3267 2210 3338; x_wconf 89' lang='lat' dir='ltr'>quem</span> <span class='ocrx_word' id='word_1_202' title='bbox 2252 3246 2569 3336; x_wconf 89' lang='lat' dir='ltr'>devoret,</span> <span class='ocrx_word' id='word_1_203' title='bbox 2604 3247 2923 3319; x_wconf 91' lang='lat' dir='ltr'>madidus</span> <span class='ocrx_word' id='word_1_204' title='bbox 2959 3248 3296 3341; x_wconf 89' lang='lat' dir='ltr'>sanguine</span> <span class='ocrx_word' id='word_1_205' title='bbox 3331 3249 3779 3321; x_wconf 89' lang='lat' dir='ltr'>innocentum</span> <span class='ocrx_word' id='word_1_206' title='bbox 3819 3264 3887 3321; x_wconf 86' lang='lat' dir='ltr'>et</span> 
     </span>
     <span class='ocr_line' id='line_1_23' title="bbox 1059 3367 3883 3465; baseline 0.001 -23"><span class='ocrx_word' id='word_1_207' title='bbox 1059 3391 1307 3442; x_wconf 89' lang='lat' dir='ltr'>cruore</span> <span class='ocrx_word' id='word_1_208' title='bbox 1352 3377 1745 3439; x_wconf 90' lang='lat' dir='ltr'>sanctorum</span> <span class='ocrx_word' id='word_1_209' title='bbox 1791 3368 2061 3456; x_wconf 82' lang='lat' dir='ltr'>ebriuS,</span> <span class='ocrx_word' id='word_1_210' title='bbox 2098 3367 2231 3440; x_wconf 90' lang='lat' dir='ltr'>hoc</span> <span class='ocrx_word' id='word_1_211' title='bbox 2279 3369 2517 3440; x_wconf 86' lang='lat' dir='ltr'>audito</span> <span class='ocrx_word' id='word_1_212' title='bbox 2554 3371 2929 3465; x_wconf 89' lang='lat' dir='ltr'>plurimum</span> <span class='ocrx_word' id='word_1_213' title='bbox 2969 3381 3074 3443; x_wconf 92' lang='lat' dir='ltr'>est</span> <span class='ocrx_word' id='word_1_214' title='bbox 3115 3373 3367 3454; x_wconf 82' lang='lat' dir='ltr'>letatus</span> <span class='ocrx_word' id='word_1_215' title='bbox 3408 3382 3478 3444; x_wconf 90' lang='lat' dir='ltr'>et</span> <span class='ocrx_word' id='word_1_216' title='bbox 3518 3373 3609 3445; x_wconf 92' lang='lat' dir='ltr'>ad</span> <span class='ocrx_word' id='word_1_217' title='bbox 3655 3375 3883 3446; x_wconf 82' lang='lat' dir='ltr'>extin-</span> 
     </span>
     <span class='ocr_line' id='line_1_24' title="bbox 1057 3492 3885 3593; baseline 0.002 -28"><span class='ocrx_word' id='word_1_218' title='bbox 1057 3494 1416 3588; x_wconf 89' lang='lat' dir='ltr'>guendum</span> <span class='ocrx_word' id='word_1_219' title='bbox 1452 3492 1573 3563; x_wconf 92' lang='lat' dir='ltr'>Dei</span> <span class='ocrx_word' id='word_1_220' title='bbox 1614 3495 1962 3585; x_wconf 91' lang='lat' dir='ltr'>presulem</span> <span class='ocrx_word' id='word_1_221' title='bbox 2013 3493 2233 3566; x_wconf 91' lang='lat' dir='ltr'>ferino</span> <span class='ocrx_word' id='word_1_222' title='bbox 2273 3494 2506 3565; x_wconf 90' lang='lat' dir='ltr'>animo</span> <span class='ocrx_word' id='word_1_223' title='bbox 2550 3495 2907 3589; x_wconf 92' lang='lat' dir='ltr'>aspiravit.</span> <span class='ocrx_word' id='word_1_224' title='bbox 2940 3495 3280 3566; x_wconf 87' lang='lat' dir='ltr'>Nimirum</span> <span class='ocrx_word' id='word_1_225' title='bbox 3315 3495 3428 3567; x_wconf 93' lang='lat' dir='ltr'>hic</span> <span class='ocrx_word' id='word_1_226' title='bbox 3459 3497 3709 3593; x_wconf 91' lang='lat' dir='ltr'>impius</span> <span class='ocrx_word' id='word_1_227' title='bbox 3738 3499 3885 3570; x_wconf 86' lang='lat' dir='ltr'>dux</span> 
     </span>
     <span class='ocr_line' id='line_1_25' title="bbox 1058 3611 3881 3713; baseline 0.002 -25"><span class='ocrx_word' id='word_1_228' title='bbox 1058 3616 1459 3713; x_wconf 89' lang='lat' dir='ltr'>prophanus</span> <span class='ocrx_word' id='word_1_229' title='bbox 1491 3615 1785 3705; x_wconf 73' lang='lat' dir='ltr'>bahem,</span> <span class='ocrx_word' id='word_1_230' title='bbox 1818 3617 1995 3687; x_wconf 88' lang='lat' dir='ltr'>sicut</span> <span class='ocrx_word' id='word_1_231' title='bbox 2026 3627 2224 3711; x_wconf 92' lang='lat' dir='ltr'>pater</span> <span class='ocrx_word' id='word_1_232' title='bbox 2269 3640 2436 3688; x_wconf 91' lang='lat' dir='ltr'>suus</span> <span class='ocrx_word' id='word_1_233' title='bbox 2468 3611 2814 3708; x_wconf 81' lang='lat' dir='ltr'>diaboluS,</span> <span class='ocrx_word' id='word_1_234' title='bbox 2847 3627 3088 3692; x_wconf 89' lang='lat' dir='ltr'>contra</span> <span class='ocrx_word' id='word_1_235' title='bbox 3128 3619 3253 3690; x_wconf 93' lang='lat' dir='ltr'>Dei</span> <span class='ocrx_word' id='word_1_236' title='bbox 3296 3621 3674 3692; x_wconf 88' lang='lat' dir='ltr'>Ecclesiam</span> <span class='ocrx_word' id='word_1_237' title='bbox 3711 3622 3881 3693; x_wconf 91' lang='lat' dir='ltr'>iram</span> 
     </span>
     <span class='ocr_line' id='line_1_26' title="bbox 1059 3740 3882 3838; baseline 0.002 -26"><span class='ocrx_word' id='word_1_238' title='bbox 1059 3740 1654 3834; x_wconf 88' lang='lat' dir='ltr'>magnam,sciens</span> <span class='ocrx_word' id='word_1_239' title='bbox 1692 3741 1885 3832; x_wconf 90' lang='lat' dir='ltr'>quod</span> <span class='ocrx_word' id='word_1_240' title='bbox 1910 3741 2259 3812; x_wconf 90' lang='lat' dir='ltr'>modicum</span> <span class='ocrx_word' id='word_1_241' title='bbox 2297 3750 2572 3837; x_wconf 90' lang='lat' dir='ltr'>tempus</span> <span class='ocrx_word' id='word_1_242' title='bbox 2599 3742 2839 3833; x_wconf 90' lang='lat' dir='ltr'>habet,</span> <span class='ocrx_word' id='word_1_243' title='bbox 2858 3745 3173 3838; x_wconf 91' lang='lat' dir='ltr'>protinus</span> <span class='ocrx_word' id='word_1_244' title='bbox 3204 3746 3277 3816; x_wconf 93' lang='lat' dir='ltr'>in</span> <span class='ocrx_word' id='word_1_245' title='bbox 3308 3745 3612 3819; x_wconf 87' lang='lat' dir='ltr'>furorem</span> <span class='ocrx_word' id='word_1_246' title='bbox 3650 3769 3882 3820; x_wconf 90' lang='lat' dir='ltr'>erum-</span> 
     </span>
     <span class='ocr_line' id='line_1_27' title="bbox 1059 3864 3884 3960; baseline 0.002 -25"><span class='ocrx_word' id='word_1_247' title='bbox 1059 3887 1259 3960; x_wconf 90' lang='lat' dir='ltr'>pens,</span> <span class='ocrx_word' id='word_1_248' title='bbox 1289 3885 1410 3936; x_wconf 90' lang='lat' dir='ltr'>ore</span> <span class='ocrx_word' id='word_1_249' title='bbox 1433 3864 1678 3936; x_wconf 88' lang='lat' dir='ltr'>rabido</span> <span class='ocrx_word' id='word_1_250' title='bbox 1705 3864 2178 3958; x_wconf 89' lang='lat' dir='ltr'>suspensionis</span> <span class='ocrx_word' id='word_1_251' title='bbox 2204 3874 2275 3936; x_wconf 83' lang='lat' dir='ltr'>et</span> <span class='ocrx_word' id='word_1_252' title='bbox 2289 3867 2516 3958; x_wconf 90' lang='lat' dir='ltr'>juguli</span> <span class='ocrx_word' id='word_1_253' title='bbox 2544 3878 2785 3939; x_wconf 90' lang='lat' dir='ltr'>contra</span> <span class='ocrx_word' id='word_1_254' title='bbox 2809 3868 3142 3940; x_wconf 89' lang='lat' dir='ltr'>christum</span> <span class='ocrx_word' id='word_1_255' title='bbox 3171 3870 3446 3942; x_wconf 92' lang='lat' dir='ltr'>Domini</span> <span class='ocrx_word' id='word_1_256' title='bbox 3469 3873 3884 3943; x_wconf 88' lang='lat' dir='ltr'>sententiam</span> 
     </span>
     <span class='ocr_line' id='line_1_28' title="bbox 1056 3988 3879 4083; baseline 0.002 -22"><span class='ocrx_word' id='word_1_257' title='bbox 1056 3988 1449 4061; x_wconf 89' lang='lat' dir='ltr'>fulminavit</span> <span class='ocrx_word' id='word_1_258' title='bbox 1475 3989 1662 4083; x_wconf 92' lang='lat' dir='ltr'>apud</span> <span class='ocrx_word' id='word_1_259' title='bbox 1687 3988 2060 4059; x_wconf 88' lang='lat' dir='ltr'>Victoriam</span> <span class='ocrx_word' id='word_1_260' title='bbox 2087 3989 2179 4061; x_wconf 94' lang='lat' dir='ltr'>ab</span> <span class='ocrx_word' id='word_1_261' title='bbox 2216 4010 2299 4061; x_wconf 94' lang='lat' dir='ltr'>eo</span> <span class='ocrx_word' id='word_1_262' title='bbox 2334 3990 2725 4080; x_wconf 90' lang='lat' dir='ltr'>fundatam,</span> <span class='ocrx_word' id='word_1_263' title='bbox 2745 3992 2872 4064; x_wconf 91' lang='lat' dir='ltr'>sed</span> <span class='ocrx_word' id='word_1_264' title='bbox 2900 3993 3115 4064; x_wconf 90' lang='lat' dir='ltr'>titulis</span> <span class='ocrx_word' id='word_1_265' title='bbox 3143 3991 3453 4066; x_wconf 86' lang='lat' dir='ltr'>fidelium</span> <span class='ocrx_word' id='word_1_266' title='bbox 3475 3995 3879 4069; x_wconf 87' lang='lat' dir='ltr'>adscriben-</span> 
     </span>
     <span class='ocr_line' id='line_1_29' title="bbox 1057 4113 3882 4210; baseline 0.002 -24"><span class='ocrx_word' id='word_1_267' title='bbox 1057 4114 1405 4187; x_wconf 87' lang='lat' dir='ltr'>dam.Hoc</span> <span class='ocrx_word' id='word_1_268' title='bbox 1431 4123 1666 4184; x_wconf 88' lang='lat' dir='ltr'>autem</span> <span class='ocrx_word' id='word_1_269' title='bbox 1690 4122 1923 4184; x_wconf 89' lang='lat' dir='ltr'>actum</span> <span class='ocrx_word' id='word_1_270' title='bbox 1957 4122 2230 4185; x_wconf 90' lang='lat' dir='ltr'>estnon</span> <span class='ocrx_word' id='word_1_271' title='bbox 2259 4113 2411 4185; x_wconf 91' lang='lat' dir='ltr'>sine</span> <span class='ocrx_word' id='word_1_272' title='bbox 2436 4115 2784 4210; x_wconf 89' lang='lat' dir='ltr'>stupendo</span> <span class='ocrx_word' id='word_1_273' title='bbox 2811 4116 3170 4207; x_wconf 88' lang='lat' dir='ltr'>miracu10,</span> <span class='ocrx_word' id='word_1_274' title='bbox 3193 4119 3394 4192; x_wconf 88' lang='lat' dir='ltr'>tertio</span> <span class='ocrx_word' id='word_1_275' title='bbox 3414 4118 3742 4192; x_wconf 86' lang='lat' dir='ltr'>videlicet</span> <span class='ocrx_word' id='word_1_276' title='bbox 3769 4120 3882 4193; x_wconf 90' lang='lat' dir='ltr'>die</span> 
     </span>
     <span class='ocr_line' id='line_1_30' title="bbox 1056 4236 3880 4336; baseline 0.002 -27"><span class='ocrx_word' id='word_1_277' title='bbox 1056 4246 1219 4309; x_wconf 89' lang='lat' dir='ltr'>ante</span> <span class='ocrx_word' id='word_1_278' title='bbox 1264 4259 1469 4308; x_wconf 90' lang='lat' dir='ltr'>suum</span> <span class='ocrx_word' id='word_1_279' title='bbox 1517 4244 1586 4306; x_wconf 88' lang='lat' dir='ltr'>et</span> <span class='ocrx_word' id='word_1_280' title='bbox 1629 4236 1814 4307; x_wconf 93' lang='lat' dir='ltr'>illius</span> <span class='ocrx_word' id='word_1_281' title='bbox 1861 4236 1994 4307; x_wconf 93' lang='lat' dir='ltr'>loci</span> <span class='ocrx_word' id='word_1_282' title='bbox 2036 4237 2529 4308; x_wconf 82' lang='lat' dir='ltr'>exterminium</span> <span class='ocrx_word' id='word_1_283' title='bbox 2574 4238 3015 4335; x_wconf 90' lang='lat' dir='ltr'>triumphale.</span> <span class='ocrx_word' id='word_1_284' title='bbox 3051 4241 3205 4336; x_wconf 84' lang='lat' dir='ltr'>ipsa</span> <span class='ocrx_word' id='word_1_285' title='bbox 3243 4264 3547 4335; x_wconf 89' lang='lat' dir='ltr'>namque</span> <span class='ocrx_word' id='word_1_286' title='bbox 3578 4243 3880 4315; x_wconf 89' lang='lat' dir='ltr'>Victoria</span> 
     </span>
     <span class='ocr_line' id='line_1_31' title="bbox 1057 4362 3882 4457; baseline 0.003 -25"><span class='ocrx_word' id='word_1_287' title='bbox 1057 4362 1237 4433; x_wconf 84' lang='lat' dir='ltr'>felici</span> <span class='ocrx_word' id='word_1_288' title='bbox 1297 4362 1607 4456; x_wconf 91' lang='lat' dir='ltr'>auspicio</span> <span class='ocrx_word' id='word_1_289' title='bbox 1660 4370 1905 4432; x_wconf 88' lang='lat' dir='ltr'>contra</span> <span class='ocrx_word' id='word_1_290' title='bbox 1954 4371 2199 4433; x_wconf 91' lang='lat' dir='ltr'>votum</span> <span class='ocrx_word' id='word_1_291' title='bbox 2260 4363 2552 4434; x_wconf 89' lang='lat' dir='ltr'>furentis</span> <span class='ocrx_word' id='word_1_292' title='bbox 2601 4363 2720 4457; x_wconf 91' lang='lat' dir='ltr'>qui</span> <span class='ocrx_word' id='word_1_293' title='bbox 2768 4363 2832 4434; x_wconf 92' lang='lat' dir='ltr'>ei</span> <span class='ocrx_word' id='word_1_294' title='bbox 2882 4386 3138 4439; x_wconf 89' lang='lat' dir='ltr'>nomen</span> <span class='ocrx_word' id='word_1_295' title='bbox 3193 4366 3478 4456; x_wconf 88' lang='lat' dir='ltr'>indidit,</span> <span class='ocrx_word' id='word_1_296' title='bbox 3535 4368 3882 4440; x_wconf 90' lang='lat' dir='ltr'>victoriosi</span> 
     </span>
     <span class='ocr_line' id='line_1_32' title="bbox 1061 4484 3879 4586; baseline 0.002 -30"><span class='ocrx_word' id='word_1_297' title='bbox 1061 4485 1331 4581; x_wconf 89' lang='lat' dir='ltr'>trophei</span> <span class='ocrx_word' id='word_1_298' title='bbox 1385 4484 1763 4580; x_wconf 90' lang='lat' dir='ltr'>tripudium</span> <span class='ocrx_word' id='word_1_299' title='bbox 1806 4485 1895 4557; x_wconf 92' lang='lat' dir='ltr'>de</span> <span class='ocrx_word' id='word_1_300' title='bbox 1936 4485 2162 4579; x_wconf 91' lang='lat' dir='ltr'>seipsa</span> <span class='ocrx_word' id='word_1_301' title='bbox 2203 4488 2383 4580; x_wconf 91' lang='lat' dir='ltr'>parti</span> <span class='ocrx_word' id='word_1_302' title='bbox 2420 4508 2778 4558; x_wconf 91' lang='lat' dir='ltr'>cessurum</span> <span class='ocrx_word' id='word_1_303' title='bbox 2823 4490 3126 4562; x_wconf 90' lang='lat' dir='ltr'>Ecclesie</span> <span class='ocrx_word' id='word_1_304' title='bbox 3165 4514 3294 4564; x_wconf 91' lang='lat' dir='ltr'>suo</span> <span class='ocrx_word' id='word_1_305' title='bbox 3340 4491 3681 4563; x_wconf 89' lang='lat' dir='ltr'>vocabulo</span> <span class='ocrx_word' id='word_1_306' title='bbox 3722 4513 3879 4586; x_wconf 89' lang='lat' dir='ltr'>pre·</span> 
     </span>
     <span class='ocr_line' id='line_1_33' title="bbox 1059 4607 3879 4706; baseline 0.002 -26"><span class='ocrx_word' id='word_1_307' title='bbox 1059 4607 1363 4702; x_wconf 88' lang='lat' dir='ltr'>signivit.</span> <span class='ocrx_word' id='word_1_308' title='bbox 1384 4607 1701 4680; x_wconf 88' lang='lat' dir='ltr'>Ceterum</span> <span class='ocrx_word' id='word_1_309' title='bbox 1739 4630 1898 4681; x_wconf 92' lang='lat' dir='ltr'>cum</span> <span class='ocrx_word' id='word_1_310' title='bbox 1927 4608 2187 4680; x_wconf 90' lang='lat' dir='ltr'>Averni</span> <span class='ocrx_word' id='word_1_311' title='bbox 2210 4611 2535 4706; x_wconf 83' lang='lat' dir='ltr'>cyclopes</span> <span class='ocrx_word' id='word_1_312' title='bbox 2561 4619 2632 4682; x_wconf 88' lang='lat' dir='ltr'>et</span> <span class='ocrx_word' id='word_1_313' title='bbox 2648 4612 2939 4684; x_wconf 88' lang='lat' dir='ltr'>Vulcani</span> <span class='ocrx_word' id='word_1_314' title='bbox 2961 4614 3294 4687; x_wconf 89' lang='lat' dir='ltr'>satellites</span> <span class='ocrx_word' id='word_1_315' title='bbox 3314 4615 3448 4687; x_wconf 92' lang='lat' dir='ltr'>hoc</span> <span class='ocrx_word' id='word_1_316' title='bbox 3476 4615 3879 4688; x_wconf 86' lang='lat' dir='ltr'>mandatum</span> 
     </span>
     <span class='ocr_line' id='line_1_34' title="bbox 1059 4732 3873 4835; baseline 0.004 -34"><span class='ocrx_word' id='word_1_317' title='bbox 1059 4751 1102 4801; x_wconf 88' lang='lat' dir='ltr'>a</span> <span class='ocrx_word' id='word_1_318' title='bbox 1125 4753 1251 4804; x_wconf 90' lang='lat' dir='ltr'>suo</span> <span class='ocrx_word' id='word_1_319' title='bbox 1280 4732 1591 4827; x_wconf 90' lang='lat' dir='ltr'>principe</span> <span class='ocrx_word' id='word_1_320' title='bbox 1623 4732 2078 4828; x_wconf 88' lang='lat' dir='ltr'>recepissent,</span> <span class='ocrx_word' id='word_1_321' title='bbox 2106 4734 2446 4825; x_wconf 78' lang='lat' dir='ltr'>urgebant</span> <span class='ocrx_word' id='word_1_322' title='bbox 2475 4734 2878 4829; x_wconf 90' lang='lat' dir='ltr'>episcopum</span> <span class='ocrx_word' id='word_1_323' title='bbox 2910 4747 2989 4809; x_wconf 91' lang='lat' dir='ltr'>ut</span> <span class='ocrx_word' id='word_1_324' title='bbox 3024 4737 3172 4832; x_wconf 89' lang='lat' dir='ltr'>ipse</span> <span class='ocrx_word' id='word_1_325' title='bbox 3199 4738 3560 4812; x_wconf 90' lang='lat' dir='ltr'>dominum</span> <span class='ocrx_word' id='word_1_326' title='bbox 3592 4760 3873 4835; x_wconf 92' lang='lat' dir='ltr'>papam,</span> 
     </span>
    </p>
   </div>
  </div>
 </body>
</html>
