4525 6031
1785 603 2414 665 Auni-ramnum.
3274 577 3277 578 ἢ
3388 608 3515 672 933

679 750 1077 822 habuerunt
1127 765 1256 842 pro
1299 744 1486 816 bono
1527 741 1677 813 foro
1726 739 1874 812 sive
1916 749 2221 813 mercato
2270 750 2341 812 et
2387 752 2960 836 asportaverunt,
2989 744 3317 818 videlicet
3343 768 3511 819 vasa

679 893 893 947 aurea
927 880 998 943 et
1027 877 1387 962 argentea,
1429 884 1770 958 gemmas,
1804 862 2125 953 uniones,
2159 863 2599 956 margaritas,
2635 876 2745 939 etc
2753 920 3503 941 ..........

792 1567 1258 1671 FridericuS,
1311 1567 1836 1650 Romanorum
1875 1565 2317 1674 imperator,
2357 1567 2675 1648 mandat
2709 1567 3114 1649 comitibus
3150 1578 3225 1651 et
3269 1569 3509 1652 nohi-
3565 1630 3634 1674 ω,
3648 1576 3926 1682 &iiim

685 1703 886 1786 libus
938 1701 1158 1812 regni
1212 1699 1509 1783 Siciliae
1560 1711 1645 1782 ut
1689 1709 1959 1808 parent
2012 1725 2093 1780 se
2153 1700 2250 1781 ad
2310 1700 2875 1807 procedendum
2926 1712 3222 1783 armata
3274 1728 3510 1784 manu

685 1846 952 1918 contra
988 1832 1307 1917 rebelles
1350 1832 1687 1941 imperii,
1739 1830 2102 1914 nuntians
2135 1830 2533 1914 victoriam
2570 1831 2667 1913 de
2702 1831 3138 1915 infidelibus
3174 1834 3251 1914 in
3291 1834 3510 1917 Mar-

688 1966 858 2049 chia
904 1976 1363 2074 reportatam
1401 1974 1477 2047 et
1511 1963 1941 2072 captionem
1984 1964 2323 2046 Civitatis
2359 1963 2634 2046 Novae.

853 2181 1045 2261 (Edit.
1076 2183 1137 2240 in
1166 2180 1333 2241 Petri
1357 2178 1428 2240 de
1458 2179 1593 2239 Vin.
1624 2175 1874 2257 epistol„
1908 2178 2010 2238 lib.
2043 2178 2135 2255 11,
2165 2195 2300 2253 cap.
2337 2179 2479 2254 XV3
2510 2180 2646 2239 coll.
2677 2196 2811 2237 cum
2849 2179 3097 2239 codicib.
3129 2180 3282 2240 Bibl.
3312 2181 3506 2242 Cesar.

928 2289 1142 2362 Paris,
1160 2285 1346 2367 sends
1373 2284 1857 2348 saint-Germia
1885 2282 2135 2363 Harlay,
2164 2296 2231 2344 n⁰
2261 2294 2411 2355 4553
2433 2283 2618 2364 sends
2649 2286 3067 2361 Notre-Dame,
3101 2287 3168 2346 n‘
3199 2297 3346 2358 202;
3376 2305 3508 2349 ane.

911 2391 1097 2482 fomis
1125 2390 1300 2471 latin,
1333 2403 1512 2470 8567,
1558 2401 1660 2465 90,
1702 2391 1803 2451 ubi
1840 2392 2074 2452 rubrica
2108 2412 2122 2449 ε
2156 2390 2499 2451 Fredericus
2536 2391 2908 2452 universitati
2929 2390 3232 2471 Neapolis,
3274 2401 3335 2454 et
3373 2411 3516 2454 cum

929 2499 1129 2559 codice
1178 2498 1334 2558 Bibl.
1380 2498 1599 2570 Vatic„
1637 2506 1702 2556 n0
1738 2505 1919 2570 4957,
1952 2496 2055 2557 ubi
2090 2498 2276 2557 altera
2316 2496 2552 2558 rubrica
2594 2515 2610 2556 ε
2654 2498 2741 2558 De
2776 2500 3206 2577 recuperatione
3247 2500 3514 2560 Civitatis

931 2605 1125 2668 Novae
1144 2612 1200 2666 et
1225 2604 1487 2684 captione
1512 2601 1878 2682 multorum.)

790 2792 994 2879 Quod
1034 2815 1243 2865 cause
1296 2802 1532 2863 nostre
1579 2791 1932 2885 justiciam
1982 2790 2409 2885 dispensatio
2464 2812 2765 2885 superna
2821 2791 3176 2886 respiciat,
3227 2794 3515 2887 potestis

693 2917 1123 2991 evidentium
1175 2928 1746 3011 argumentorum
1789 2915 2271 3010 experimento
2340 2915 2700 3007 colligere,
2752 2915 2920 2987 dum
2971 2927 3205 3011 preter
3263 2939 3513 3010 quam-

695 3045 929 3139 plures
980 3066 1073 3115 ex
1112 3042 1428 3115 hostibus
1468 3042 1725 3114 nostris
1764 3042 1885 3135 qui
1917 3041 2178 3112 diutius
2218 3040 2619 3113 omnimodo
2654 3063 2796 3112 non
2836 3042 3098 3134 absque
3137 3043 3516 3115 materialis

694 3167 908 3261 gladii
948 3167 1333 3240 vibratione
1373 3166 1733 3238 decertant
1767 3164 1903 3262 (a),
1940 3165 2140 3236 multi
2176 3187 2271 3237 ex
2306 3164 2421 3254 iis,
2457 3175 2536 3235 ut
2566 3166 2806 3260 culpas
2837 3165 3152 3260 proprias
3178 3169 3518 3262 penaliter

696 3291 1006 3380 doleant,
1058 3290 1131 3361 in
1184 3289 1418 3383 laquei
1460 3289 1677 3361 nostri
1724 3299 2085 3384 capturam
2139 3288 2624 3360 miserabiliter
2665 3288 3015 3380 incidunt,
3055 3302 3125 3361 et
3155 3294 3508 3384 nonnulli,

695 3435 870 3509 quos
910 3413 1297 3485 emulorum
1357 3412 1707 3484 interdum
1760 3411 2111 3504 suggestio
2167 3410 2556 3506 perniciosa
2601 3412 2974 3502 subvertit,
3029 3413 3301 3507 plenius
3350 3417 3514 3487 esti-

696 3549 967 3610 mantes
998 3535 1540 3609 misericordiam
1572 3557 1867 3629 querere
1906 3557 2116 3629 quam
2155 3545 2528 3630 expectare
2553 3536 2929 3628 judicium,
2961 3535 3054 3607 ad
3089 3537 3315 3608 sinum
3347 3561 3515 3610 nos-

698 3675 802 3734 tre
853 3660 1161 3757 potentie
1207 3658 1569 3755 spontanei
1617 3668 2085 3731 revertuntur.
2124 3659 2326 3731 Scitis
2371 3658 2627 3731 etenim
2664 3660 2963 3751 qualiter
3001 3658 3339 3732 hactenus
3384 3664 3511 3733 ali·

697 3786 818 3879 qui
860 3783 1239 3859 Marchiani
1278 3782 1371 3855 ad
1421 3784 1627 3854 falsas
1670 3782 2150 3875 suggestiones
2186 3781 2530 3877 capitanei
2564 3778 2923 3879 [Ecclesie]
2959 3780 3062 3878 (l)
3108 3791 3178 3853 et
3220 3785 3514 3855 aliorum

694 3906 1458 4004 pseudoprophetarum
1496 3906 2122 3998 evangelizantium
2157 3905 2451 3976 verbum
2486 3925 2736 3996 guerre
2755 3958 2774 3994 ,
2812 3926 2853 3976 a
2882 3903 3046 3975 fidei
3070 3916 3304 3978 nostre
3357 3929 3516 3998 ges-

698 4032 882 4104 tibus
934 4030 1379 4126 impudenter
1434 4039 1881 4119 erraverunt3
1934 4038 2007 4100 et
2067 4028 2331 4099 tamdiu
2384 4027 2569 4123 passi
2618 4036 2782 4098 sunt
2838 4049 2912 4099 se
2974 4027 3182 4120 hujus
3259 4032 3513 4104 erroris

775 4206 862 4289 (a)
905 4208 979 4268 In
1004 4206 1206 4268 codIce
1232 4214 1347 4266 202
1373 4202 1690 4286 decipiunt,
1718 4222 1911 4283 neque
1938 4204 2171 4266 clarius.

766 4524 838 4598 (t)
869 4522 1085 4582 Scilicet
1105 4521 1354 4596 Hugolini
1370 4522 1442 4580 de
1460 4520 1682 4581 Novello
1708 4520 1802 4593 qui
1825 4536 1932 4578 una
1949 4535 2075 4577 cum
2091 4518 2348 4577 Pandolfo
2374 4524 2432 4576 et
2452 4519 2725 4578 Matthaeo
2746 4519 2816 4577 de
2840 4519 3114 4579 Fasanella
3136 4528 3192 4580 et
3211 4524 3416 4583 Jecobo
3443 4528 3513 4585 de

557 4672 560 4677 .
693 4624 891 4694 Morta,
902 4619 1112 4679 Siciliae
1127 4619 1466 4691 forbannitis,
1481 4618 1821 4678 Marchianos
1839 4617 2109 4676 Ecclesiae
2134 4616 2485 4675 adhaerentes
2504 4616 2607 4674 sub
2630 4618 2947 4677 auctoritate
2962 4619 3244 4680 cardinalis
3259 4624 3513 4698 Raynerii

694 4718 934 4793 regebat.

858 4818 962 4883 VI·
1000 4832 1113 4879 Pan
1133 4833 1180 4878 2.
3078 4825 3101 4877 1
3122 4825 3191 4878 18
