<?xml version="1.0" encoding="UTF-8"?>
<!DOCTYPE html PUBLIC "-//W3C//DTD XHTML 1.0 Transitional//EN"
    "http://www.w3.org/TR/xhtml1/DTD/xhtml1-transitional.dtd">
<html xmlns="http://www.w3.org/1999/xhtml" xml:lang="en" lang="en">
 <head>
  <title>
</title>
<meta http-equiv="Content-Type" content="text/html;charset=utf-8" />
  <meta name='ocr-system' content='tesseract 3.04.00' />
  <meta name='ocr-capabilities' content='ocr_page ocr_carea ocr_par ocr_line ocrx_word'/>
</head>
<body>
  <div class='ocr_page' id='page_1' title='image "./historiadiploma01empegoog_0471.png"; bbox 0 0 4525 6031; ppageno 0'>
   <div class='ocr_carea' id='block_1_1' title="bbox 1799 687 2497 752">
    <p class='ocr_par' dir='ltr' id='par_1_1' title="bbox 1799 687 2497 752">
     <span class='ocr_line' id='line_1_1' title="bbox 1799 687 2497 752; baseline -0.003 0"><span class='ocrx_word' id='word_1_1' title='bbox 1799 691 2050 752; x_wconf 78' lang='lat' dir='ltr'>INDEX</span> <span class='ocrx_word' id='word_1_2' title='bbox 2093 687 2497 751; x_wconf 76' lang='lat' dir='ltr'><strong>NOMINUM.</strong></span> 
     </span>
    </p>
   </div>
   <div class='ocr_carea' id='block_1_2' title="bbox 630 819 2149 4462">
    <p class='ocr_par' dir='ltr' id='par_1_2' title="bbox 637 819 1966 1144">
     <span class='ocr_line' id='line_1_2' title="bbox 637 819 1850 894; baseline 0.002 -16"><span class='ocrx_word' id='word_1_3' title='bbox 637 819 958 878; x_wconf 73' lang='lat' dir='ltr'>Gualtorius</span> <span class='ocrx_word' id='word_1_4' title='bbox 988 819 1050 876; x_wconf 74' lang='lat' dir='ltr'>do</span> <span class='ocrx_word' id='word_1_5' title='bbox 1077 823 1324 891; x_wconf 76' lang='lat' dir='ltr'>Reviton,</span> <span class='ocrx_word' id='word_1_6' title='bbox 1352 822 1691 894; x_wconf 84' lang='lat' dir='ltr'>peregrinus,</span> <span class='ocrx_word' id='word_1_7' title='bbox 1721 825 1850 881; x_wconf 90' lang='grc'><strong>788.</strong></span> 
     </span>
     <span class='ocr_line' id='line_1_3' title="bbox 637 902 1966 981; baseline 0.003 -21"><span class='ocrx_word' id='word_1_8' title='bbox 637 902 960 960; x_wconf 65' lang='lat' dir='ltr'>&amp;valterius</span> <span class='ocrx_word' id='word_1_9' title='bbox 986 904 1252 975; x_wconf 70' lang='lat' dir='ltr'>Scorlica,</span> <span class='ocrx_word' id='word_1_10' title='bbox 1282 906 1516 978; x_wconf 85' lang='lat' dir='ltr'>piscator</span> <span class='ocrx_word' id='word_1_11' title='bbox 1533 908 1602 963; x_wconf 92' lang='lat' dir='ltr'>de</span> <span class='ocrx_word' id='word_1_12' title='bbox 1626 908 1812 981; x_wconf 90' lang='lat' dir='ltr'>Papia,</span> <span class='ocrx_word' id='word_1_13' title='bbox 1843 910 1966 964; x_wconf 98' lang='grc'><strong>687.</strong></span> 
     </span>
     <span class='ocr_line' id='line_1_4' title="bbox 637 986 1841 1063; baseline 0.002 -20"><span class='ocrx_word' id='word_1_14' title='bbox 637 986 950 1044; x_wconf 75' lang='lat' dir='ltr'>Guallm‘us</span> <span class='ocrx_word' id='word_1_15' title='bbox 977 988 1313 1057; x_wconf 76' lang='lat' dir='ltr'>Vidaoaines,</span> <span class='ocrx_word' id='word_1_16' title='bbox 1356 990 1686 1063; x_wconf 81' lang='lat' dir='ltr'>peregrinus,</span> <span class='ocrx_word' id='word_1_17' title='bbox 1715 992 1841 1048; x_wconf 92' lang='grc'><strong>787.</strong></span> 
     </span>
     <span class='ocr_line' id='line_1_5' title="bbox 637 1069 1552 1144; baseline 0.003 -19"><span class='ocrx_word' id='word_1_18' title='bbox 637 1069 1000 1127; x_wconf 56' lang='lat' dir='ltr'>Galateam-ottus</span> <span class='ocrx_word' id='word_1_19' title='bbox 1023 1073 1270 1142; x_wconf 80' lang='lat' dir='ltr'>Comitis,</span> <span class='ocrx_word' id='word_1_20' title='bbox 1298 1074 1469 1144; x_wconf 87' lang='lat' dir='ltr'>testis,</span> <span class='ocrx_word' id='word_1_21' title='bbox 1501 1078 1552 1128; x_wconf 90' lang='lat'>8.</span> 
     </span>
    </p>

    <p class='ocr_par' dir='ltr' id='par_1_3' title="bbox 633 1152 2058 1309">
     <span class='ocr_line' id='line_1_6' title="bbox 633 1152 2058 1230; baseline 0.004 -20"><span class='ocrx_word' id='word_1_22' title='bbox 633 1152 952 1210; x_wconf 74' lang='lat' dir='ltr'>Guazvanus</span> <span class='ocrx_word' id='word_1_23' title='bbox 974 1156 1200 1227; x_wconf 70' lang='lat' dir='ltr'>Lancea,</span> <span class='ocrx_word' id='word_1_24' title='bbox 1219 1162 1455 1230; x_wconf 84' lang='lat' dir='ltr'>potestas</span> <span class='ocrx_word' id='word_1_25' title='bbox 1473 1158 1700 1229; x_wconf 87' lang='lat' dir='ltr'>Paduae,</span> <span class='ocrx_word' id='word_1_26' title='bbox 1728 1174 1927 1230; x_wconf 87' lang='lat' dir='ltr'>comes,</span> <span class='ocrx_word' id='word_1_27' title='bbox 1956 1162 2058 1215; x_wconf 90' lang='grc'>439</span> 
     </span>
     <span class='ocr_line' id='line_1_7' title="bbox 705 1241 1138 1309; baseline 0.007 -17"><span class='ocrx_word' id='word_1_28' title='bbox 705 1242 761 1292; x_wconf 84' lang='lat' dir='ltr'>et</span> <span class='ocrx_word' id='word_1_29' title='bbox 789 1243 898 1294; x_wconf 87' lang='lat' dir='ltr'>not.</span> <span class='ocrx_word' id='word_1_30' title='bbox 930 1241 982 1309; x_wconf 90' lang='grc'>2,</span> <span class='ocrx_word' id='word_1_31' title='bbox 1016 1243 1138 1296; x_wconf 92' lang='grc'><strong>947.</strong></span> 
     </span>
    </p>

    <p class='ocr_par' dir='ltr' id='par_1_4' title="bbox 636 1313 1842 1396">
     <span class='ocr_line' id='line_1_8' title="bbox 636 1313 1842 1396; baseline 0.005 -21"><span class='ocrx_word' id='word_1_32' title='bbox 636 1319 973 1378; x_wconf 74' lang='lat' dir='ltr'>Guarnerius</span> <span class='ocrx_word' id='word_1_33' title='bbox 996 1313 1062 1378; x_wconf 74' lang='lat' dir='ltr'>ilc</span> <span class='ocrx_word' id='word_1_34' title='bbox 1087 1325 1322 1392; x_wconf 61' lang='lat' dir='ltr'>Leones,</span> <span class='ocrx_word' id='word_1_35' title='bbox 1359 1325 1695 1396; x_wconf 79' lang='lat' dir='ltr'>peregrinus,</span> <span class='ocrx_word' id='word_1_36' title='bbox 1717 1327 1842 1381; x_wconf 88' lang='grc'><strong>786.</strong></span> 
     </span>
    </p>

    <p class='ocr_par' dir='ltr' id='par_1_5' title="bbox 635 1402 1464 1476">
     <span class='ocr_line' id='line_1_9' title="bbox 635 1402 1464 1476; baseline 0.004 -17"><span class='ocrx_word' id='word_1_37' title='bbox 635 1402 803 1475; x_wconf 78' lang='lat' dir='ltr'>Guelfi</span> <span class='ocrx_word' id='word_1_38' title='bbox 827 1404 1154 1473; x_wconf 74' lang='lat' dir='ltr'><strong><em>Florentiae,</em></strong></span> <span class='ocrx_word' id='word_1_39' title='bbox 1186 1408 1310 1476; x_wconf 88' lang='grc'><strong>584,</strong></span> <span class='ocrx_word' id='word_1_40' title='bbox 1340 1410 1464 1465; x_wconf 90' lang='grc'><strong>728.</strong></span> 
     </span>
    </p>

    <p class='ocr_par' dir='ltr' id='par_1_6' title="bbox 634 1485 1750 1563">
     <span class='ocr_line' id='line_1_10' title="bbox 634 1485 1750 1563; baseline 0.004 -20"><span class='ocrx_word' id='word_1_41' title='bbox 634 1485 908 1555; x_wconf 61' lang='grc' dir='ltr'><strong>θνα-σίας,</strong></span> <span class='ocrx_word' id='word_1_42' title='bbox 940 1489 1262 1545; x_wconf 86' lang='lat' dir='ltr'>Lucanensis</span> <span class='ocrx_word' id='word_1_43' title='bbox 1291 1489 1592 1563; x_wconf 75' lang='lat' dir='ltr'>episcopua,</span> <span class='ocrx_word' id='word_1_44' title='bbox 1626 1494 1750 1547; x_wconf 94' lang='grc'><strong>347.</strong></span> 
     </span>
    </p>

    <p class='ocr_par' dir='ltr' id='par_1_7' title="bbox 635 1570 2062 1808">
     <span class='ocr_line' id='line_1_11' title="bbox 635 1570 2057 1644; baseline 0.004 -17"><span class='ocrx_word' id='word_1_45' title='bbox 635 1570 899 1627; x_wconf 76' lang='lat' dir='ltr'>Guozolus</span> <span class='ocrx_word' id='word_1_46' title='bbox 919 1571 982 1628; x_wconf 76' lang='lat' dir='ltr'>de</span> <span class='ocrx_word' id='word_1_47' title='bbox 1005 1573 1197 1642; x_wconf 74' lang='lat' dir='ltr'>Prota,</span> <span class='ocrx_word' id='word_1_48' title='bbox 1225 1573 1339 1630; x_wconf 86' lang='lat' dir='ltr'>sive</span> <span class='ocrx_word' id='word_1_49' title='bbox 1369 1575 1676 1644; x_wconf 77' lang='lat' dir='ltr'>Gueczolus,</span> <span class='ocrx_word' id='word_1_50' title='bbox 1720 1576 1833 1631; x_wconf 84' lang='lat' dir='ltr'>sive</span> <span class='ocrx_word' id='word_1_51' title='bbox 1864 1577 2057 1632; x_wconf 70' lang='grc' dir='ltr'><strong>644οοί-</strong></span> 
     </span>
     <span class='ocr_line' id='line_1_12' title="bbox 706 1652 2062 1729; baseline 0.005 -21"><span class='ocrx_word' id='word_1_52' title='bbox 706 1652 836 1722; x_wconf 75' lang='lat' dir='ltr'>lius,</span> <span class='ocrx_word' id='word_1_53' title='bbox 857 1656 980 1723; x_wconf 78' lang='grc' dir='ltr'><strong>582ς</strong></span> <span class='ocrx_word' id='word_1_54' title='bbox 1002 1655 1212 1729; x_wconf 86' lang='lat' dir='ltr'>imperii</span> <span class='ocrx_word' id='word_1_55' title='bbox 1224 1656 1454 1712; x_wconf 84' lang='lat' dir='ltr'>vicarius</span> <span class='ocrx_word' id='word_1_56' title='bbox 1469 1657 1732 1729; x_wconf 80' lang='lat' dir='ltr'>generalis</span> <span class='ocrx_word' id='word_1_57' title='bbox 1749 1658 1806 1713; x_wconf 90' lang='lat' dir='ltr'>in</span> <span class='ocrx_word' id='word_1_58' title='bbox 1825 1658 2062 1715; x_wconf 88' lang='lat' dir='ltr'>marchia</span> 
     </span>
     <span class='ocr_line' id='line_1_13' title="bbox 703 1737 1156 1808; baseline 0.007 -17"><span class='ocrx_word' id='word_1_59' title='bbox 703 1737 1000 1808; x_wconf 84' lang='lat' dir='ltr'>Tarvisina,</span> <span class='ocrx_word' id='word_1_60' title='bbox 1030 1741 1090 1794; x_wconf 88' lang='grc'>74</span> <span class='ocrx_word' id='word_1_61' title='bbox 1107 1741 1156 1794; x_wconf 85' lang='grc'>4.</span> 
     </span>
    </p>

    <p class='ocr_par' dir='ltr' id='par_1_8' title="bbox 635 1818 2062 1972">
     <span class='ocr_line' id='line_1_14' title="bbox 635 1818 2062 1892; baseline 0.004 -16"><span class='ocrx_word' id='word_1_62' title='bbox 635 1818 967 1890; x_wconf 73' lang='lat' dir='ltr'>Guyliolmus</span> <span class='ocrx_word' id='word_1_63' title='bbox 999 1821 1260 1889; x_wconf 72' lang='lat' dir='ltr'><strong><em>villanus,</em></strong></span> <span class='ocrx_word' id='word_1_64' title='bbox 1287 1821 1603 1892; x_wconf 82' lang='lat' dir='ltr'>justitiarius</span> <span class='ocrx_word' id='word_1_65' title='bbox 1634 1824 1687 1877; x_wconf 89' lang='lat' dir='ltr'>in</span> <span class='ocrx_word' id='word_1_66' title='bbox 1719 1821 1898 1880; x_wconf 87' lang='lat' dir='ltr'>Sicilia</span> <span class='ocrx_word' id='word_1_67' title='bbox 1926 1823 2062 1881; x_wconf 89' lang='lat' dir='ltr'>citra</span> 
     </span>
     <span class='ocr_line' id='line_1_15' title="bbox 704 1900 1630 1972; baseline 0.003 -18"><span class='ocrx_word' id='word_1_68' title='bbox 704 1900 901 1956; x_wconf 86' lang='lat' dir='ltr'>flumen</span> <span class='ocrx_word' id='word_1_69' title='bbox 928 1902 1158 1972; x_wconf 84' lang='lat' dir='ltr'>Salsum,</span> <span class='ocrx_word' id='word_1_70' title='bbox 1190 1904 1313 1970; x_wconf 95' lang='grc'><strong>802,</strong></span> <span class='ocrx_word' id='word_1_71' title='bbox 1346 1905 1468 1971; x_wconf 88' lang='grc'><strong>803,</strong></span> <span class='ocrx_word' id='word_1_72' title='bbox 1509 1905 1630 1958; x_wconf 88' lang='grc'><strong>947.</strong></span> 
     </span>
    </p>

    <p class='ocr_par' dir='ltr' id='par_1_9' title="bbox 634 1982 1848 2058">
     <span class='ocr_line' id='line_1_16' title="bbox 634 1982 1848 2058; baseline 0.002 -18"><span class='ocrx_word' id='word_1_73' title='bbox 634 1982 967 2040; x_wconf 73' lang='lat' dir='ltr'>Guicoardus</span> <span class='ocrx_word' id='word_1_74' title='bbox 992 1984 1055 2039; x_wconf 77' lang='lat' dir='ltr'>de</span> <span class='ocrx_word' id='word_1_75' title='bbox 1090 1986 1330 2054; x_wconf 70' lang='lat' dir='ltr'>Gusmci,</span> <span class='ocrx_word' id='word_1_76' title='bbox 1363 1987 1693 2058; x_wconf 84' lang='lat' dir='ltr'>peregrinus,</span> <span class='ocrx_word' id='word_1_77' title='bbox 1722 1990 1848 2044; x_wconf 92' lang='grc'><strong>786.</strong></span> 
     </span>
    </p>

    <p class='ocr_par' dir='ltr' id='par_1_10' title="bbox 634 2068 1901 2141">
     <span class='ocr_line' id='line_1_17' title="bbox 634 2068 1901 2141; baseline 0.005 -18"><span class='ocrx_word' id='word_1_78' title='bbox 634 2068 1002 2138; x_wconf 71' lang='lat' dir='ltr'>Guidalotlus,</span> <span class='ocrx_word' id='word_1_79' title='bbox 1031 2068 1190 2141; x_wconf 84' lang='lat' dir='ltr'>vulgo</span> <span class='ocrx_word' id='word_1_80' title='bbox 1214 2069 1341 2126; x_wconf 84' lang='lat' dir='ltr'>dell’</span> <span class='ocrx_word' id='word_1_81' title='bbox 1367 2071 1534 2139; x_wconf 86' lang='lat' dir='ltr'>Orco,</span> <span class='ocrx_word' id='word_1_82' title='bbox 1564 2074 1686 2128; x_wconf 85' lang='grc'><strong>343.</strong></span> <span class='ocrx_word' id='word_1_83' title='bbox 1898 2132 1901 2137; x_wconf 68' lang='grc'><strong>,</strong></span> 
     </span>
    </p>

    <p class='ocr_par' dir='ltr' id='par_1_11' title="bbox 633 2150 2058 2290">
     <span class='ocr_line' id='line_1_18' title="bbox 633 2150 2058 2228; baseline 0.004 -20"><span class='ocrx_word' id='word_1_84' title='bbox 633 2150 829 2221; x_wconf 67' lang='lat' dir='ltr'>Gnido,</span> <span class='ocrx_word' id='word_1_85' title='bbox 850 2153 1118 2224; x_wconf 88' lang='lat' dir='ltr'>quondam</span> <span class='ocrx_word' id='word_1_86' title='bbox 1141 2168 1323 2209; x_wconf 89' lang='lat' dir='ltr'>comes</span> <span class='ocrx_word' id='word_1_87' title='bbox 1339 2154 1395 2208; x_wconf 87' lang='lat' dir='ltr'>in</span> <span class='ocrx_word' id='word_1_88' title='bbox 1412 2155 1603 2211; x_wconf 78' lang='lat' dir='ltr'>Tuscia</span> <span class='ocrx_word' id='word_1_89' title='bbox 1625 2155 1907 2227; x_wconf 88' lang='lat' dir='ltr'>palatinus,</span> <span class='ocrx_word' id='word_1_90' title='bbox 1931 2159 1990 2212; x_wconf 89' lang='grc'>54</span> <span class='ocrx_word' id='word_1_91' title='bbox 2003 2161 2058 2228; x_wconf 90' lang='grc'>8,</span> 
     </span>
     <span class='ocr_line' id='line_1_19' title="bbox 705 2238 828 2290; baseline -0.008 0"><span class='ocrx_word' id='word_1_92' title='bbox 705 2238 763 2290; x_wconf 83' lang='grc'>54</span> <span class='ocrx_word' id='word_1_93' title='bbox 778 2238 828 2289; x_wconf 88' lang='grc'>9.</span> 
     </span>
    </p>

    <p class='ocr_par' dir='ltr' id='par_1_12' title="bbox 632 2316 2052 2472">
     <span class='ocr_line' id='line_1_20' title="bbox 632 2316 2052 2395; baseline 0.002 -21"><span class='ocrx_word' id='word_1_94' title='bbox 632 2316 830 2387; x_wconf 75' lang='lat' dir='ltr'>Guido,</span> <span class='ocrx_word' id='word_1_95' title='bbox 862 2317 1000 2373; x_wconf 86' lang='lat' dir='ltr'>filius</span> <span class='ocrx_word' id='word_1_96' title='bbox 1033 2317 1299 2374; x_wconf 90' lang='lat' dir='ltr'>Guillelmi</span> <span class='ocrx_word' id='word_1_97' title='bbox 1343 2319 1410 2375; x_wconf 89' lang='lat' dir='ltr'>de</span> <span class='ocrx_word' id='word_1_98' title='bbox 1447 2320 1787 2395; x_wconf 89' lang='lat' dir='ltr'>Domnipetra</span> <span class='ocrx_word' id='word_1_99' title='bbox 1821 2328 1878 2378; x_wconf 84' lang='lat' dir='ltr'>et</span> <span class='ocrx_word' id='word_1_100' title='bbox 1909 2324 2052 2379; x_wconf 80' lang='lat' dir='ltr'>Mar-</span> 
     </span>
     <span class='ocr_line' id='line_1_21' title="bbox 702 2400 1414 2472; baseline 0.003 -17"><span class='ocrx_word' id='word_1_101' title='bbox 702 2406 915 2470; x_wconf 82' lang='lat' dir='ltr'>garetae</span> <span class='ocrx_word' id='word_1_102' title='bbox 940 2400 1009 2456; x_wconf 91' lang='lat' dir='ltr'>de</span> <span class='ocrx_word' id='word_1_103' title='bbox 1037 2400 1298 2472; x_wconf 81' lang='lat' dir='ltr'>Flandria,</span> <span class='ocrx_word' id='word_1_104' title='bbox 1328 2407 1414 2459; x_wconf 89' lang='grc'>33.</span> 
     </span>
    </p>

    <p class='ocr_par' dir='ltr' id='par_1_13' title="bbox 632 2483 2056 2636">
     <span class='ocr_line' id='line_1_22' title="bbox 632 2483 2056 2561; baseline 0.006 -22"><span class='ocrx_word' id='word_1_105' title='bbox 632 2483 808 2540; x_wconf 75' lang='lat' dir='ltr'>Guido</span> <span class='ocrx_word' id='word_1_106' title='bbox 831 2485 1010 2540; x_wconf 87' lang='lat' dir='ltr'>dictus</span> <span class='ocrx_word' id='word_1_107' title='bbox 1040 2487 1268 2555; x_wconf 66' lang='lat' dir='ltr'>Gitona,</span> <span class='ocrx_word' id='word_1_108' title='bbox 1306 2503 1488 2544; x_wconf 90' lang='lat' dir='ltr'>comes</span> <span class='ocrx_word' id='word_1_109' title='bbox 1524 2488 1790 2560; x_wconf 87' lang='lat' dir='ltr'>palatinus</span> <span class='ocrx_word' id='word_1_110' title='bbox 1814 2491 2056 2561; x_wconf 83' lang='lat' dir='ltr'>Tusciae,</span> 
     </span>
     <span class='ocr_line' id='line_1_23' title="bbox 704 2569 986 2636; baseline 0.004 -15"><span class='ocrx_word' id='word_1_111' title='bbox 704 2569 986 2636; x_wconf 78' lang='grc'><strong>488,437.</strong></span> 
     </span>
    </p>

    <p class='ocr_par' dir='ltr' id='par_1_14' title="bbox 634 2649 2053 2804">
     <span class='ocr_line' id='line_1_24' title="bbox 634 2649 2053 2729; baseline 0.005 -23"><span class='ocrx_word' id='word_1_112' title='bbox 634 2649 830 2719; x_wconf 69' lang='lat' dir='ltr'>Gnido,</span> <span class='ocrx_word' id='word_1_113' title='bbox 861 2667 1060 2721; x_wconf 87' lang='lat' dir='ltr'>comes,</span> <span class='ocrx_word' id='word_1_114' title='bbox 1091 2651 1229 2709; x_wconf 86' lang='lat' dir='ltr'>filius</span> <span class='ocrx_word' id='word_1_115' title='bbox 1248 2652 1522 2709; x_wconf 82' lang='lat' dir='ltr'>Johannae</span> <span class='ocrx_word' id='word_1_116' title='bbox 1561 2654 1887 2725; x_wconf 81' lang='lat' dir='ltr'>comitissae,</span> <span class='ocrx_word' id='word_1_117' title='bbox 1930 2660 2053 2729; x_wconf 86' lang='grc'><strong>548,</strong></span> 
     </span>
     <span class='ocr_line' id='line_1_25' title="bbox 705 2735 1137 2804; baseline 0.005 -16"><span class='ocrx_word' id='word_1_118' title='bbox 705 2735 827 2802; x_wconf 79' lang='grc'><strong>540,</strong></span> <span class='ocrx_word' id='word_1_119' title='bbox 859 2736 985 2804; x_wconf 72' lang='grc'><strong>538,</strong></span> <span class='ocrx_word' id='word_1_120' title='bbox 1013 2738 1137 2791; x_wconf 69' lang='grc'><strong>528.</strong></span> 
     </span>
    </p>

    <p class='ocr_par' dir='ltr' id='par_1_15' title="bbox 631 2815 1742 2888">
     <span class='ocr_line' id='line_1_26' title="bbox 631 2815 1742 2888; baseline 0.004 -16"><span class='ocrx_word' id='word_1_121' title='bbox 631 2816 826 2886; x_wconf 68' lang='lat' dir='ltr'>Cnido,</span> <span class='ocrx_word' id='word_1_122' title='bbox 853 2815 992 2874; x_wconf 82' lang='lat' dir='ltr'>filius</span> <span class='ocrx_word' id='word_1_123' title='bbox 1022 2819 1231 2875; x_wconf 90' lang='lat' dir='ltr'>comitis</span> <span class='ocrx_word' id='word_1_124' title='bbox 1257 2820 1591 2888; x_wconf 68' lang='lat' dir='ltr'>marcovaldi,</span> <span class='ocrx_word' id='word_1_125' title='bbox 1620 2822 1742 2877; x_wconf 90' lang='grc'><strong>522.</strong></span> 
     </span>
    </p>

    <p class='ocr_par' dir='ltr' id='par_1_16' title="bbox 633 2899 1840 2974">
     <span class='ocr_line' id='line_1_27' title="bbox 633 2899 1840 2974; baseline 0.002 -17"><span class='ocrx_word' id='word_1_126' title='bbox 633 2899 829 2971; x_wconf 72' lang='lat' dir='ltr'>Gnido,</span> <span class='ocrx_word' id='word_1_127' title='bbox 860 2916 1060 2972; x_wconf 82' lang='lat' dir='ltr'>comes,</span> <span class='ocrx_word' id='word_1_128' title='bbox 1084 2909 1322 2974; x_wconf 87' lang='lat' dir='ltr'>potestas</span> <span class='ocrx_word' id='word_1_129' title='bbox 1344 2902 1528 2972; x_wconf 84' lang='lat' dir='ltr'>Aretii,</span> <span class='ocrx_word' id='word_1_130' title='bbox 1561 2906 1682 2971; x_wconf 91' lang='grc'><strong>537,</strong></span> <span class='ocrx_word' id='word_1_131' title='bbox 1715 2906 1840 2959; x_wconf 88' lang='grc'><strong>538.</strong></span> 
     </span>
    </p>

    <p class='ocr_par' dir='ltr' id='par_1_17' title="bbox 633 2982 1887 3058">
     <span class='ocr_line' id='line_1_28' title="bbox 633 2982 1887 3058; baseline 0.002 -18"><span class='ocrx_word' id='word_1_132' title='bbox 633 2982 810 3040; x_wconf 80' lang='lat' dir='ltr'>Guido</span> <span class='ocrx_word' id='word_1_133' title='bbox 834 2982 894 3039; x_wconf 82' lang='lat' dir='ltr'>de</span> <span class='ocrx_word' id='word_1_134' title='bbox 925 2985 1224 3055; x_wconf 81' lang='lat' dir='ltr'>Bernardo,</span> <span class='ocrx_word' id='word_1_135' title='bbox 1248 2986 1416 3058; x_wconf 85' lang='lat' dir='ltr'>judex</span> <span class='ocrx_word' id='word_1_136' title='bbox 1437 2987 1731 3056; x_wconf 84' lang='lat' dir='ltr'>Messanae,</span> <span class='ocrx_word' id='word_1_137' title='bbox 1762 2988 1887 3043; x_wconf 91' lang='grc'><strong>789.</strong></span> 
     </span>
    </p>

    <p class='ocr_par' dir='ltr' id='par_1_18' title="bbox 635 3066 2060 3223">
     <span class='ocr_line' id='line_1_29' title="bbox 635 3066 2060 3142; baseline 0.004 -19"><span class='ocrx_word' id='word_1_138' title='bbox 635 3066 811 3123; x_wconf 78' lang='lat' dir='ltr'>Guido</span> <span class='ocrx_word' id='word_1_139' title='bbox 838 3067 954 3123; x_wconf 84' lang='lat' dir='ltr'>sive</span> <span class='ocrx_word' id='word_1_140' title='bbox 981 3068 1154 3140; x_wconf 76' lang='lat' dir='ltr'>Guiyo</span> <span class='ocrx_word' id='word_1_141' title='bbox 1183 3068 1506 3142; x_wconf 75' lang='lat' dir='ltr'>Delphinus,</span> <span class='ocrx_word' id='word_1_142' title='bbox 1538 3085 1718 3127; x_wconf 87' lang='lat' dir='ltr'>comes</span> <span class='ocrx_word' id='word_1_143' title='bbox 1743 3071 1980 3129; x_wconf 87' lang='lat' dir='ltr'>Viennae</span> <span class='ocrx_word' id='word_1_144' title='bbox 2004 3078 2060 3129; x_wconf 83' lang='lat' dir='ltr'>et</span> 
     </span>
     <span class='ocr_line' id='line_1_30' title="bbox 703 3152 1557 3223; baseline 0.006 -18"><span class='ocrx_word' id='word_1_145' title='bbox 703 3152 943 3223; x_wconf 73' lang='lat' dir='ltr'>Athonis,</span> <span class='ocrx_word' id='word_1_146' title='bbox 976 3155 1101 3222; x_wconf 77' lang='grc'><strong>548,</strong></span> <span class='ocrx_word' id='word_1_147' title='bbox 1128 3156 1253 3223; x_wconf 83' lang='grc'><strong>558,</strong></span> <span class='ocrx_word' id='word_1_148' title='bbox 1282 3157 1406 3222; x_wconf 81' lang='grc'><strong>885,</strong></span> <span class='ocrx_word' id='word_1_149' title='bbox 1433 3158 1557 3211; x_wconf 81' lang='grc'><strong>888.</strong></span> 
     </span>
    </p>

    <p class='ocr_par' dir='ltr' id='par_1_19' title="bbox 637 3234 2061 3387">
     <span class='ocr_line' id='line_1_31' title="bbox 637 3234 2061 3309; baseline 0.003 -17"><span class='ocrx_word' id='word_1_150' title='bbox 637 3234 815 3292; x_wconf 78' lang='lat' dir='ltr'>Guido</span> <span class='ocrx_word' id='word_1_151' title='bbox 842 3235 1055 3305; x_wconf 78' lang='lat' dir='ltr'>Jacobi,</span> <span class='ocrx_word' id='word_1_152' title='bbox 1084 3253 1150 3292; x_wconf 84' lang='lat' dir='ltr'>ex</span> <span class='ocrx_word' id='word_1_153' title='bbox 1167 3243 1395 3308; x_wconf 86' lang='lat' dir='ltr'>quatuor</span> <span class='ocrx_word' id='word_1_154' title='bbox 1422 3238 1786 3309; x_wconf 85' lang='lat' dir='ltr'>provisoribus</span> <span class='ocrx_word' id='word_1_155' title='bbox 1806 3239 2061 3296; x_wconf 78' lang='lat' dir='ltr'>Senensis</span> 
     </span>
     <span class='ocr_line' id='line_1_32' title="bbox 704 3319 1174 3387; baseline 0.002 -13"><span class='ocrx_word' id='word_1_156' title='bbox 704 3319 1018 3387; x_wconf 78' lang='lat' dir='ltr'>communia,</span> <span class='ocrx_word' id='word_1_157' title='bbox 1049 3321 1174 3375; x_wconf 83' lang='grc'><strong>744.</strong></span> 
     </span>
    </p>

    <p class='ocr_par' dir='ltr' id='par_1_20' title="bbox 634 3400 1324 3471">
     <span class='ocr_line' id='line_1_33' title="bbox 634 3400 1324 3471; baseline 0 -14"><span class='ocrx_word' id='word_1_158' title='bbox 634 3400 809 3457; x_wconf 75' lang='lat' dir='ltr'>Gm&#39;do</span> <span class='ocrx_word' id='word_1_159' title='bbox 836 3401 1171 3471; x_wconf 77' lang='lat' dir='ltr'>Malabocca,</span> <span class='ocrx_word' id='word_1_160' title='bbox 1201 3406 1324 3457; x_wconf 87' lang='grc'><strong>439.</strong></span> 
     </span>
    </p>

    <p class='ocr_par' dir='ltr' id='par_1_21' title="bbox 632 3483 1740 3560">
     <span class='ocr_line' id='line_1_34' title="bbox 632 3483 1740 3560; baseline 0.002 -20"><span class='ocrx_word' id='word_1_161' title='bbox 632 3483 831 3553; x_wconf 69' lang='lat' dir='ltr'>Gnido,</span> <span class='ocrx_word' id='word_1_162' title='bbox 861 3484 1218 3557; x_wconf 84' lang='lat' dir='ltr'>cappellanus,</span> <span class='ocrx_word' id='word_1_163' title='bbox 1235 3489 1548 3560; x_wconf 85' lang='lat' dir='ltr'>peregrinus</span> <span class='ocrx_word' id='word_1_164' title='bbox 1562 3532 1575 3556; x_wconf 95' lang='lat'>,</span> <span class='ocrx_word' id='word_1_165' title='bbox 1611 3491 1740 3544; x_wconf 88' lang='grc'><strong>786.</strong></span> 
     </span>
    </p>

    <p class='ocr_par' dir='ltr' id='par_1_22' title="bbox 635 3567 2057 3707">
     <span class='ocr_line' id='line_1_35' title="bbox 635 3567 2057 3646; baseline 0.004 -22"><span class='ocrx_word' id='word_1_166' title='bbox 635 3567 830 3638; x_wconf 79' lang='lat' dir='ltr'>Guido,</span> <span class='ocrx_word' id='word_1_167' title='bbox 864 3568 957 3640; x_wconf 91' lang='lat' dir='ltr'>qui</span> <span class='ocrx_word' id='word_1_168' title='bbox 993 3567 1184 3624; x_wconf 88' lang='lat' dir='ltr'>dicitur</span> <span class='ocrx_word' id='word_1_169' title='bbox 1217 3569 1458 3627; x_wconf 84' lang='lat' dir='ltr'>Remitus</span> <span class='ocrx_word' id='word_1_170' title='bbox 1502 3572 1732 3645; x_wconf 78' lang='lat' dir='ltr'>piscator</span> <span class='ocrx_word' id='word_1_171' title='bbox 1768 3572 1835 3628; x_wconf 85' lang='lat' dir='ltr'>de</span> <span class='ocrx_word' id='word_1_172' title='bbox 1879 3573 2057 3646; x_wconf 85' lang='lat' dir='ltr'>Papia,</span> 
     </span>
     <span class='ocr_line' id='line_1_36' title="bbox 706 3653 829 3707; baseline 0.016 -2"><span class='ocrx_word' id='word_1_173' title='bbox 706 3653 829 3707; x_wconf 90' lang='grc'><strong>688.</strong></span> 
     </span>
    </p>

    <p class='ocr_par' dir='ltr' id='par_1_23' title="bbox 634 3708 2149 3806">
     <span class='ocr_line' id='line_1_37' title="bbox 634 3708 2149 3806; baseline 0.001 -20"><span class='ocrx_word' id='word_1_174' title='bbox 634 3730 811 3786; x_wconf 73' lang='lat' dir='ltr'>Guido</span> <span class='ocrx_word' id='word_1_175' title='bbox 830 3729 893 3785; x_wconf 75' lang='lat' dir='ltr'>do</span> <span class='ocrx_word' id='word_1_176' title='bbox 916 3731 1114 3788; x_wconf 76' lang='lat' dir='ltr'>Sancto</span> <span class='ocrx_word' id='word_1_177' title='bbox 1137 3732 1403 3803; x_wconf 70' lang='lat' dir='ltr'>Martiae,</span> <span class='ocrx_word' id='word_1_178' title='bbox 1432 3734 1763 3806; x_wconf 84' lang='lat' dir='ltr'>peregrinus,</span> <span class='ocrx_word' id='word_1_179' title='bbox 1789 3735 1914 3791; x_wconf 89' lang='grc'><strong>786.</strong></span> <span class='ocrx_word' id='word_1_180' title='bbox 2142 3708 2149 3769; x_wconf 58' lang='lat'><em>3</em></span> 
     </span>
    </p>

    <p class='ocr_par' dir='ltr' id='par_1_24' title="bbox 635 3812 2055 3963">
     <span class='ocr_line' id='line_1_38' title="bbox 635 3812 2055 3889; baseline 0.001 -19"><span class='ocrx_word' id='word_1_181' title='bbox 635 3812 922 3870; x_wconf 66' lang='lat' dir='ltr'>Gnidottus</span> <span class='ocrx_word' id='word_1_182' title='bbox 949 3813 1013 3869; x_wconf 81' lang='lat' dir='ltr'>de</span> <span class='ocrx_word' id='word_1_183' title='bbox 1043 3813 1396 3883; x_wconf 78' lang='lat' dir='ltr'>Pellavicino,</span> <span class='ocrx_word' id='word_1_184' title='bbox 1426 3817 1669 3889; x_wconf 87' lang='lat' dir='ltr'>captivus</span> <span class='ocrx_word' id='word_1_185' title='bbox 1698 3818 2055 3874; x_wconf 82' lang='lat' dir='ltr'>Mediolanen—</span> 
     </span>
     <span class='ocr_line' id='line_1_39' title="bbox 705 3895 957 3963; baseline 0 -13"><span class='ocrx_word' id='word_1_186' title='bbox 705 3895 800 3963; x_wconf 89' lang='lat' dir='ltr'>sis,</span> <span class='ocrx_word' id='word_1_187' title='bbox 833 3898 957 3951; x_wconf 89' lang='grc'><strong>420.</strong></span> 
     </span>
    </p>

    <p class='ocr_par' dir='ltr' id='par_1_25' title="bbox 633 3977 2057 4131">
     <span class='ocr_line' id='line_1_40' title="bbox 633 3977 2057 4053; baseline 0.004 -19"><span class='ocrx_word' id='word_1_188' title='bbox 633 3978 925 4049; x_wconf 76' lang='lat' dir='ltr'>Guisredus</span> <span class='ocrx_word' id='word_1_189' title='bbox 941 3977 1005 4034; x_wconf 77' lang='lat' dir='ltr'>de</span> <span class='ocrx_word' id='word_1_190' title='bbox 1029 3979 1278 4050; x_wconf 70' lang='lat' dir='ltr'>Habiatae,</span> <span class='ocrx_word' id='word_1_191' title='bbox 1303 3981 1614 4037; x_wconf 85' lang='lat' dir='ltr'>ambaxator</span> <span class='ocrx_word' id='word_1_192' title='bbox 1628 3981 2057 4053; x_wconf 72' lang='lat' dir='ltr'>MediolanensiS,</span> 
     </span>
     <span class='ocr_line' id='line_1_41' title="bbox 706 4063 1268 4131; baseline 0.004 -16"><span class='ocrx_word' id='word_1_193' title='bbox 706 4063 809 4116; x_wconf 90' lang='grc'>430</span> <span class='ocrx_word' id='word_1_194' title='bbox 838 4067 892 4116; x_wconf 88' lang='lat' dir='ltr'>et</span> <span class='ocrx_word' id='word_1_195' title='bbox 914 4065 1025 4117; x_wconf 88' lang='lat' dir='ltr'>not.</span> <span class='ocrx_word' id='word_1_196' title='bbox 1062 4065 1112 4131; x_wconf 89' lang='grc'><strong>4,</strong></span> <span class='ocrx_word' id='word_1_197' title='bbox 1146 4064 1268 4117; x_wconf 88' lang='grc'><strong>434.</strong></span> 
     </span>
    </p>

    <p class='ocr_par' dir='ltr' id='par_1_26' title="bbox 637 4142 1793 4214">
     <span class='ocr_line' id='line_1_42' title="bbox 637 4142 1793 4214; baseline 0.003 -15"><span class='ocrx_word' id='word_1_198' title='bbox 637 4142 999 4199; x_wconf 74' lang='lat' dir='ltr'>Guilelminus</span> <span class='ocrx_word' id='word_1_199' title='bbox 1026 4144 1088 4199; x_wconf 77' lang='lat' dir='ltr'>de</span> <span class='ocrx_word' id='word_1_200' title='bbox 1113 4144 1343 4214; x_wconf 67' lang='lat' dir='ltr'>Patella,</span> <span class='ocrx_word' id='word_1_201' title='bbox 1371 4146 1635 4214; x_wconf 88' lang='lat' dir='ltr'>dominus,</span> <span class='ocrx_word' id='word_1_202' title='bbox 1670 4148 1793 4202; x_wconf 83' lang='lat'><strong>508.</strong></span> 
     </span>
    </p>

    <p class='ocr_par' dir='ltr' id='par_1_27' title="bbox 632 4226 1974 4299">
     <span class='ocr_line' id='line_1_43' title="bbox 632 4226 1974 4299; baseline 0.001 -17"><span class='ocrx_word' id='word_1_203' title='bbox 632 4226 975 4297; x_wconf 74' lang='lat' dir='ltr'>Guiliolmus,</span> <span class='ocrx_word' id='word_1_204' title='bbox 1003 4242 1097 4282; x_wconf 85' lang='lat' dir='ltr'>rex</span> <span class='ocrx_word' id='word_1_205' title='bbox 1124 4226 1348 4296; x_wconf 88' lang='lat' dir='ltr'>Siciliae,</span> <span class='ocrx_word' id='word_1_206' title='bbox 1378 4231 1504 4299; x_wconf 87' lang='grc'><strong>572,</strong></span> <span class='ocrx_word' id='word_1_207' title='bbox 1537 4232 1659 4299; x_wconf 89' lang='grc'><strong>807,</strong></span> <span class='ocrx_word' id='word_1_208' title='bbox 1696 4233 1752 4284; x_wconf 88' lang='grc'>94</span> <span class='ocrx_word' id='word_1_209' title='bbox 1767 4233 1818 4299; x_wconf 89' lang='grc'>3,</span> <span class='ocrx_word' id='word_1_210' title='bbox 1853 4234 1974 4287; x_wconf 89' lang='grc'><strong>939.</strong></span> 
     </span>
    </p>

    <p class='ocr_par' dir='ltr' id='par_1_28' title="bbox 634 4307 1819 4381">
     <span class='ocr_line' id='line_1_44' title="bbox 634 4307 1819 4381; baseline 0.003 -17"><span class='ocrx_word' id='word_1_211' title='bbox 634 4307 975 4378; x_wconf 75' lang='lat' dir='ltr'>Guilielmus,</span> <span class='ocrx_word' id='word_1_212' title='bbox 1009 4308 1151 4364; x_wconf 82' lang='lat' dir='ltr'>filius</span> <span class='ocrx_word' id='word_1_213' title='bbox 1177 4310 1368 4365; x_wconf 88' lang='lat' dir='ltr'>notarii</span> <span class='ocrx_word' id='word_1_214' title='bbox 1393 4311 1650 4381; x_wconf 88' lang='lat' dir='ltr'>Gualteri,</span> <span class='ocrx_word' id='word_1_215' title='bbox 1697 4313 1819 4367; x_wconf 91' lang='grc'><strong>437.</strong></span> 
     </span>
    </p>

    <p class='ocr_par' dir='ltr' id='par_1_29' title="bbox 630 4390 1421 4462">
     <span class='ocr_line' id='line_1_45' title="bbox 630 4390 1421 4462; baseline 0.001 -15"><span class='ocrx_word' id='word_1_216' title='bbox 630 4390 953 4449; x_wconf 72' lang='lat' dir='ltr'>Guilielmus</span> <span class='ocrx_word' id='word_1_217' title='bbox 980 4391 1042 4448; x_wconf 80' lang='lat' dir='ltr'>de</span> <span class='ocrx_word' id='word_1_218' title='bbox 1068 4394 1265 4462; x_wconf 72' lang='lat' dir='ltr'>Lamo,</span> <span class='ocrx_word' id='word_1_219' title='bbox 1299 4397 1421 4448; x_wconf 87' lang='grc'><strong>338.</strong></span> 
     </span>
    </p>
   </div>
   <div class='ocr_carea' id='block_1_3' title="bbox 632 4475 2060 4553">
    <p class='ocr_par' dir='ltr' id='par_1_30' title="bbox 632 4475 2060 4553">
     <span class='ocr_line' id='line_1_46' title="bbox 632 4475 2060 4553; baseline 0.004 -20"><span class='ocrx_word' id='word_1_220' title='bbox 632 4475 925 4534; x_wconf 74' lang='lat' dir='ltr'>Guillelma</span> <span class='ocrx_word' id='word_1_221' title='bbox 965 4478 1029 4535; x_wconf 78' lang='lat' dir='ltr'>de</span> <span class='ocrx_word' id='word_1_222' title='bbox 1066 4479 1324 4551; x_wconf 76' lang='lat' dir='ltr'>Lalande,</span> <span class='ocrx_word' id='word_1_223' title='bbox 1371 4480 1669 4553; x_wconf 85' lang='lat' dir='ltr'>peregrina,</span> <span class='ocrx_word' id='word_1_224' title='bbox 1705 4487 1761 4539; x_wconf 88' lang='lat' dir='ltr'>et</span> <span class='ocrx_word' id='word_1_225' title='bbox 1785 4481 2060 4539; x_wconf 70' lang='lat' dir='ltr'>erda</span> 
     </span>
    </p>
   </div>
   <div class='ocr_carea' id='block_1_4' title="bbox 2140 3416 2149 3705">
    <p class='ocr_par' dir='ltr' id='par_1_31' title="bbox 2140 3416 2149 3705">
     <span class='ocr_line' id='line_1_47' title="bbox 2140 3416 2149 3705; baseline 0 2326"><span class='ocrx_word' id='word_1_226' title='bbox 2140 3416 2149 3705; x_wconf 95' lang='lat' dir='ltr'> </span> 
     </span>
    </p>
   </div>
   <div class='ocr_carea' id='block_1_5' title="bbox 2142 3773 2150 4192">
    <p class='ocr_par' dir='ltr' id='par_1_32' title="bbox 2142 3773 2150 4192">
     <span class='ocr_line' id='line_1_48' title="bbox 2142 3773 2150 4192; baseline 0 0"><span class='ocrx_word' id='word_1_227' title='bbox 2142 3773 2150 4192; x_wconf 95' lang='lat' dir='ltr'> </span> 
     </span>
    </p>
   </div>
   <div class='ocr_carea' id='block_1_6' title="bbox 631 4562 2054 4866">
    <p class='ocr_par' dir='ltr' id='par_1_33' title="bbox 631 4562 2054 4866">
     <span class='ocr_line' id='line_1_49' title="bbox 704 4562 1164 4634; baseline -0.002 -16"><span class='ocrx_word' id='word_1_228' title='bbox 704 4562 848 4618; x_wconf 84' lang='lat' dir='ltr'>socia</span> <span class='ocrx_word' id='word_1_229' title='bbox 870 4562 1006 4634; x_wconf 83' lang='lat' dir='ltr'>ejus,</span> <span class='ocrx_word' id='word_1_230' title='bbox 1035 4564 1164 4618; x_wconf 91' lang='grc'><strong>787.</strong></span> 
     </span>
     <span class='ocr_line' id='line_1_50' title="bbox 631 4644 1671 4720; baseline 0.002 -19"><span class='ocrx_word' id='word_1_231' title='bbox 631 4645 925 4701; x_wconf 76' lang='lat' dir='ltr'>Guillalma</span> <span class='ocrx_word' id='word_1_232' title='bbox 951 4644 1014 4702; x_wconf 78' lang='lat' dir='ltr'>de</span> <span class='ocrx_word' id='word_1_233' title='bbox 1043 4647 1190 4714; x_wconf 76' lang='lat' dir='ltr'>Troi,</span> <span class='ocrx_word' id='word_1_234' title='bbox 1219 4647 1520 4720; x_wconf 83' lang='lat' dir='ltr'>peregrina,</span> <span class='ocrx_word' id='word_1_235' title='bbox 1545 4651 1652 4705; x_wconf 86' lang='grc'>787</span> <span class='ocrx_word' id='word_1_236' title='bbox 1659 4690 1671 4703; x_wconf 92' lang='grc'>.</span> 
     </span>
     <span class='ocr_line' id='line_1_51' title="bbox 632 4727 2054 4866; baseline 0.004 -84"><span class='ocrx_word' id='word_1_237' title='bbox 632 4727 971 4866; x_wconf 51' lang='lat' dir='ltr'>Gttglglmm,</span> <span class='ocrx_word' id='word_1_238' title='bbox 1009 4743 1210 4800; x_wconf 85' lang='lat' dir='ltr'>comes,</span> <span class='ocrx_word' id='word_1_239' title='bbox 1253 4729 1460 4803; x_wconf 84' lang='lat' dir='ltr'>imperii</span> <span class='ocrx_word' id='word_1_240' title='bbox 1498 4730 1758 4804; x_wconf 80' lang='lat' dir='ltr'>proditor,</span> <span class='ocrx_word' id='word_1_241' title='bbox 1793 4732 1883 4802; x_wconf 90' lang='grc'>77,</span> <span class='ocrx_word' id='word_1_242' title='bbox 1929 4734 2054 4804; x_wconf 89' lang='grc'><strong>426,</strong></span> 
     </span>
    </p>
   </div>
   <div class='ocr_carea' id='block_1_7' title="bbox 785 4907 1115 4971">
    <p class='ocr_par' dir='ltr' id='par_1_34' title="bbox 785 4907 1115 4971">
     <span class='ocr_line' id='line_1_52' title="bbox 785 4907 1115 4971; baseline 0.015 -6"><span class='ocrx_word' id='word_1_243' title='bbox 785 4907 894 4971; x_wconf 80' lang='lat' dir='ltr'>VI.</span> <span class='ocrx_word' id='word_1_244' title='bbox 937 4920 1049 4965; x_wconf 73' lang='lat' dir='ltr'>Par·</span> <span class='ocrx_word' id='word_1_245' title='bbox 1072 4924 1115 4970; x_wconf 75' lang='lat'>².</span> 
     </span>
    </p>
   </div>
   <div class='ocr_carea' id='block_1_8' title="bbox 3513 687 3670 754">
    <p class='ocr_par' dir='ltr' id='par_1_35' title="bbox 3513 687 3670 754">
     <span class='ocr_line' id='line_1_53' title="bbox 3513 687 3670 754; baseline 0.032 -4"><span class='ocrx_word' id='word_1_246' title='bbox 3513 687 3670 754; x_wconf 76' lang='lat'><strong>1013</strong></span> 
     </span>
    </p>
   </div>
   <div class='ocr_carea' id='block_1_9' title="bbox 2232 819 3670 4880">
    <p class='ocr_par' dir='ltr' id='par_1_36' title="bbox 2232 819 3306 896">
     <span class='ocr_line' id='line_1_54' title="bbox 2232 819 3306 896; baseline 0.003 -20"><span class='ocrx_word' id='word_1_247' title='bbox 2232 819 2420 877; x_wconf 81' lang='lat' dir='ltr'>Frater</span> <span class='ocrx_word' id='word_1_248' title='bbox 2447 822 2793 894; x_wconf 76' lang='lat' dir='ltr'>Guillclmus,</span> <span class='ocrx_word' id='word_1_249' title='bbox 2819 823 3151 896; x_wconf 84' lang='lat' dir='ltr'>peregrinus,</span> <span class='ocrx_word' id='word_1_250' title='bbox 3181 824 3306 879; x_wconf 94' lang='grc'><strong>786.</strong></span> 
     </span>
    </p>

    <p class='ocr_par' dir='ltr' id='par_1_37' title="bbox 2237 903 3667 1060">
     <span class='ocr_line' id='line_1_55' title="bbox 2237 903 3667 980; baseline 0.004 -21"><span class='ocrx_word' id='word_1_251' title='bbox 2237 903 2575 975; x_wconf 72' lang='lat' dir='ltr'>Guillelmus,</span> <span class='ocrx_word' id='word_1_252' title='bbox 2616 906 2754 964; x_wconf 83' lang='lat' dir='ltr'>filius</span> <span class='ocrx_word' id='word_1_253' title='bbox 2794 906 3063 963; x_wconf 86' lang='lat' dir='ltr'>Guillelmi</span> <span class='ocrx_word' id='word_1_254' title='bbox 3111 907 3181 962; x_wconf 89' lang='lat' dir='ltr'>de</span> <span class='ocrx_word' id='word_1_255' title='bbox 3226 907 3571 980; x_wconf 87' lang='lat' dir='ltr'>Domnipetra</span> <span class='ocrx_word' id='word_1_256' title='bbox 3610 915 3667 965; x_wconf 87' lang='lat' dir='ltr'>et</span> 
     </span>
     <span class='ocr_line' id='line_1_56' title="bbox 2306 988 3146 1060; baseline 0.002 -17"><span class='ocrx_word' id='word_1_257' title='bbox 2306 988 2641 1060; x_wconf 71' lang='lat' dir='ltr'>margaretae</span> <span class='ocrx_word' id='word_1_258' title='bbox 2668 991 2736 1047; x_wconf 91' lang='lat' dir='ltr'>de</span> <span class='ocrx_word' id='word_1_259' title='bbox 2767 990 3025 1058; x_wconf 86' lang='lat' dir='ltr'>Flandria,</span> <span class='ocrx_word' id='word_1_260' title='bbox 3059 994 3146 1046; x_wconf 87' lang='grc'>33.</span> 
     </span>
    </p>

    <p class='ocr_par' dir='ltr' id='par_1_38' title="bbox 2236 1070 3662 1309">
     <span class='ocr_line' id='line_1_57' title="bbox 2236 1070 3662 1144; baseline 0.003 -18"><span class='ocrx_word' id='word_1_261' title='bbox 2236 1070 2573 1144; x_wconf 77' lang='lat' dir='ltr'>Guillelmus,</span> <span class='ocrx_word' id='word_1_262' title='bbox 2598 1074 2768 1130; x_wconf 90' lang='lat' dir='ltr'>abbas</span> <span class='ocrx_word' id='word_1_263' title='bbox 2785 1074 2966 1131; x_wconf 77' lang='lat' dir='ltr'>Sancti</span> <span class='ocrx_word' id='word_1_264' title='bbox 2988 1072 3238 1141; x_wconf 83' lang='lat' dir='ltr'>Facundi,</span> <span class='ocrx_word' id='word_1_265' title='bbox 3260 1075 3383 1141; x_wconf 92' lang='grc'><strong>443,</strong></span> <span class='ocrx_word' id='word_1_266' title='bbox 3412 1075 3535 1144; x_wconf 91' lang='grc'><strong>448,</strong></span> <span class='ocrx_word' id='word_1_267' title='bbox 3558 1072 3662 1130; x_wconf 85' lang='grc'>53-</span> 
     </span>
     <span class='ocr_line' id='line_1_58' title="bbox 2306 1152 3660 1229; baseline 0.004 -22"><span class='ocrx_word' id='word_1_268' title='bbox 2306 1152 2485 1222; x_wconf 86' lang='lat' dir='ltr'>silicae</span> <span class='ocrx_word' id='word_1_269' title='bbox 2505 1156 2794 1213; x_wconf 84' lang='lat' dir='ltr'>Duodecim</span> <span class='ocrx_word' id='word_1_270' title='bbox 2828 1155 3202 1229; x_wconf 83' lang='lat' dir='ltr'>Apostolorum</span> <span class='ocrx_word' id='word_1_271' title='bbox 3230 1155 3515 1229; x_wconf 83' lang='lat' dir='ltr'>presbyter</span> <span class='ocrx_word' id='word_1_272' title='bbox 3539 1171 3660 1212; x_wconf 89' lang='lat' dir='ltr'>car-</span> 
     </span>
     <span class='ocr_line' id='line_1_59' title="bbox 2311 1236 2832 1309; baseline 0.006 -17"><span class='ocrx_word' id='word_1_273' title='bbox 2311 1236 2521 1307; x_wconf 89' lang='lat' dir='ltr'>dinalis,</span> <span class='ocrx_word' id='word_1_274' title='bbox 2548 1242 2675 1309; x_wconf 90' lang='grc'><strong>206,</strong></span> <span class='ocrx_word' id='word_1_275' title='bbox 2709 1243 2832 1295; x_wconf 92' lang='grc'><strong>320.</strong></span> 
     </span>
    </p>

    <p class='ocr_par' dir='ltr' id='par_1_39' title="bbox 2241 1317 3661 1472">
     <span class='ocr_line' id='line_1_60' title="bbox 2241 1317 3661 1387; baseline 0.001 -13"><span class='ocrx_word' id='word_1_276' title='bbox 2241 1317 2563 1377; x_wconf 76' lang='lat' dir='ltr'>Guillelmus</span> <span class='ocrx_word' id='word_1_277' title='bbox 2605 1321 2779 1377; x_wconf 90' lang='lat' dir='ltr'>dictus</span> <span class='ocrx_word' id='word_1_278' title='bbox 2819 1322 3143 1378; x_wconf 77' lang='lat' dir='ltr'>Franciscus</span> <span class='ocrx_word' id='word_1_279' title='bbox 3183 1318 3299 1374; x_wconf 84' lang='lat' dir='ltr'>sive</span> <span class='ocrx_word' id='word_1_280' title='bbox 3343 1318 3661 1387; x_wconf 69' lang='lat' dir='ltr'>Francicus,</span> 
     </span>
     <span class='ocr_line' id='line_1_61' title="bbox 2313 1404 2748 1472; baseline 0 -15"><span class='ocrx_word' id='word_1_281' title='bbox 2313 1404 2434 1470; x_wconf 82' lang='grc'><strong>509,</strong></span> <span class='ocrx_word' id='word_1_282' title='bbox 2469 1406 2591 1472; x_wconf 83' lang='grc'><strong>854,</strong></span> <span class='ocrx_word' id='word_1_283' title='bbox 2625 1405 2748 1459; x_wconf 76' lang='grc'><strong>658.</strong></span> 
     </span>
    </p>

    <p class='ocr_par' dir='ltr' id='par_1_40' title="bbox 2242 1483 3661 1558">
     <span class='ocr_line' id='line_1_62' title="bbox 2242 1483 3661 1558; baseline -0.002 -18"><span class='ocrx_word' id='word_1_284' title='bbox 2242 1483 2607 1554; x_wconf 73' lang='lat' dir='ltr'>Guillielmus,</span> <span class='ocrx_word' id='word_1_285' title='bbox 2637 1485 3167 1558; x_wconf 83' lang='lat' dir='ltr'>imperialisMutulae</span> <span class='ocrx_word' id='word_1_286' title='bbox 3174 1485 3358 1558; x_wconf 84' lang='lat' dir='ltr'>judex,</span> <span class='ocrx_word' id='word_1_287' title='bbox 3392 1485 3515 1553; x_wconf 96' lang='grc'><strong>420,</strong></span> <span class='ocrx_word' id='word_1_288' title='bbox 3538 1485 3661 1540; x_wconf 89' lang='grc'><strong>423.</strong></span> 
     </span>
    </p>

    <p class='ocr_par' dir='ltr' id='par_1_41' title="bbox 2241 1566 3662 1642">
     <span class='ocr_line' id='line_1_63' title="bbox 2241 1566 3662 1642; baseline -0.001 -19"><span class='ocrx_word' id='word_1_289' title='bbox 2241 1566 2559 1624; x_wconf 72' lang='lat' dir='ltr'>Guillelmus</span> <span class='ocrx_word' id='word_1_290' title='bbox 2602 1576 2659 1624; x_wconf 88' lang='lat' dir='ltr'>et</span> <span class='ocrx_word' id='word_1_291' title='bbox 2697 1568 2983 1642; x_wconf 74' lang='lat' dir='ltr'>liudulfus,</span> <span class='ocrx_word' id='word_1_292' title='bbox 3027 1570 3177 1640; x_wconf 87' lang='lat' dir='ltr'>socii,</span> <span class='ocrx_word' id='word_1_293' title='bbox 3224 1568 3508 1642; x_wconf 84' lang='lat' dir='ltr'>peregrini,</span> <span class='ocrx_word' id='word_1_294' title='bbox 3535 1569 3662 1623; x_wconf 94' lang='grc'><strong>787.</strong></span> 
     </span>
    </p>

    <p class='ocr_par' dir='ltr' id='par_1_42' title="bbox 2241 1652 3202 1725">
     <span class='ocr_line' id='line_1_64' title="bbox 2241 1652 3202 1725; baseline 0.002 -16"><span class='ocrx_word' id='word_1_295' title='bbox 2241 1652 2581 1722; x_wconf 74' lang='lat' dir='ltr'>Guillelmus,</span> <span class='ocrx_word' id='word_1_296' title='bbox 2602 1653 2769 1725; x_wconf 84' lang='lat' dir='ltr'>judex</span> <span class='ocrx_word' id='word_1_297' title='bbox 2796 1660 2851 1710; x_wconf 87' lang='lat' dir='ltr'>et</span> <span class='ocrx_word' id='word_1_298' title='bbox 2875 1654 3043 1723; x_wconf 88' lang='lat' dir='ltr'>testis,</span> <span class='ocrx_word' id='word_1_299' title='bbox 3076 1657 3202 1713; x_wconf 83' lang='grc'><strong>254.</strong></span> 
     </span>
    </p>

    <p class='ocr_par' dir='ltr' id='par_1_43' title="bbox 2243 1736 3663 1887">
     <span class='ocr_line' id='line_1_65' title="bbox 2243 1736 3663 1812; baseline 0 -20"><span class='ocrx_word' id='word_1_300' title='bbox 2243 1736 2587 1806; x_wconf 70' lang='grc' dir='ltr'><strong>θυίὶῑιὶπιω,</strong></span> <span class='ocrx_word' id='word_1_301' title='bbox 2653 1737 2960 1794; x_wconf 88' lang='lat' dir='ltr'>Bisuntinus</span> <span class='ocrx_word' id='word_1_302' title='bbox 3018 1739 3475 1812; x_wconf 78' lang='lat' dir='ltr'>archiepiscopus,</span> <span class='ocrx_word' id='word_1_303' title='bbox 3529 1736 3634 1792; x_wconf 90' lang='grc'>347</span> <span class='ocrx_word' id='word_1_304' title='bbox 3649 1777 3663 1804; x_wconf 92' lang='grc'>,</span> 
     </span>
     <span class='ocr_line' id='line_1_66' title="bbox 2314 1822 2595 1887; baseline 0.018 -15"><span class='ocrx_word' id='word_1_305' title='bbox 2314 1822 2440 1887; x_wconf 91' lang='grc'><strong>859,</strong></span> <span class='ocrx_word' id='word_1_306' title='bbox 2472 1823 2595 1876; x_wconf 95' lang='grc'><strong>860.</strong></span> 
     </span>
    </p>

    <p class='ocr_par' dir='ltr' id='par_1_44' title="bbox 2242 1895 3360 1968">
     <span class='ocr_line' id='line_1_67' title="bbox 2242 1895 3360 1968; baseline 0.003 -16"><span class='ocrx_word' id='word_1_307' title='bbox 2242 1895 2570 1952; x_wconf 76' lang='lat' dir='ltr'>Guillelmus</span> <span class='ocrx_word' id='word_1_308' title='bbox 2595 1896 2659 1953; x_wconf 78' lang='lat' dir='ltr'>do</span> <span class='ocrx_word' id='word_1_309' title='bbox 2688 1898 2969 1968; x_wconf 78' lang='lat' dir='ltr'>calvaria,</span> <span class='ocrx_word' id='word_1_310' title='bbox 3006 1915 3203 1968; x_wconf 88' lang='lat' dir='ltr'>comes,</span> <span class='ocrx_word' id='word_1_311' title='bbox 3238 1902 3360 1955; x_wconf 87' lang='grc'><strong>943.</strong></span> 
     </span>
    </p>

    <p class='ocr_par' dir='ltr' id='par_1_45' title="bbox 2241 1979 3130 2055">
     <span class='ocr_line' id='line_1_68' title="bbox 2241 1979 3130 2055; baseline 0.004 -20"><span class='ocrx_word' id='word_1_312' title='bbox 2241 1979 2563 2036; x_wconf 75' lang='lat' dir='ltr'>Guillelmus</span> <span class='ocrx_word' id='word_1_313' title='bbox 2588 1980 2652 2037; x_wconf 76' lang='lat' dir='ltr'>de</span> <span class='ocrx_word' id='word_1_314' title='bbox 2679 1982 2975 2055; x_wconf 76' lang='lat' dir='ltr'>Campano,</span> <span class='ocrx_word' id='word_1_315' title='bbox 3007 1985 3130 2039; x_wconf 91' lang='grc'><strong>436.</strong></span> 
     </span>
    </p>

    <p class='ocr_par' dir='ltr' id='par_1_46' title="bbox 2240 2063 3668 2219">
     <span class='ocr_line' id='line_1_69' title="bbox 2240 2063 3668 2139; baseline 0.003 -20"><span class='ocrx_word' id='word_1_316' title='bbox 2240 2063 2559 2121; x_wconf 76' lang='lat' dir='ltr'>Guillelmus</span> <span class='ocrx_word' id='word_1_317' title='bbox 2581 2065 2644 2121; x_wconf 77' lang='lat' dir='ltr'>dc</span> <span class='ocrx_word' id='word_1_318' title='bbox 2678 2066 2867 2121; x_wconf 78' lang='lat' dir='ltr'>Castro</span> <span class='ocrx_word' id='word_1_319' title='bbox 2894 2067 3075 2137; x_wconf 85' lang='lat' dir='ltr'>Novo,</span> <span class='ocrx_word' id='word_1_320' title='bbox 3114 2066 3363 2138; x_wconf 84' lang='lat' dir='ltr'>magister</span> <span class='ocrx_word' id='word_1_321' title='bbox 3391 2065 3668 2139; x_wconf 84' lang='lat' dir='ltr'>hospitalis</span> 
     </span>
     <span class='ocr_line' id='line_1_70' title="bbox 2310 2146 3414 2219; baseline 0.003 -18"><span class='ocrx_word' id='word_1_322' title='bbox 2310 2146 2626 2216; x_wconf 81' lang='lat' dir='ltr'>Jerusalem,</span> <span class='ocrx_word' id='word_1_323' title='bbox 2648 2150 2756 2205; x_wconf 88' lang='grc'>237</span> <span class='ocrx_word' id='word_1_324' title='bbox 2783 2154 2837 2204; x_wconf 86' lang='lat' dir='ltr'>et</span> <span class='ocrx_word' id='word_1_325' title='bbox 2864 2154 2975 2205; x_wconf 87' lang='lat' dir='ltr'>not.</span> <span class='ocrx_word' id='word_1_326' title='bbox 3009 2152 3061 2219; x_wconf 92' lang='grc'>4,</span> <span class='ocrx_word' id='word_1_327' title='bbox 3091 2151 3197 2207; x_wconf 91' lang='grc'>255</span> <span class='ocrx_word' id='word_1_328' title='bbox 3224 2155 3338 2206; x_wconf 89' lang='lat' dir='ltr'>not.</span> <span class='ocrx_word' id='word_1_329' title='bbox 3361 2153 3414 2204; x_wconf 90' lang='grc'>4.</span> 
     </span>
    </p>

    <p class='ocr_par' dir='ltr' id='par_1_47' title="bbox 2239 2228 3338 2301">
     <span class='ocr_line' id='line_1_71' title="bbox 2239 2228 3338 2301; baseline 0.001 -15"><span class='ocrx_word' id='word_1_330' title='bbox 2239 2228 2576 2301; x_wconf 55' lang='lat' dir='ltr'>(willelmus,</span> <span class='ocrx_word' id='word_1_331' title='bbox 2604 2230 2968 2288; x_wconf 80' lang='lat' dir='ltr'>cluniacensis</span> <span class='ocrx_word' id='word_1_332' title='bbox 2990 2232 3181 2301; x_wconf 91' lang='lat' dir='ltr'>abbas,</span> <span class='ocrx_word' id='word_1_333' title='bbox 3215 2236 3270 2287; x_wconf 88' lang='grc'>34</span> <span class='ocrx_word' id='word_1_334' title='bbox 3283 2234 3338 2287; x_wconf 90' lang='grc'>7.</span> 
     </span>
    </p>

    <p class='ocr_par' dir='ltr' id='par_1_48' title="bbox 2240 2311 3664 2465">
     <span class='ocr_line' id='line_1_72' title="bbox 2240 2311 3664 2389; baseline 0.003 -20"><span class='ocrx_word' id='word_1_335' title='bbox 2240 2311 2561 2369; x_wconf 77' lang='lat' dir='ltr'>Guillelmus</span> <span class='ocrx_word' id='word_1_336' title='bbox 2586 2312 2650 2369; x_wconf 76' lang='lat' dir='ltr'>de</span> <span class='ocrx_word' id='word_1_337' title='bbox 2675 2312 2869 2384; x_wconf 80' lang='lat' dir='ltr'>Ebulo,</span> <span class='ocrx_word' id='word_1_338' title='bbox 2894 2316 3131 2387; x_wconf 81' lang='lat' dir='ltr'>proditor</span> <span class='ocrx_word' id='word_1_339' title='bbox 3153 2317 3510 2389; x_wconf 83' lang='lat' dir='ltr'>imperatoris,</span> <span class='ocrx_word' id='word_1_340' title='bbox 3540 2318 3664 2387; x_wconf 87' lang='grc'><strong>434,</strong></span> 
     </span>
     <span class='ocr_line' id='line_1_73' title="bbox 2312 2397 2586 2465; baseline -0.004 -14"><span class='ocrx_word' id='word_1_341' title='bbox 2312 2398 2435 2465; x_wconf 88' lang='grc'><strong>435,</strong></span> <span class='ocrx_word' id='word_1_342' title='bbox 2464 2397 2586 2452; x_wconf 85' lang='grc'><strong>437.</strong></span> 
     </span>
    </p>

    <p class='ocr_par' dir='ltr' id='par_1_49' title="bbox 2240 2475 3662 2629">
     <span class='ocr_line' id='line_1_74' title="bbox 2240 2475 3662 2553; baseline 0.004 -22"><span class='ocrx_word' id='word_1_343' title='bbox 2240 2475 2562 2532; x_wconf 73' lang='lat' dir='ltr'>Guillelmus</span> <span class='ocrx_word' id='word_1_344' title='bbox 2587 2476 2651 2533; x_wconf 78' lang='lat' dir='ltr'>do</span> <span class='ocrx_word' id='word_1_345' title='bbox 2675 2479 2992 2549; x_wconf 57' lang='lat' dir='ltr'>lemovicis,</span> <span class='ocrx_word' id='word_1_346' title='bbox 3025 2481 3240 2536; x_wconf 86' lang='lat' dir='ltr'>nuntius</span> <span class='ocrx_word' id='word_1_347' title='bbox 3268 2481 3410 2553; x_wconf 85' lang='lat' dir='ltr'>regis</span> <span class='ocrx_word' id='word_1_348' title='bbox 3432 2481 3662 2537; x_wconf 88' lang='lat' dir='ltr'>Franco-</span> 
     </span>
     <span class='ocr_line' id='line_1_75' title="bbox 2311 2561 2601 2629; baseline 0 -15"><span class='ocrx_word' id='word_1_349' title='bbox 2311 2575 2449 2629; x_wconf 88' lang='lat' dir='ltr'>rum,</span> <span class='ocrx_word' id='word_1_350' title='bbox 2476 2564 2498 2614; x_wconf 91' lang='grc'>4</span> <span class='ocrx_word' id='word_1_351' title='bbox 2514 2561 2601 2614; x_wconf 87' lang='grc'>40.</span> 
     </span>
    </p>

    <p class='ocr_par' dir='ltr' id='par_1_50' title="bbox 2237 2641 3660 2718">
     <span class='ocr_line' id='line_1_76' title="bbox 2237 2641 3660 2718; baseline 0.001 -18"><span class='ocrx_word' id='word_1_352' title='bbox 2237 2641 2588 2700; x_wconf 74' lang='lat' dir='ltr'>Guillielmus</span> <span class='ocrx_word' id='word_1_353' title='bbox 2605 2641 2667 2696; x_wconf 78' lang='lat' dir='ltr'>do</span> <span class='ocrx_word' id='word_1_354' title='bbox 2679 2643 2938 2713; x_wconf 69' lang='lat' dir='ltr'>Martiae,</span> <span class='ocrx_word' id='word_1_355' title='bbox 2951 2644 3241 2702; x_wconf 87' lang='lat' dir='ltr'>cabellotus</span> <span class='ocrx_word' id='word_1_356' title='bbox 3254 2645 3523 2718; x_wconf 83' lang='lat' dir='ltr'>Ranuccii,</span> <span class='ocrx_word' id='word_1_357' title='bbox 3538 2647 3660 2703; x_wconf 83' lang='grc'><strong>476.</strong></span> 
     </span>
    </p>

    <p class='ocr_par' dir='ltr' id='par_1_51' title="bbox 2242 2726 3661 2880">
     <span class='ocr_line' id='line_1_77' title="bbox 2242 2726 3661 2799; baseline 0.001 -15"><span class='ocrx_word' id='word_1_358' title='bbox 2242 2726 2563 2785; x_wconf 71' lang='lat' dir='ltr'>Guillelmus</span> <span class='ocrx_word' id='word_1_359' title='bbox 2580 2727 2763 2798; x_wconf 72' lang='lat' dir='ltr'>Mayo,</span> <span class='ocrx_word' id='word_1_360' title='bbox 2786 2727 3033 2785; x_wconf 90' lang='lat' dir='ltr'>dominus</span> <span class='ocrx_word' id='word_1_361' title='bbox 3051 2730 3201 2787; x_wconf 87' lang='lat' dir='ltr'>navis</span> <span class='ocrx_word' id='word_1_362' title='bbox 3218 2729 3396 2786; x_wconf 85' lang='lat' dir='ltr'>Sancti</span> <span class='ocrx_word' id='word_1_363' title='bbox 3410 2729 3661 2799; x_wconf 86' lang='lat' dir='ltr'>Victoris,</span> 
     </span>
     <span class='ocr_line' id='line_1_78' title="bbox 2310 2810 2900 2880; baseline 0.002 -16"><span class='ocrx_word' id='word_1_364' title='bbox 2310 2810 2435 2880; x_wconf 72' lang='grc'><strong>784,</strong></span> <span class='ocrx_word' id='word_1_365' title='bbox 2464 2813 2590 2879; x_wconf 76' lang='grc'><strong>785,</strong></span> <span class='ocrx_word' id='word_1_366' title='bbox 2621 2811 2746 2878; x_wconf 84' lang='grc'><strong>788,</strong></span> <span class='ocrx_word' id='word_1_367' title='bbox 2775 2811 2900 2865; x_wconf 81' lang='grc'><strong>780.</strong></span> 
     </span>
    </p>

    <p class='ocr_par' dir='ltr' id='par_1_52' title="bbox 2244 2892 3664 3051">
     <span class='ocr_line' id='line_1_79' title="bbox 2244 2892 3664 2965; baseline -0.001 -15"><span class='ocrx_word' id='word_1_368' title='bbox 2244 2892 2562 2950; x_wconf 69' lang='grc' dir='ltr'>θυίἰῑοιτηω</span> <span class='ocrx_word' id='word_1_369' title='bbox 2590 2892 2651 2949; x_wconf 74' lang='lat' dir='ltr'>do</span> <span class='ocrx_word' id='word_1_370' title='bbox 2689 2892 3098 2963; x_wconf 77' lang='lat' dir='ltr'>Palm-nucerio,</span> <span class='ocrx_word' id='word_1_371' title='bbox 3139 2899 3454 2965; x_wconf 89' lang='lat' dir='ltr'>procurator</span> <span class='ocrx_word' id='word_1_372' title='bbox 3486 2908 3664 2949; x_wconf 86' lang='lat' dir='ltr'>rerum</span> 
     </span>
     <span class='ocr_line' id='line_1_80' title="bbox 2310 2976 3189 3051; baseline -0.003 -16"><span class='ocrx_word' id='word_1_373' title='bbox 2310 2976 2491 3035; x_wconf 87' lang='lat' dir='ltr'>curiae</span> <span class='ocrx_word' id='word_1_374' title='bbox 2515 2977 2573 3033; x_wconf 90' lang='lat' dir='ltr'>in</span> <span class='ocrx_word' id='word_1_375' title='bbox 2596 2977 2880 3051; x_wconf 82' lang='lat' dir='ltr'>Monopoli,</span> <span class='ocrx_word' id='word_1_376' title='bbox 2911 2980 3034 3050; x_wconf 89' lang='grc'><strong>487,</strong></span> <span class='ocrx_word' id='word_1_377' title='bbox 3068 2979 3189 3033; x_wconf 87' lang='grc'><strong>488.</strong></span> 
     </span>
    </p>

    <p class='ocr_par' dir='ltr' id='par_1_53' title="bbox 2239 3060 3661 3214">
     <span class='ocr_line' id='line_1_81' title="bbox 2239 3060 3661 3134; baseline -0.002 -16"><span class='ocrx_word' id='word_1_378' title='bbox 2239 3061 2563 3118; x_wconf 74' lang='lat' dir='ltr'>Guillelmus</span> <span class='ocrx_word' id='word_1_379' title='bbox 2608 3061 2671 3118; x_wconf 77' lang='lat' dir='ltr'>dc</span> <span class='ocrx_word' id='word_1_380' title='bbox 2718 3061 2930 3134; x_wconf 82' lang='lat' dir='ltr'>Palma,</span> <span class='ocrx_word' id='word_1_381' title='bbox 2968 3061 3293 3134; x_wconf 86' lang='lat' dir='ltr'>justiciarius</span> <span class='ocrx_word' id='word_1_382' title='bbox 3335 3060 3661 3131; x_wconf 83' lang='lat' dir='ltr'>Basilicatae,</span> 
     </span>
     <span class='ocr_line' id='line_1_82' title="bbox 2311 3146 2589 3214; baseline -0.004 -13"><span class='ocrx_word' id='word_1_383' title='bbox 2311 3147 2434 3214; x_wconf 96' lang='grc'><strong>454,</strong></span> <span class='ocrx_word' id='word_1_384' title='bbox 2468 3146 2589 3200; x_wconf 95' lang='grc'><strong>455.</strong></span> 
     </span>
    </p>

    <p class='ocr_par' dir='ltr' id='par_1_54' title="bbox 2237 3224 3661 3296">
     <span class='ocr_line' id='line_1_83' title="bbox 2237 3224 3661 3296; baseline -0.004 -11"><span class='ocrx_word' id='word_1_385' title='bbox 2237 3227 2562 3285; x_wconf 75' lang='lat' dir='ltr'>Guillelmus</span> <span class='ocrx_word' id='word_1_386' title='bbox 2593 3228 2656 3282; x_wconf 76' lang='lat' dir='ltr'>de</span> <span class='ocrx_word' id='word_1_387' title='bbox 2689 3228 2971 3296; x_wconf 72' lang='lat' dir='ltr'>panormo,</span> <span class='ocrx_word' id='word_1_388' title='bbox 3002 3225 3326 3283; x_wconf 86' lang='lat' dir='ltr'>Biccarensis</span> <span class='ocrx_word' id='word_1_389' title='bbox 3359 3224 3661 3294; x_wconf 87' lang='lat' dir='ltr'>canonicus,</span> 
     </span>
    </p>

    <p class='ocr_par' dir='ltr' id='par_1_55' title="bbox 2239 3393 3669 3542">
     <span class='ocr_line' id='line_1_84' title="bbox 2239 3393 3669 3467; baseline -0.003 -14"><span class='ocrx_word' id='word_1_390' title='bbox 2239 3395 2559 3453; x_wconf 74' lang='lat' dir='ltr'>Guillolmus</span> <span class='ocrx_word' id='word_1_391' title='bbox 2580 3393 2642 3450; x_wconf 74' lang='lat' dir='ltr'>do</span> <span class='ocrx_word' id='word_1_392' title='bbox 2659 3395 2895 3463; x_wconf 66' lang='lat' dir='ltr'>Pal-isio,</span> <span class='ocrx_word' id='word_1_393' title='bbox 2929 3393 3221 3467; x_wconf 87' lang='lat' dir='ltr'>imperialis</span> <span class='ocrx_word' id='word_1_394' title='bbox 3241 3394 3409 3466; x_wconf 86' lang='lat' dir='ltr'>judex</span> <span class='ocrx_word' id='word_1_395' title='bbox 3433 3398 3669 3451; x_wconf 88' lang='lat' dir='ltr'>contrac-</span> 
     </span>
     <span class='ocr_line' id='line_1_85' title="bbox 2311 3475 3284 3542; baseline -0.003 -12"><span class='ocrx_word' id='word_1_396' title='bbox 2311 3481 2464 3530; x_wconf 89' lang='lat' dir='ltr'>tuum</span> <span class='ocrx_word' id='word_1_397' title='bbox 2490 3475 2545 3530; x_wconf 87' lang='lat' dir='ltr'>in</span> <span class='ocrx_word' id='word_1_398' title='bbox 2567 3476 2818 3542; x_wconf 87' lang='lat' dir='ltr'>Tarento,</span> <span class='ocrx_word' id='word_1_399' title='bbox 2848 3476 2971 3541; x_wconf 86' lang='grc'><strong>649,</strong></span> <span class='ocrx_word' id='word_1_400' title='bbox 3005 3475 3127 3541; x_wconf 90' lang='grc'><strong>620,</strong></span> <span class='ocrx_word' id='word_1_401' title='bbox 3161 3475 3284 3530; x_wconf 87' lang='grc'><strong>622.</strong></span> 
     </span>
    </p>

    <p class='ocr_par' dir='ltr' id='par_1_56' title="bbox 2240 3557 3282 3626">
     <span class='ocr_line' id='line_1_86' title="bbox 2240 3557 3282 3626; baseline -0.005 -8"><span class='ocrx_word' id='word_1_402' title='bbox 2240 3557 2567 3618; x_wconf 74' lang='lat' dir='ltr'>Guillelmus</span> <span class='ocrx_word' id='word_1_403' title='bbox 2585 3558 2648 3614; x_wconf 74' lang='lat' dir='ltr'>dc</span> <span class='ocrx_word' id='word_1_404' title='bbox 2676 3559 2930 3626; x_wconf 75' lang='lat' dir='ltr'>Ponroni,</span> <span class='ocrx_word' id='word_1_405' title='bbox 2958 3557 3131 3626; x_wconf 88' lang='lat' dir='ltr'>testis,</span> <span class='ocrx_word' id='word_1_406' title='bbox 3160 3561 3282 3613; x_wconf 92' lang='grc'><strong>449.</strong></span> 
     </span>
    </p>

    <p class='ocr_par' dir='ltr' id='par_1_57' title="bbox 2239 3637 3663 3782">
     <span class='ocr_line' id='line_1_87' title="bbox 2239 3637 3663 3712; baseline -0.006 -12"><span class='ocrx_word' id='word_1_407' title='bbox 2239 3642 2581 3708; x_wconf 70' lang='lat' dir='ltr'>Guillelmut,</span> <span class='ocrx_word' id='word_1_408' title='bbox 2634 3641 2941 3697; x_wconf 85' lang='lat' dir='ltr'>Sabinensis</span> <span class='ocrx_word' id='word_1_409' title='bbox 2995 3640 3301 3712; x_wconf 74' lang='lat' dir='ltr'>episcopua,</span> <span class='ocrx_word' id='word_1_410' title='bbox 3360 3637 3663 3705; x_wconf 85' lang='lat' dir='ltr'>cardinalis,</span> 
     </span>
     <span class='ocr_line' id='line_1_88' title="bbox 2315 3728 2632 3782; baseline -0.013 0"><span class='ocrx_word' id='word_1_411' title='bbox 2315 3729 2407 3782; x_wconf 81' lang='grc'>684</span> <span class='ocrx_word' id='word_1_412' title='bbox 2442 3731 2555 3782; x_wconf 83' lang='lat' dir='ltr'>not.</span> <span class='ocrx_word' id='word_1_413' title='bbox 2580 3728 2632 3779; x_wconf 82' lang='grc'>4.</span> 
     </span>
    </p>

    <p class='ocr_par' dir='ltr' id='par_1_58' title="bbox 2239 3804 3660 3958">
     <span class='ocr_line' id='line_1_89' title="bbox 2239 3804 3660 3878; baseline -0.006 -11"><span class='ocrx_word' id='word_1_414' title='bbox 2239 3807 2582 3867; x_wconf 71' lang='lat' dir='ltr'>Guilhelmus</span> <span class='ocrx_word' id='word_1_415' title='bbox 2610 3805 2674 3861; x_wconf 74' lang='lat' dir='ltr'>do</span> <span class='ocrx_word' id='word_1_416' title='bbox 2701 3807 2902 3863; x_wconf 78' lang='lat' dir='ltr'>Sancto</span> <span class='ocrx_word' id='word_1_417' title='bbox 2927 3806 3205 3876; x_wconf 60' lang='lat' dir='ltr'>Save-rino,</span> <span class='ocrx_word' id='word_1_418' title='bbox 3231 3805 3468 3878; x_wconf 90' lang='lat' dir='ltr'>proditor</span> <span class='ocrx_word' id='word_1_419' title='bbox 3491 3804 3660 3876; x_wconf 89' lang='lat' dir='ltr'>impe-</span> 
     </span>
     <span class='ocr_line' id='line_1_90' title="bbox 2314 3890 3134 3958; baseline -0.002 -13"><span class='ocrx_word' id='word_1_420' title='bbox 2314 3890 2523 3958; x_wconf 76' lang='lat' dir='ltr'>ratoris,</span> <span class='ocrx_word' id='word_1_421' title='bbox 2550 3891 2671 3958; x_wconf 81' lang='grc'><strong>403,</strong></span> <span class='ocrx_word' id='word_1_422' title='bbox 2703 3893 2828 3958; x_wconf 80' lang='grc'><strong>488,</strong></span> <span class='ocrx_word' id='word_1_423' title='bbox 2857 3891 2980 3952; x_wconf 81' lang='grc'><strong>488,</strong></span> <span class='ocrx_word' id='word_1_424' title='bbox 3010 3891 3134 3944; x_wconf 86' lang='grc'><strong>458.</strong></span> 
     </span>
    </p>

    <p class='ocr_par' dir='ltr' id='par_1_59' title="bbox 2240 3971 3078 4039">
     <span class='ocr_line' id='line_1_91' title="bbox 2240 3971 3078 4039; baseline -0.006 -8"><span class='ocrx_word' id='word_1_425' title='bbox 2240 3972 2564 4031; x_wconf 74' lang='lat' dir='ltr'>Guillelmua</span> <span class='ocrx_word' id='word_1_426' title='bbox 2588 3972 2651 4026; x_wconf 78' lang='lat' dir='ltr'>de</span> <span class='ocrx_word' id='word_1_427' title='bbox 2680 3974 2721 4026; x_wconf 87' lang='grc' dir='ltr'><strong><em>Τ</em></strong></span> <span class='ocrx_word' id='word_1_428' title='bbox 2718 3971 2919 4039; x_wconf 79' lang='lat' dir='ltr'>ribino,</span> <span class='ocrx_word' id='word_1_429' title='bbox 2954 3972 3078 4027; x_wconf 90' lang='grc'><strong>477.</strong></span> 
     </span>
    </p>

    <p class='ocr_par' dir='ltr' id='par_1_60' title="bbox 2238 4050 3667 4295">
     <span class='ocr_line' id='line_1_92' title="bbox 2238 4050 3667 4116; baseline -0.008 0"><span class='ocrx_word' id='word_1_430' title='bbox 2238 4056 2554 4116; x_wconf 71' lang='grc' dir='ltr'>θυίὶὶοῑηιω</span> <span class='ocrx_word' id='word_1_431' title='bbox 2581 4057 2843 4110; x_wconf 79' lang='lat' dir='ltr'>Turrione</span> <span class='ocrx_word' id='word_1_432' title='bbox 2869 4054 2983 4110; x_wconf 87' lang='lat' dir='ltr'>sive</span> <span class='ocrx_word' id='word_1_433' title='bbox 3018 4055 3327 4115; x_wconf 76' lang='grc' dir='ltr'><strong>Τυηηοπυσ,</strong></span> <span class='ocrx_word' id='word_1_434' title='bbox 3350 4053 3547 4107; x_wconf 84' lang='lat' dir='ltr'>Terrae</span> <span class='ocrx_word' id='word_1_435' title='bbox 3572 4050 3667 4106; x_wconf 87' lang='lat' dir='ltr'>La-</span> 
     </span>
     <span class='ocr_line' id='line_1_93' title="bbox 2310 4134 3667 4208; baseline -0.005 -12"><span class='ocrx_word' id='word_1_436' title='bbox 2310 4139 2458 4196; x_wconf 88' lang='lat' dir='ltr'>boris</span> <span class='ocrx_word' id='word_1_437' title='bbox 2476 4145 2532 4195; x_wconf 87' lang='lat' dir='ltr'>et</span> <span class='ocrx_word' id='word_1_438' title='bbox 2544 4137 2832 4194; x_wconf 86' lang='lat' dir='ltr'>comitatus</span> <span class='ocrx_word' id='word_1_439' title='bbox 2843 4137 3036 4194; x_wconf 83' lang='lat' dir='ltr'>Molisii</span> <span class='ocrx_word' id='word_1_440' title='bbox 3064 4137 3317 4208; x_wconf 85' lang='lat' dir='ltr'>magister</span> <span class='ocrx_word' id='word_1_441' title='bbox 3340 4134 3667 4191; x_wconf 77' lang='lat' dir='ltr'>camerarius</span> 
     </span>
     <span class='ocr_line' id='line_1_94' title="bbox 2309 4221 3357 4295; baseline -0.007 -15"><span class='ocrx_word' id='word_1_442' title='bbox 2309 4221 2618 4295; x_wconf 87' lang='lat' dir='ltr'>imperialis,</span> <span class='ocrx_word' id='word_1_443' title='bbox 2647 4223 2775 4290; x_wconf 93' lang='grc'><strong>748,</strong></span> <span class='ocrx_word' id='word_1_444' title='bbox 2803 4222 2930 4291; x_wconf 90' lang='grc'><strong>725,</strong></span> <span class='ocrx_word' id='word_1_445' title='bbox 2960 4222 3063 4275; x_wconf 91' lang='grc'>743</span> <span class='ocrx_word' id='word_1_446' title='bbox 3089 4225 3146 4275; x_wconf 82' lang='lat' dir='ltr'>et</span> <span class='ocrx_word' id='word_1_447' title='bbox 3163 4226 3267 4275; x_wconf 84' lang='lat' dir='ltr'>not.</span> <span class='ocrx_word' id='word_1_448' title='bbox 3304 4223 3357 4273; x_wconf 94' lang='grc'>4.</span> 
     </span>
    </p>

    <p class='ocr_par' dir='ltr' id='par_1_61' title="bbox 2242 4300 3670 4465">
     <span class='ocr_line' id='line_1_95' title="bbox 2242 4300 3670 4377; baseline -0.006 -12"><span class='ocrx_word' id='word_1_449' title='bbox 2242 4307 2559 4366; x_wconf 75' lang='lat' dir='ltr'>Guillalmus</span> <span class='ocrx_word' id='word_1_450' title='bbox 2581 4305 2644 4361; x_wconf 78' lang='lat' dir='ltr'>de</span> <span class='ocrx_word' id='word_1_451' title='bbox 2678 4307 2864 4375; x_wconf 78' lang='lat' dir='ltr'>Vinea,</span> <span class='ocrx_word' id='word_1_452' title='bbox 2901 4320 3124 4377; x_wconf 82' lang='lat' dir='ltr'>magnae</span> <span class='ocrx_word' id='word_1_453' title='bbox 3154 4301 3445 4376; x_wconf 87' lang='lat' dir='ltr'>imperialis</span> <span class='ocrx_word' id='word_1_454' title='bbox 3483 4300 3670 4357; x_wconf 78' lang='lat' dir='ltr'>curiae</span> 
     </span>
     <span class='ocr_line' id='line_1_96' title="bbox 2306 4391 3161 4465; baseline -0.006 -17"><span class='ocrx_word' id='word_1_455' title='bbox 2306 4392 2489 4465; x_wconf 85' lang='lat' dir='ltr'>judex,</span> <span class='ocrx_word' id='word_1_456' title='bbox 2520 4393 2645 4458; x_wconf 88' lang='grc'><strong>250,</strong></span> <span class='ocrx_word' id='word_1_457' title='bbox 2676 4391 2803 4457; x_wconf 85' lang='grc'><strong>254,</strong></span> <span class='ocrx_word' id='word_1_458' title='bbox 2838 4391 2942 4444; x_wconf 90' lang='grc'>495</span> <span class='ocrx_word' id='word_1_459' title='bbox 2965 4394 3077 4445; x_wconf 89' lang='lat' dir='ltr'>not.</span> <span class='ocrx_word' id='word_1_460' title='bbox 3110 4391 3161 4443; x_wconf 92' lang='grc'>4.</span> 
     </span>
    </p>

    <p class='ocr_par' dir='ltr' id='par_1_62' title="bbox 2241 4471 3283 4545">
     <span class='ocr_line' id='line_1_97' title="bbox 2241 4471 3283 4545; baseline -0.009 -12"><span class='ocrx_word' id='word_1_461' title='bbox 2241 4475 2566 4533; x_wconf 70' lang='lat' dir='ltr'>Gullielmus</span> <span class='ocrx_word' id='word_1_462' title='bbox 2586 4473 2759 4540; x_wconf 75' lang='lat' dir='ltr'>Acies,</span> <span class='ocrx_word' id='word_1_463' title='bbox 2792 4471 3126 4545; x_wconf 76' lang='lat' dir='ltr'>peregrinuS,</span> <span class='ocrx_word' id='word_1_464' title='bbox 3157 4472 3283 4526; x_wconf 93' lang='grc'><strong>787.</strong></span> 
     </span>
    </p>

    <p class='ocr_par' dir='ltr' id='par_1_63' title="bbox 2244 4552 3429 4627">
     <span class='ocr_line' id='line_1_98' title="bbox 2244 4552 3429 4627; baseline -0.011 -9"><span class='ocrx_word' id='word_1_465' title='bbox 2244 4557 2559 4618; x_wconf 77' lang='lat' dir='ltr'>Guillelmus</span> <span class='ocrx_word' id='word_1_466' title='bbox 2585 4554 2649 4610; x_wconf 83' lang='lat' dir='ltr'>de</span> <span class='ocrx_word' id='word_1_467' title='bbox 2677 4555 2919 4625; x_wconf 74' lang='lat' dir='ltr'>Aloneta,</span> <span class='ocrx_word' id='word_1_468' title='bbox 2947 4553 3278 4627; x_wconf 75' lang='lat' dir='ltr'>peregrinuS,</span> <span class='ocrx_word' id='word_1_469' title='bbox 3303 4552 3429 4606; x_wconf 85' lang='grc'><strong>786.</strong></span> 
     </span>
    </p>

    <p class='ocr_par' dir='ltr' id='par_1_64' title="bbox 2241 4634 3379 4709">
     <span class='ocr_line' id='line_1_99' title="bbox 2241 4634 3379 4709; baseline -0.011 -10"><span class='ocrx_word' id='word_1_470' title='bbox 2241 4638 2561 4699; x_wconf 77' lang='lat' dir='ltr'>Guillelmus</span> <span class='ocrx_word' id='word_1_471' title='bbox 2586 4635 2864 4709; x_wconf 66' lang='lat' dir='ltr'>Anglicus,</span> <span class='ocrx_word' id='word_1_472' title='bbox 2893 4636 3223 4709; x_wconf 83' lang='lat' dir='ltr'>peregrinus,</span> <span class='ocrx_word' id='word_1_473' title='bbox 3251 4634 3379 4688; x_wconf 86' lang='grc'><strong>788.</strong></span> 
     </span>
    </p>

    <p class='ocr_par' dir='ltr' id='par_1_65' title="bbox 2243 4717 3449 4792">
     <span class='ocr_line' id='line_1_100' title="bbox 2243 4717 3449 4792; baseline -0.011 -9"><span class='ocrx_word' id='word_1_474' title='bbox 2243 4722 2565 4784; x_wconf 76' lang='lat' dir='ltr'>Guillelmus</span> <span class='ocrx_word' id='word_1_475' title='bbox 2589 4719 2651 4776; x_wconf 80' lang='lat' dir='ltr'>de</span> <span class='ocrx_word' id='word_1_476' title='bbox 2669 4720 2932 4790; x_wconf 64' lang='lat' dir='ltr'>Ati-selmo,</span> <span class='ocrx_word' id='word_1_477' title='bbox 2960 4718 3289 4792; x_wconf 85' lang='lat' dir='ltr'>peregrinus,</span> <span class='ocrx_word' id='word_1_478' title='bbox 3322 4717 3449 4771; x_wconf 87' lang='grc'><strong>788.</strong></span> 
     </span>
    </p>

    <p class='ocr_par' dir='ltr' id='par_1_66' title="bbox 2243 4804 3462 4880">
     <span class='ocr_line' id='line_1_101' title="bbox 2243 4804 3462 4880; baseline -0.011 -11"><span class='ocrx_word' id='word_1_479' title='bbox 2243 4808 2565 4869; x_wconf 71' lang='lat' dir='ltr'>Guillolmus</span> <span class='ocrx_word' id='word_1_480' title='bbox 2591 4805 2655 4863; x_wconf 77' lang='lat' dir='ltr'>de</span> <span class='ocrx_word' id='word_1_481' title='bbox 2682 4806 2941 4879; x_wconf 69' lang='lat' dir='ltr'>Araollio,</span> <span class='ocrx_word' id='word_1_482' title='bbox 2970 4804 3302 4880; x_wconf 84' lang='lat' dir='ltr'>peregrinus,</span> <span class='ocrx_word' id='word_1_483' title='bbox 3332 4804 3462 4858; x_wconf 89' lang='grc'><strong>788.</strong></span> 
     </span>
    </p>
   </div>
   <div class='ocr_carea' id='block_1_10' title="bbox 3235 4909 3349 4962">
    <p class='ocr_par' dir='ltr' id='par_1_67' title="bbox 3235 4909 3349 4962">
     <span class='ocr_line' id='line_1_102' title="bbox 3235 4909 3349 4962; baseline 0.009 -1"><span class='ocrx_word' id='word_1_484' title='bbox 3235 4909 3349 4962; x_wconf 80' lang='lat'>128</span> 
     </span>
    </p>
   </div>
  </div>
 </body>
</html>
