<?xml version="1.0" encoding="UTF-8"?>
<!DOCTYPE html PUBLIC "-//W3C//DTD XHTML 1.0 Transitional//EN"
    "http://www.w3.org/TR/xhtml1/DTD/xhtml1-transitional.dtd">
<html xmlns="http://www.w3.org/1999/xhtml" xml:lang="en" lang="en">
 <head>
  <title>
</title>
<meta http-equiv="Content-Type" content="text/html;charset=utf-8" />
  <meta name='ocr-system' content='tesseract 3.04.00' />
  <meta name='ocr-capabilities' content='ocr_page ocr_carea ocr_par ocr_line ocrx_word'/>
</head>
<body>
  <div class='ocr_page' id='page_1' title='image "./historiadiploma01empegoog_0077.png"; bbox 0 0 4525 6031; ppageno 0'>
   <div class='ocr_carea' id='block_1_1' title="bbox 638 616 3459 708">
    <p class='ocr_par' dir='ltr' id='par_1_1' title="bbox 638 616 3459 708">
     <span class='ocr_line' id='line_1_1' title="bbox 638 616 3459 708; baseline -0.003 -15"><span class='ocrx_word' id='word_1_1' title='bbox 638 635 835 693; x_wconf 64' lang='lat' dir='ltr'><strong>Innuet.</strong></span> <span class='ocrx_word' id='word_1_2' title='bbox 867 630 961 708; x_wconf 85' lang='lat'><strong>6.]</strong></span> <span class='ocrx_word' id='word_1_3' title='bbox 1531 628 1924 690; x_wconf 78' lang='lat' dir='ltr'>HISTORIA</span> <span class='ocrx_word' id='word_1_4' title='bbox 1976 628 2566 690; x_wconf 79' lang='lat' dir='ltr'><strong>DIPLOMATICA.</strong></span> <span class='ocrx_word' id='word_1_5' title='bbox 3103 664 3114 675; x_wconf 85' lang='lat'><strong>·</strong></span> <span class='ocrx_word' id='word_1_6' title='bbox 3339 616 3459 678; x_wconf 78' lang='lat'><strong>617</strong></span> 
     </span>
    </p>
   </div>
   <div class='ocr_carea' id='block_1_2' title="bbox 638 758 3463 1350">
    <p class='ocr_par' dir='ltr' id='par_1_2' title="bbox 638 758 3463 1230">
     <span class='ocr_line' id='line_1_2' title="bbox 639 758 3463 860; baseline -0.004 -22"><span class='ocrx_word' id='word_1_7' title='bbox 639 768 944 839; x_wconf 81' lang='lat' dir='ltr'><strong>favorem</strong></span> <span class='ocrx_word' id='word_1_8' title='bbox 973 763 1332 860; x_wconf 85' lang='lat' dir='ltr'><strong>publicum</strong></span> <span class='ocrx_word' id='word_1_9' title='bbox 1361 763 1475 834; x_wconf 85' lang='lat' dir='ltr'><strong>vel</strong></span> <span class='ocrx_word' id='word_1_10' title='bbox 1503 766 1882 854; x_wconf 87' lang='lat' dir='ltr'><strong>occultum,</strong></span> <span class='ocrx_word' id='word_1_11' title='bbox 1910 764 2009 835; x_wconf 86' lang='lat' dir='ltr'><strong>illi</strong></span> <span class='ocrx_word' id='word_1_12' title='bbox 2036 764 2264 836; x_wconf 91' lang='lat' dir='ltr'><strong>eidem</strong></span> <span class='ocrx_word' id='word_1_13' title='bbox 2298 785 2479 859; x_wconf 92' lang='lat' dir='ltr'><strong>pene</strong></span> <span class='ocrx_word' id='word_1_14' title='bbox 2506 762 2861 854; x_wconf 86' lang='lat' dir='ltr'><strong>subjaceat</strong></span> <span class='ocrx_word' id='word_1_15' title='bbox 2888 769 3029 831; x_wconf 84' lang='lat' dir='ltr'><strong>tam</strong></span> <span class='ocrx_word' id='word_1_16' title='bbox 3060 758 3130 829; x_wconf 93' lang='lat' dir='ltr'><strong>in</strong></span> <span class='ocrx_word' id='word_1_17' title='bbox 3165 776 3463 852; x_wconf 88' lang='lat' dir='ltr'><strong>persona</strong></span> 
     </span>
     <span class='ocr_line' id='line_1_3' title="bbox 638 881 3461 983; baseline -0.003 -23"><span class='ocrx_word' id='word_1_18' title='bbox 638 910 845 983; x_wconf 90' lang='lat' dir='ltr'><strong>quam</strong></span> <span class='ocrx_word' id='word_1_19' title='bbox 871 888 945 958; x_wconf 92' lang='lat' dir='ltr'><strong>in</strong></span> <span class='ocrx_word' id='word_1_20' title='bbox 969 887 1207 977; x_wconf 79' lang='lat' dir='ltr'><strong>rebuS,</strong></span> <span class='ocrx_word' id='word_1_21' title='bbox 1230 885 1343 957; x_wconf 90' lang='lat' dir='ltr'><strong>cui</strong></span> <span class='ocrx_word' id='word_1_22' title='bbox 1379 887 1618 958; x_wconf 86' lang='lat' dir='ltr'><strong>talium</strong></span> <span class='ocrx_word' id='word_1_23' title='bbox 1646 888 1951 959; x_wconf 83' lang='lat' dir='ltr'><strong>fautores</strong></span> <span class='ocrx_word' id='word_1_24' title='bbox 1983 889 2348 980; x_wconf 89' lang='lat' dir='ltr'><strong>subjacent</strong></span> <span class='ocrx_word' id='word_1_25' title='bbox 2378 884 2761 959; x_wconf 90' lang='lat' dir='ltr'><strong>secundum</strong></span> <span class='ocrx_word' id='word_1_26' title='bbox 2792 883 3160 957; x_wconf 85' lang='lat' dir='ltr'><strong>canonicas</strong></span> <span class='ocrx_word' id='word_1_27' title='bbox 3191 891 3263 953; x_wconf 92' lang='lat' dir='ltr'><strong>et</strong></span> <span class='ocrx_word' id='word_1_28' title='bbox 3287 881 3461 972; x_wconf 83' lang='lat' dir='ltr'><strong>legi·</strong></span> 
     </span>
     <span class='ocr_line' id='line_1_4' title="bbox 640 1006 3463 1105; baseline -0.002 -22"><span class='ocrx_word' id='word_1_29' title='bbox 640 1012 838 1083; x_wconf 89' lang='lat' dir='ltr'><strong>timas</strong></span> <span class='ocrx_word' id='word_1_30' title='bbox 866 1010 1285 1083; x_wconf 85' lang='lat' dir='ltr'><strong>sanctiones.</strong></span> <span class='ocrx_word' id='word_1_31' title='bbox 1313 1009 1723 1082; x_wconf 89' lang='lat' dir='ltr'><strong>Mandamus</strong></span> <span class='ocrx_word' id='word_1_32' title='bbox 1756 1021 2102 1104; x_wconf 89' lang='lat' dir='ltr'><strong>quatenus</strong></span> <span class='ocrx_word' id='word_1_33' title='bbox 2130 1011 2442 1105; x_wconf 83' lang='lat' dir='ltr'><strong>predicta</strong></span> <span class='ocrx_word' id='word_1_34' title='bbox 2479 1011 2709 1083; x_wconf 91' lang='lat' dir='ltr'><strong>omnia</strong></span> <span class='ocrx_word' id='word_1_35' title='bbox 2746 1020 2817 1082; x_wconf 90' lang='lat' dir='ltr'><strong>et</strong></span> <span class='ocrx_word' id='word_1_36' title='bbox 2850 1008 3121 1101; x_wconf 81' lang='lat' dir='ltr'><strong>singula</strong></span> <span class='ocrx_word' id='word_1_37' title='bbox 3149 1006 3463 1101; x_wconf 90' lang='lat' dir='ltr'><strong>publice·</strong></span> 
     </span>
     <span class='ocr_line' id='line_1_5' title="bbox 639 1133 2921 1230; baseline -0.002 -22"><span class='ocrx_word' id='word_1_38' title='bbox 639 1137 723 1209; x_wconf 91' lang='lat' dir='ltr'><strong>tis</strong></span> <span class='ocrx_word' id='word_1_39' title='bbox 751 1146 823 1208; x_wconf 91' lang='lat' dir='ltr'><strong>et</strong></span> <span class='ocrx_word' id='word_1_40' title='bbox 841 1134 1181 1230; x_wconf 85' lang='lat' dir='ltr'><strong>publicari</strong></span> <span class='ocrx_word' id='word_1_41' title='bbox 1214 1133 1480 1205; x_wconf 83' lang='lat' dir='ltr'><strong>faciatis</strong></span> <span class='ocrx_word' id='word_1_42' title='bbox 1508 1155 1634 1228; x_wconf 89' lang='lat' dir='ltr'><strong>per</strong></span> <span class='ocrx_word' id='word_1_43' title='bbox 1657 1136 1810 1207; x_wconf 87' lang='lat' dir='ltr'><strong>loca</strong></span> <span class='ocrx_word' id='word_1_44' title='bbox 1832 1135 1903 1205; x_wconf 92' lang='lat' dir='ltr'><strong>in</strong></span> <span class='ocrx_word' id='word_1_45' title='bbox 1936 1136 2190 1227; x_wconf 91' lang='lat' dir='ltr'><strong>quibus</strong></span> <span class='ocrx_word' id='word_1_46' title='bbox 2216 1135 2530 1207; x_wconf 86' lang='lat' dir='ltr'><strong>videritis</strong></span> <span class='ocrx_word' id='word_1_47' title='bbox 2562 1134 2921 1229; x_wconf 85' lang='lat' dir='ltr'><strong>expedire.</strong></span> 
     </span>
    </p>

    <p class='ocr_par' dir='ltr' id='par_1_3' title="bbox 734 1257 2470 1350">
     <span class='ocr_line' id='line_1_6' title="bbox 734 1257 2470 1350; baseline -0.002 -18"><span class='ocrx_word' id='word_1_48' title='bbox 734 1262 985 1332; x_wconf 87' lang='lat' dir='ltr'><strong>Datum</strong></span> <span class='ocrx_word' id='word_1_49' title='bbox 1018 1258 1361 1350; x_wconf 82' lang='lat' dir='ltr'>Lugduni,</span> <span class='ocrx_word' id='word_1_50' title='bbox 1398 1258 1555 1329; x_wconf 88' lang='lat' dir='ltr'><strong>XIV</strong></span> <span class='ocrx_word' id='word_1_51' title='bbox 1582 1257 1915 1330; x_wconf 80' lang='lat' dir='ltr'>kalendas</span> <span class='ocrx_word' id='word_1_52' title='bbox 1944 1259 2135 1348; x_wconf 88' lang='lat' dir='ltr'><strong>maii,</strong></span> <span class='ocrx_word' id='word_1_53' title='bbox 2167 1280 2354 1331; x_wconf 89' lang='lat' dir='ltr'><strong>anno</strong></span> <span class='ocrx_word' id='word_1_54' title='bbox 2384 1259 2470 1329; x_wconf 83' lang='lat' dir='ltr'><strong>V.</strong></span> 
     </span>
    </p>
   </div>
   <div class='ocr_carea' id='block_1_3' title="bbox 1077 1531 3031 1545">
    <p class='ocr_par' dir='ltr' id='par_1_4' title="bbox 1077 1531 3031 1545">
     <span class='ocr_line' id='line_1_7' title="bbox 1077 1531 3031 1545; baseline 0.001 -4"><span class='ocrx_word' id='word_1_55' title='bbox 1077 1531 3031 1545; x_wconf 50' lang='lat' dir='ltr'><strong>*effi-0*</strong></span> 
     </span>
    </p>
   </div>
   <div class='ocr_carea' id='block_1_4' title="bbox 637 1814 3464 2451">
    <p class='ocr_par' dir='ltr' id='par_1_5' title="bbox 637 1814 3464 2451">
     <span class='ocr_line' id='line_1_8' title="bbox 738 1814 3464 1926; baseline 0.001 -30"><span class='ocrx_word' id='word_1_56' title='bbox 738 1814 1226 1898; x_wconf 84' lang='lat' dir='ltr'><strong>Innocentius</strong></span> <span class='ocrx_word' id='word_1_57' title='bbox 1298 1841 1497 1924; x_wconf 88' lang='lat' dir='ltr'><strong>papa</strong></span> <span class='ocrx_word' id='word_1_58' title='bbox 1560 1816 1878 1897; x_wconf 89' lang='lat' dir='ltr'><strong>mandat</strong></span> <span class='ocrx_word' id='word_1_59' title='bbox 1947 1828 2033 1899; x_wconf 92' lang='lat' dir='ltr'><strong>ut</strong></span> <span class='ocrx_word' id='word_1_60' title='bbox 2096 1816 2301 1899; x_wconf 90' lang='lat' dir='ltr'><strong>bona</strong></span> <span class='ocrx_word' id='word_1_61' title='bbox 2353 1814 2704 1899; x_wconf 92' lang='lat' dir='ltr'><strong>omnium</strong></span> <span class='ocrx_word' id='word_1_62' title='bbox 2769 1815 3265 1898; x_wconf 89' lang='lat' dir='ltr'><strong>Januensium</strong></span> <span class='ocrx_word' id='word_1_63' title='bbox 3328 1818 3464 1926; x_wconf 88' lang='lat' dir='ltr'><strong>qui</strong></span> 
     </span>
     <span class='ocr_line' id='line_1_9' title="bbox 637 1945 3457 2058; baseline 0.002 -32"><span class='ocrx_word' id='word_1_64' title='bbox 637 1945 692 2026; x_wconf 93' lang='lat' dir='ltr'><strong>F</strong></span> <span class='ocrx_word' id='word_1_65' title='bbox 695 1946 1015 2031; x_wconf 87' lang='lat' dir='ltr'><strong>riderico</strong></span> <span class='ocrx_word' id='word_1_66' title='bbox 1078 1948 1473 2056; x_wconf 90' lang='lat' dir='ltr'><strong>quondam</strong></span> <span class='ocrx_word' id='word_1_67' title='bbox 1545 1947 1979 2056; x_wconf 89' lang='lat' dir='ltr'><strong>imperatori</strong></span> <span class='ocrx_word' id='word_1_68' title='bbox 2040 1949 2411 2031; x_wconf 84' lang='lat' dir='ltr'><strong>auxilium</strong></span> <span class='ocrx_word' id='word_1_69' title='bbox 2466 1948 2583 2030; x_wconf 87' lang='lat' dir='ltr'><strong>vel</strong></span> <span class='ocrx_word' id='word_1_70' title='bbox 2641 1947 2976 2030; x_wconf 82' lang='lat' dir='ltr'><strong>favorem</strong></span> <span class='ocrx_word' id='word_1_71' title='bbox 3031 1961 3457 2058; x_wconf 82' lang='lat' dir='ltr'><strong>praestant,</strong></span> 
     </span>
     <span class='ocr_line' id='line_1_10' title="bbox 637 2078 3460 2189; baseline 0.001 -28"><span class='ocrx_word' id='word_1_72' title='bbox 637 2078 1149 2187; x_wconf 84' lang='lat' dir='ltr'><strong>publicentur,</strong></span> <span class='ocrx_word' id='word_1_73' title='bbox 1205 2079 1445 2188; x_wconf 92' lang='lat' dir='ltr'><strong>ipsius</strong></span> <span class='ocrx_word' id='word_1_74' title='bbox 1496 2081 1927 2163; x_wconf 90' lang='lat' dir='ltr'><strong>communis</strong></span> <span class='ocrx_word' id='word_1_75' title='bbox 1979 2081 2266 2164; x_wconf 89' lang='lat' dir='ltr'><strong>Januae</strong></span> <span class='ocrx_word' id='word_1_76' title='bbox 2319 2081 2588 2164; x_wconf 87' lang='lat' dir='ltr'><strong>usibus</strong></span> <span class='ocrx_word' id='word_1_77' title='bbox 2641 2081 3134 2189; x_wconf 89' lang='lat' dir='ltr'><strong>applicanda,</strong></span> <span class='ocrx_word' id='word_1_78' title='bbox 3176 2083 3460 2165; x_wconf 91' lang='lat' dir='ltr'><strong>eisdem</strong></span> 
     </span>
     <span class='ocr_line' id='line_1_11' title="bbox 637 2212 3461 2323; baseline 0.001 -30"><span class='ocrx_word' id='word_1_79' title='bbox 637 2221 790 2293; x_wconf 85' lang='lat' dir='ltr'><strong>tam</strong></span> <span class='ocrx_word' id='word_1_80' title='bbox 827 2213 925 2294; x_wconf 89' lang='lat' dir='ltr'><strong>de</strong></span> <span class='ocrx_word' id='word_1_81' title='bbox 958 2212 1200 2294; x_wconf 89' lang='lat' dir='ltr'><strong>Janua</strong></span> <span class='ocrx_word' id='word_1_82' title='bbox 1236 2239 1475 2322; x_wconf 90' lang='lat' dir='ltr'><strong>quam</strong></span> <span class='ocrx_word' id='word_1_83' title='bbox 1510 2213 1608 2295; x_wconf 92' lang='lat' dir='ltr'><strong>de</strong></span> <span class='ocrx_word' id='word_1_84' title='bbox 1644 2214 1813 2295; x_wconf 91' lang='lat' dir='ltr'><strong>aliis</strong></span> <span class='ocrx_word' id='word_1_85' title='bbox 1861 2213 2243 2296; x_wconf 70' lang='lat' dir='ltr'><strong>societatis·</strong></span> <span class='ocrx_word' id='word_1_86' title='bbox 2279 2212 2779 2297; x_wconf 87' lang='lat' dir='ltr'><strong>Lombardiae</strong></span> <span class='ocrx_word' id='word_1_87' title='bbox 2813 2214 3241 2297; x_wconf 83' lang='lat' dir='ltr'><strong>civitatibus</strong></span> <span class='ocrx_word' id='word_1_88' title='bbox 3277 2241 3461 2323; x_wconf 94' lang='lat' dir='ltr'><strong>per-</strong></span> 
     </span>
     <span class='ocr_line' id='line_1_12' title="bbox 637 2344 1393 2451; baseline 0 -24"><span class='ocrx_word' id='word_1_89' title='bbox 637 2354 863 2451; x_wconf 88' lang='lat' dir='ltr'><strong>petuo</strong></span> <span class='ocrx_word' id='word_1_90' title='bbox 911 2344 1393 2427; x_wconf 77' lang='lat' dir='ltr'><strong>forbannitis,</strong></span> 
     </span>
    </p>
   </div>
   <div class='ocr_carea' id='block_1_5' title="bbox 797 2550 3428 2631">
    <p class='ocr_par' dir='ltr' id='par_1_6' title="bbox 797 2550 3428 2631">
     <span class='ocr_line' id='line_1_13' title="bbox 797 2550 3428 2631; baseline 0 -19"><span class='ocrx_word' id='word_1_91' title='bbox 797 2550 1046 2628; x_wconf 81' lang='lat' dir='ltr'><strong>(Inedit.</strong></span> <span class='ocrx_word' id='word_1_92' title='bbox 1078 2568 1153 2612; x_wconf 81' lang='lat' dir='ltr'><strong>ex</strong></span> <span class='ocrx_word' id='word_1_93' title='bbox 1180 2551 1315 2612; x_wconf 89' lang='lat' dir='ltr'><strong>cod.</strong></span> <span class='ocrx_word' id='word_1_94' title='bbox 1347 2551 1566 2613; x_wconf 72' lang='lat' dir='ltr'><strong>Currat.</strong></span> <span class='ocrx_word' id='word_1_95' title='bbox 1599 2554 1659 2613; x_wconf 84' lang='lat' dir='ltr'><strong>in</strong></span> <span class='ocrx_word' id='word_1_96' title='bbox 1687 2552 1841 2614; x_wconf 77' lang='lat' dir='ltr'><strong>Bihl.</strong></span> <span class='ocrx_word' id='word_1_97' title='bbox 1874 2552 2016 2614; x_wconf 80' lang='lat' dir='ltr'><strong>Brit.</strong></span> <span class='ocrx_word' id='word_1_98' title='bbox 2054 2552 2311 2629; x_wconf 81' lang='lat' dir='ltr'><strong>Musaei,</strong></span> <span class='ocrx_word' id='word_1_99' title='bbox 2340 2561 2404 2609; x_wconf 83' lang='lat' dir='ltr'><strong>n⁰</strong></span> <span class='ocrx_word' id='word_1_100' title='bbox 2437 2561 2652 2623; x_wconf 78' lang='grc'><strong>12031,</strong></span> <span class='ocrx_word' id='word_1_101' title='bbox 2685 2551 2787 2610; x_wconf 83' lang='lat' dir='ltr'><strong>sol.</strong></span> <span class='ocrx_word' id='word_1_102' title='bbox 2826 2561 2970 2627; x_wconf 82' lang='lat'><strong>168,</strong></span> <span class='ocrx_word' id='word_1_103' title='bbox 3004 2553 3428 2631; x_wconf 81' lang='lat' dir='ltr'><strong>recto-verso.)</strong></span> 
     </span>
    </p>
   </div>
   <div class='ocr_carea' id='block_1_6' title="bbox 627 2726 3463 4798">
    <p class='ocr_par' dir='ltr' id='par_1_7' title="bbox 627 2726 3463 4798">
     <span class='ocr_line' id='line_1_14' title="bbox 727 2726 3455 2824; baseline 0 -24"><span class='ocrx_word' id='word_1_104' title='bbox 727 2729 1175 2800; x_wconf 85' lang='lat' dir='ltr'><strong>Innocentius</strong></span> <span class='ocrx_word' id='word_1_105' title='bbox 1225 2729 1626 2824; x_wconf 89' lang='lat' dir='ltr'><strong>episcopus,</strong></span> <span class='ocrx_word' id='word_1_106' title='bbox 1672 2750 1916 2800; x_wconf 85' lang='lat' dir='ltr'><strong>servus</strong></span> <span class='ocrx_word' id='word_1_107' title='bbox 1963 2750 2322 2801; x_wconf 84' lang='lat' dir='ltr'><strong>servorum</strong></span> <span class='ocrx_word' id='word_1_108' title='bbox 2368 2730 2529 2818; x_wconf 93' lang='lat' dir='ltr'><strong>Dei,</strong></span> <span class='ocrx_word' id='word_1_109' title='bbox 2579 2727 2850 2798; x_wconf 85' lang='lat' dir='ltr'><strong>dilectis</strong></span> <span class='ocrx_word' id='word_1_110' title='bbox 2893 2726 3049 2798; x_wconf 86' lang='lat' dir='ltr'><strong>filiis</strong></span> <span class='ocrx_word' id='word_1_111' title='bbox 3094 2729 3455 2822; x_wconf 87' lang='lat' dir='ltr'><strong>potestati,</strong></span> 
     </span>
     <span class='ocr_line' id='line_1_15' title="bbox 635 2852 3457 2947; baseline -0 -22"><span class='ocrx_word' id='word_1_112' title='bbox 635 2854 921 2925; x_wconf 84' lang='lat' dir='ltr'><strong>consilio</strong></span> <span class='ocrx_word' id='word_1_113' title='bbox 965 2862 1037 2924; x_wconf 91' lang='lat' dir='ltr'><strong>et</strong></span> <span class='ocrx_word' id='word_1_114' title='bbox 1080 2854 1432 2923; x_wconf 93' lang='lat' dir='ltr'><strong>communi</strong></span> <span class='ocrx_word' id='word_1_115' title='bbox 1465 2855 1684 2925; x_wconf 87' lang='lat' dir='ltr'><strong>Janue</strong></span> <span class='ocrx_word' id='word_1_116' title='bbox 1725 2854 2020 2924; x_wconf 89' lang='lat' dir='ltr'><strong>salutem</strong></span> <span class='ocrx_word' id='word_1_117' title='bbox 2066 2863 2136 2924; x_wconf 90' lang='lat' dir='ltr'><strong>et</strong></span> <span class='ocrx_word' id='word_1_118' title='bbox 2174 2852 2623 2947; x_wconf 90' lang='lat' dir='ltr'><strong>apostolicam</strong></span> <span class='ocrx_word' id='word_1_119' title='bbox 2669 2852 3254 2924; x_wconf 86' lang='lat' dir='ltr'><strong>benedictionem.</strong></span> <span class='ocrx_word' id='word_1_120' title='bbox 3290 2853 3457 2924; x_wconf 90' lang='lat' dir='ltr'><strong>Cum</strong></span> 
     </span>
     <span class='ocr_line' id='line_1_16' title="bbox 635 2975 3462 3071; baseline -0 -22"><span class='ocrx_word' id='word_1_121' title='bbox 635 2976 1002 3071; x_wconf 84' lang='lat' dir='ltr'><strong>diligenter</strong></span> <span class='ocrx_word' id='word_1_122' title='bbox 1032 2976 1458 3049; x_wconf 89' lang='lat' dir='ltr'><strong>attendimus</strong></span> <span class='ocrx_word' id='word_1_123' title='bbox 1490 2986 1561 3049; x_wconf 92' lang='lat' dir='ltr'><strong>et</strong></span> <span class='ocrx_word' id='word_1_124' title='bbox 1588 2976 1852 3049; x_wconf 89' lang='lat' dir='ltr'><strong>solicite</strong></span> <span class='ocrx_word' id='word_1_125' title='bbox 1885 2976 2304 3049; x_wconf 85' lang='lat' dir='ltr'><strong>meditamur</strong></span> <span class='ocrx_word' id='word_1_126' title='bbox 2330 2985 2503 3070; x_wconf 91' lang='lat' dir='ltr'><strong>quot</strong></span> <span class='ocrx_word' id='word_1_127' title='bbox 2529 2985 2599 3047; x_wconf 90' lang='lat' dir='ltr'><strong>et</strong></span> <span class='ocrx_word' id='word_1_128' title='bbox 2626 2977 2869 3069; x_wconf 86' lang='lat' dir='ltr'><strong>quales</strong></span> <span class='ocrx_word' id='word_1_129' title='bbox 2899 2975 3101 3047; x_wconf 91' lang='lat' dir='ltr'><strong>nobis</strong></span> <span class='ocrx_word' id='word_1_130' title='bbox 3137 2986 3334 3071; x_wconf 89' lang='lat' dir='ltr'><strong>paret</strong></span> <span class='ocrx_word' id='word_1_131' title='bbox 3362 2977 3462 3048; x_wconf 91' lang='lat' dir='ltr'><strong>in·</strong></span> 
     </span>
     <span class='ocr_line' id='line_1_17' title="bbox 633 3100 3459 3195; baseline 0 -23"><span class='ocrx_word' id='word_1_132' title='bbox 633 3101 840 3173; x_wconf 89' lang='lat' dir='ltr'><strong>sidias</strong></span> <span class='ocrx_word' id='word_1_133' title='bbox 861 3100 1269 3173; x_wconf 85' lang='lat' dir='ltr'><strong>Fredericus</strong></span> <span class='ocrx_word' id='word_1_134' title='bbox 1283 3101 1641 3193; x_wconf 89' lang='lat' dir='ltr'><strong>quondam</strong></span> <span class='ocrx_word' id='word_1_135' title='bbox 1668 3102 2068 3194; x_wconf 85' lang='lat' dir='ltr'><strong>imperator,</strong></span> <span class='ocrx_word' id='word_1_136' title='bbox 2096 3101 2400 3172; x_wconf 87' lang='lat' dir='ltr'><strong>Ecclesie</strong></span> <span class='ocrx_word' id='word_1_137' title='bbox 2436 3111 2866 3195; x_wconf 87' lang='lat' dir='ltr'><strong>persecutor,</strong></span> <span class='ocrx_word' id='word_1_138' title='bbox 2886 3101 3227 3195; x_wconf 86' lang='lat' dir='ltr'><strong>quibusve</strong></span> <span class='ocrx_word' id='word_1_139' title='bbox 3262 3102 3459 3194; x_wconf 82' lang='lat' dir='ltr'><strong>inge·</strong></span> 
     </span>
     <span class='ocr_line' id='line_1_18' title="bbox 630 3222 3455 3315; baseline 0.001 -22"><span class='ocrx_word' id='word_1_140' title='bbox 630 3223 760 3295; x_wconf 89' lang='lat' dir='ltr'><strong>niis</strong></span> <span class='ocrx_word' id='word_1_141' title='bbox 788 3223 937 3295; x_wconf 88' lang='lat' dir='ltr'><strong>sive</strong></span> <span class='ocrx_word' id='word_1_142' title='bbox 966 3223 1176 3294; x_wconf 93' lang='lat' dir='ltr'><strong>modo</strong></span> <span class='ocrx_word' id='word_1_143' title='bbox 1211 3223 1498 3295; x_wconf 81' lang='lat' dir='ltr'><strong>fallaciis</strong></span> <span class='ocrx_word' id='word_1_144' title='bbox 1525 3235 1595 3296; x_wconf 89' lang='lat' dir='ltr'><strong>et</strong></span> <span class='ocrx_word' id='word_1_145' title='bbox 1621 3224 2104 3295; x_wconf 88' lang='lat' dir='ltr'><strong>dolositatibus</strong></span> <span class='ocrx_word' id='word_1_146' title='bbox 2136 3222 2379 3295; x_wconf 87' lang='lat' dir='ltr'><strong>fideles</strong></span> <span class='ocrx_word' id='word_1_147' title='bbox 2405 3224 2710 3297; x_wconf 89' lang='lat' dir='ltr'><strong>Ecclesie</strong></span> <span class='ocrx_word' id='word_1_148' title='bbox 2736 3224 3010 3295; x_wconf 88' lang='lat' dir='ltr'><strong>trahere</strong></span> <span class='ocrx_word' id='word_1_149' title='bbox 3042 3224 3132 3296; x_wconf 85' lang='lat' dir='ltr'><strong>ad</strong></span> <span class='ocrx_word' id='word_1_150' title='bbox 3161 3247 3236 3295; x_wconf 90' lang='lat' dir='ltr'><strong>se</strong></span> <span class='ocrx_word' id='word_1_151' title='bbox 3261 3227 3455 3315; x_wconf 90' lang='lat' dir='ltr'><strong>velit,</strong></span> 
     </span>
     <span class='ocr_line' id='line_1_19' title="bbox 630 3346 3463 3443; baseline 0.001 -25"><span class='ocrx_word' id='word_1_152' title='bbox 630 3357 709 3418; x_wconf 87' lang='lat' dir='ltr'><strong>ut</strong></span> <span class='ocrx_word' id='word_1_153' title='bbox 740 3368 862 3419; x_wconf 89' lang='lat' dir='ltr'><strong>eos</strong></span> <span class='ocrx_word' id='word_1_154' title='bbox 899 3346 1218 3420; x_wconf 85' lang='lat' dir='ltr'><strong>mordeat</strong></span> <span class='ocrx_word' id='word_1_155' title='bbox 1253 3347 1677 3418; x_wconf 85' lang='lat' dir='ltr'><strong>amarissime</strong></span> <span class='ocrx_word' id='word_1_156' title='bbox 1713 3356 1786 3418; x_wconf 93' lang='lat' dir='ltr'><strong>et</strong></span> <span class='ocrx_word' id='word_1_157' title='bbox 1815 3348 2025 3441; x_wconf 90' lang='lat' dir='ltr'><strong>impie</strong></span> <span class='ocrx_word' id='word_1_158' title='bbox 2059 3348 2290 3420; x_wconf 85' lang='lat' dir='ltr'><strong>tradat</strong></span> <span class='ocrx_word' id='word_1_159' title='bbox 2316 3348 2546 3438; x_wconf 89' lang='lat' dir='ltr'><strong>morti,</strong></span> <span class='ocrx_word' id='word_1_160' title='bbox 2570 3349 2982 3442; x_wconf 79' lang='lat' dir='ltr'><strong>expedienS,</strong></span> <span class='ocrx_word' id='word_1_161' title='bbox 3005 3348 3145 3419; x_wconf 92' lang='lat' dir='ltr'><strong>imo</strong></span> <span class='ocrx_word' id='word_1_162' title='bbox 3179 3359 3463 3443; x_wconf 89' lang='lat' dir='ltr'><strong>propter</strong></span> 
     </span>
     <span class='ocr_line' id='line_1_20' title="bbox 629 3470 3462 3566; baseline 0.001 -25"><span class='ocrx_word' id='word_1_163' title='bbox 629 3471 949 3544; x_wconf 86' lang='lat' dir='ltr'><strong>instantis</strong></span> <span class='ocrx_word' id='word_1_164' title='bbox 986 3470 1319 3542; x_wconf 88' lang='lat' dir='ltr'><strong>malitiam</strong></span> <span class='ocrx_word' id='word_1_165' title='bbox 1354 3471 1685 3566; x_wconf 85' lang='lat' dir='ltr'><strong>temporis</strong></span> <span class='ocrx_word' id='word_1_166' title='bbox 1712 3471 2178 3542; x_wconf 84' lang='lat' dir='ltr'><strong>necessarium</strong></span> <span class='ocrx_word' id='word_1_167' title='bbox 2204 3471 2625 3542; x_wconf 85' lang='lat' dir='ltr'><strong>arbitramur</strong></span> <span class='ocrx_word' id='word_1_168' title='bbox 2650 3473 3028 3544; x_wconf 80' lang='lat' dir='ltr'><strong>utiliorum</strong></span> <span class='ocrx_word' id='word_1_169' title='bbox 3062 3474 3462 3545; x_wconf 85' lang='lat' dir='ltr'><strong>temeritatis</strong></span> 
     </span>
     <span class='ocr_line' id='line_1_21' title="bbox 630 3593 3458 3691; baseline 0.002 -27"><span class='ocrx_word' id='word_1_170' title='bbox 630 3593 1061 3688; x_wconf 85' lang='lat' dir='ltr'><strong>presumptio</strong></span> <span class='ocrx_word' id='word_1_171' title='bbox 1097 3594 1220 3687; x_wconf 93' lang='lat' dir='ltr'><strong>qui</strong></span> <span class='ocrx_word' id='word_1_172' title='bbox 1260 3594 1334 3663; x_wconf 92' lang='lat' dir='ltr'><strong>in</strong></span> <span class='ocrx_word' id='word_1_173' title='bbox 1369 3594 1586 3688; x_wconf 90' lang='lat' dir='ltr'><strong>ipsius</strong></span> <span class='ocrx_word' id='word_1_174' title='bbox 1622 3604 1930 3666; x_wconf 83' lang='lat' dir='ltr'><strong>vestrum</strong></span> <span class='ocrx_word' id='word_1_175' title='bbox 1972 3595 2381 3688; x_wconf 83' lang='lat' dir='ltr'><strong>sanguinem</strong></span> <span class='ocrx_word' id='word_1_176' title='bbox 2423 3596 2717 3667; x_wconf 90' lang='lat' dir='ltr'><strong>sitientis</strong></span> <span class='ocrx_word' id='word_1_177' title='bbox 2757 3597 3094 3667; x_wconf 85' lang='lat' dir='ltr'><strong>auxilium</strong></span> <span class='ocrx_word' id='word_1_178' title='bbox 3135 3598 3458 3691; x_wconf 86' lang='lat' dir='ltr'><strong>privatim</strong></span> 
     </span>
     <span class='ocr_line' id='line_1_22' title="bbox 628 3716 3457 3812; baseline 0.002 -26"><span class='ocrx_word' id='word_1_179' title='bbox 628 3717 739 3787; x_wconf 89' lang='lat' dir='ltr'><strong>vel</strong></span> <span class='ocrx_word' id='word_1_180' title='bbox 783 3717 1062 3810; x_wconf 91' lang='lat' dir='ltr'><strong>publice</strong></span> <span class='ocrx_word' id='word_1_181' title='bbox 1094 3738 1169 3788; x_wconf 89' lang='lat' dir='ltr'><strong>se</strong></span> <span class='ocrx_word' id='word_1_182' title='bbox 1204 3726 1655 3808; x_wconf 87' lang='lat' dir='ltr'><strong>convertunt,</strong></span> <span class='ocrx_word' id='word_1_183' title='bbox 1714 3716 1927 3808; x_wconf 81' lang='lat' dir='ltr'><strong>digno</strong></span> <span class='ocrx_word' id='word_1_184' title='bbox 1967 3719 2346 3809; x_wconf 84' lang='lat' dir='ltr'><strong>castigetur</strong></span> <span class='ocrx_word' id='word_1_185' title='bbox 2397 3720 2690 3789; x_wconf 86' lang='lat' dir='ltr'><strong>verbere</strong></span> <span class='ocrx_word' id='word_1_186' title='bbox 2734 3739 2816 3788; x_wconf 89' lang='lat' dir='ltr'><strong>ac</strong></span> <span class='ocrx_word' id='word_1_187' title='bbox 2860 3739 3042 3812; x_wconf 90' lang='lat' dir='ltr'><strong>pena</strong></span> <span class='ocrx_word' id='word_1_188' title='bbox 3084 3719 3313 3790; x_wconf 88' lang='lat' dir='ltr'><strong>debita</strong></span> <span class='ocrx_word' id='word_1_189' title='bbox 3352 3721 3457 3792; x_wconf 87' lang='lat' dir='ltr'><strong>fe-</strong></span> 
     </span>
     <span class='ocr_line' id='line_1_23' title="bbox 629 3838 3459 3931; baseline 0.002 -22"><span class='ocrx_word' id='word_1_190' title='bbox 629 3838 874 3910; x_wconf 85' lang='lat' dir='ltr'><strong>riatur.</strong></span> <span class='ocrx_word' id='word_1_191' title='bbox 933 3839 1102 3911; x_wconf 92' lang='lat' dir='ltr'><strong>Cum</strong></span> <span class='ocrx_word' id='word_1_192' title='bbox 1165 3839 1375 3931; x_wconf 83' lang='lat' dir='ltr'><strong>igitur</strong></span> <span class='ocrx_word' id='word_1_193' title='bbox 1432 3841 1615 3912; x_wconf 88' lang='lat' dir='ltr'><strong>circa</strong></span> <span class='ocrx_word' id='word_1_194' title='bbox 1674 3851 1928 3911; x_wconf 87' lang='lat' dir='ltr'><strong>statum</strong></span> <span class='ocrx_word' id='word_1_195' title='bbox 1979 3852 2285 3912; x_wconf 85' lang='lat' dir='ltr'><strong>vestrum</strong></span> <span class='ocrx_word' id='word_1_196' title='bbox 2333 3850 2405 3912; x_wconf 94' lang='lat' dir='ltr'><strong>et</strong></span> <span class='ocrx_word' id='word_1_197' title='bbox 2449 3842 2757 3913; x_wconf 91' lang='lat' dir='ltr'><strong>omnium</strong></span> <span class='ocrx_word' id='word_1_198' title='bbox 2802 3842 3093 3912; x_wconf 83' lang='lat' dir='ltr'><strong>aliorum</strong></span> <span class='ocrx_word' id='word_1_199' title='bbox 3153 3843 3459 3915; x_wconf 88' lang='lat' dir='ltr'><strong>Ecclesie</strong></span> 
     </span>
     <span class='ocr_line' id='line_1_24' title="bbox 630 3962 3456 4058; baseline 0 -24"><span class='ocrx_word' id='word_1_200' title='bbox 630 3962 1044 4036; x_wconf 85' lang='lat' dir='ltr'><strong>devotorum</strong></span> <span class='ocrx_word' id='word_1_201' title='bbox 1077 3964 1151 4034; x_wconf 91' lang='lat' dir='ltr'><strong>in</strong></span> <span class='ocrx_word' id='word_1_202' title='bbox 1181 3984 1514 4058; x_wconf 86' lang='lat' dir='ltr'><strong>prospera</strong></span> <span class='ocrx_word' id='word_1_203' title='bbox 1549 3963 2023 4056; x_wconf 84' lang='lat' dir='ltr'><strong>dirigendum,</strong></span> <span class='ocrx_word' id='word_1_204' title='bbox 2072 3965 2251 4035; x_wconf 91' lang='lat' dir='ltr'><strong>sicut</strong></span> <span class='ocrx_word' id='word_1_205' title='bbox 2291 3986 2418 4035; x_wconf 91' lang='lat' dir='ltr'><strong>nos</strong></span> <span class='ocrx_word' id='word_1_206' title='bbox 2458 3965 2758 4035; x_wconf 85' lang='lat' dir='ltr'><strong>duxistis</strong></span> <span class='ocrx_word' id='word_1_207' title='bbox 2803 3964 3177 4056; x_wconf 65' lang='lat' dir='ltr'><strong>anquando</strong></span> <span class='ocrx_word' id='word_1_208' title='bbox 3223 3967 3456 4057; x_wconf 85' lang='lat' dir='ltr'><strong>requi·</strong></span> 
     </span>
     <span class='ocr_line' id='line_1_25' title="bbox 629 4085 3452 4182; baseline 0.001 -26"><span class='ocrx_word' id='word_1_209' title='bbox 629 4086 927 4175; x_wconf 75' lang='lat' dir='ltr'><strong>rendoS,</strong></span> <span class='ocrx_word' id='word_1_210' title='bbox 963 4085 1300 4157; x_wconf 90' lang='lat' dir='ltr'><strong>hactenus</strong></span> <span class='ocrx_word' id='word_1_211' title='bbox 1343 4086 1847 4159; x_wconf 87' lang='lat' dir='ltr'><strong>intenderimus</strong></span> <span class='ocrx_word' id='word_1_212' title='bbox 1906 4098 2052 4160; x_wconf 90' lang='lat' dir='ltr'><strong>toto</strong></span> <span class='ocrx_word' id='word_1_213' title='bbox 2106 4109 2310 4182; x_wconf 91' lang='lat' dir='ltr'><strong>posse</strong></span> <span class='ocrx_word' id='word_1_214' title='bbox 2355 4097 2637 4179; x_wconf 90' lang='lat' dir='ltr'><strong>totoque</strong></span> <span class='ocrx_word' id='word_1_215' title='bbox 2692 4087 2972 4176; x_wconf 84' lang='lat' dir='ltr'><strong>ingenio</strong></span> <span class='ocrx_word' id='word_1_216' title='bbox 3026 4087 3452 4180; x_wconf 80' lang='lat' dir='ltr'><strong>insistamuS,</strong></span> 
     </span>
     <span class='ocr_line' id='line_1_26' title="bbox 631 4208 3457 4306; baseline 0.001 -27"><span class='ocrx_word' id='word_1_217' title='bbox 631 4229 791 4280; x_wconf 88' lang='lat' dir='ltr'><strong>cum</strong></span> <span class='ocrx_word' id='word_1_218' title='bbox 835 4208 1009 4281; x_wconf 90' lang='lat' dir='ltr'><strong>nihil</strong></span> <span class='ocrx_word' id='word_1_219' title='bbox 1054 4210 1354 4304; x_wconf 88' lang='lat' dir='ltr'><strong>amplius</strong></span> <span class='ocrx_word' id='word_1_220' title='bbox 1401 4209 1762 4304; x_wconf 87' lang='lat' dir='ltr'><strong>cupiamus</strong></span> <span class='ocrx_word' id='word_1_221' title='bbox 1806 4210 1898 4282; x_wconf 90' lang='lat' dir='ltr'><strong>ad</strong></span> <span class='ocrx_word' id='word_1_222' title='bbox 1949 4232 2236 4306; x_wconf 88' lang='lat' dir='ltr'><strong>presens</strong></span> <span class='ocrx_word' id='word_1_223' title='bbox 2286 4231 2496 4303; x_wconf 90' lang='lat' dir='ltr'><strong>quam</strong></span> <span class='ocrx_word' id='word_1_224' title='bbox 2538 4209 2729 4304; x_wconf 91' lang='lat' dir='ltr'><strong>quod</strong></span> <span class='ocrx_word' id='word_1_225' title='bbox 2778 4209 3057 4300; x_wconf 81' lang='lat' dir='ltr'><strong>negotio</strong></span> <span class='ocrx_word' id='word_1_226' title='bbox 3104 4213 3457 4283; x_wconf 89' lang='lat' dir='ltr'><strong>communi</strong></span> 
     </span>
     <span class='ocr_line' id='line_1_27' title="bbox 629 4332 3456 4428; baseline 0.001 -24"><span class='ocrx_word' id='word_1_227' title='bbox 629 4332 823 4425; x_wconf 87' lang='lat' dir='ltr'><strong>quod</strong></span> <span class='ocrx_word' id='word_1_228' title='bbox 852 4332 1084 4426; x_wconf 84' lang='lat' dir='ltr'><strong>agitur</strong></span> <span class='ocrx_word' id='word_1_229' title='bbox 1116 4334 1465 4428; x_wconf 81' lang='lat' dir='ltr'><strong>profectus</strong></span> <span class='ocrx_word' id='word_1_230' title='bbox 1507 4333 1846 4406; x_wconf 84' lang='lat' dir='ltr'><strong>accedant</strong></span> <span class='ocrx_word' id='word_1_231' title='bbox 1884 4334 2195 4428; x_wconf 86' lang='lat' dir='ltr'><strong>prosperi</strong></span> <span class='ocrx_word' id='word_1_232' title='bbox 2228 4345 2302 4406; x_wconf 89' lang='lat' dir='ltr'><strong>et</strong></span> <span class='ocrx_word' id='word_1_233' title='bbox 2327 4334 2561 4406; x_wconf 86' lang='lat' dir='ltr'><strong>felices</strong></span> <span class='ocrx_word' id='word_1_234' title='bbox 2592 4332 2972 4405; x_wconf 88' lang='lat' dir='ltr'><strong>succedant</strong></span> <span class='ocrx_word' id='word_1_235' title='bbox 3011 4343 3339 4424; x_wconf 86' lang='lat' dir='ltr'><strong>eventus,</strong></span> <span class='ocrx_word' id='word_1_236' title='bbox 3372 4358 3456 4408; x_wconf 87' lang='lat' dir='ltr'><strong>ac</strong></span> 
     </span>
     <span class='ocr_line' id='line_1_28' title="bbox 629 4455 3455 4551; baseline 0.003 -25"><span class='ocrx_word' id='word_1_237' title='bbox 629 4455 703 4529; x_wconf 91' lang='lat' dir='ltr'><strong>id</strong></span> <span class='ocrx_word' id='word_1_238' title='bbox 722 4476 1167 4550; x_wconf 88' lang='lat' dir='ltr'><strong>nequaquam</strong></span> <span class='ocrx_word' id='word_1_239' title='bbox 1190 4457 1418 4528; x_wconf 85' lang='lat' dir='ltr'><strong>valeat</strong></span> <span class='ocrx_word' id='word_1_240' title='bbox 1450 4458 1820 4551; x_wconf 86' lang='lat' dir='ltr'><strong>provenire</strong></span> <span class='ocrx_word' id='word_1_241' title='bbox 1843 4458 2069 4551; x_wconf 87' lang='lat' dir='ltr'><strong>sitque</strong></span> <span class='ocrx_word' id='word_1_242' title='bbox 2095 4458 2297 4530; x_wconf 89' lang='lat' dir='ltr'><strong>labor</strong></span> <span class='ocrx_word' id='word_1_243' title='bbox 2322 4468 2558 4529; x_wconf 88' lang='lat' dir='ltr'><strong>noster</strong></span> <span class='ocrx_word' id='word_1_244' title='bbox 2582 4457 2844 4528; x_wconf 86' lang='lat' dir='ltr'><strong>inutilis</strong></span> <span class='ocrx_word' id='word_1_245' title='bbox 2866 4455 2923 4527; x_wconf 90' lang='lat' dir='ltr'><strong>si</strong></span> <span class='ocrx_word' id='word_1_246' title='bbox 2948 4457 3305 4550; x_wconf 81' lang='lat' dir='ltr'><strong>contingat</strong></span> <span class='ocrx_word' id='word_1_247' title='bbox 3325 4480 3455 4535; x_wconf 86' lang='lat' dir='ltr'><strong>nos</strong></span> 
     </span>
     <span class='ocr_line' id='line_1_29' title="bbox 627 4578 3452 4676; baseline 0.001 -25"><span class='ocrx_word' id='word_1_248' title='bbox 627 4578 701 4651; x_wconf 87' lang='lat' dir='ltr'><strong>in</strong></span> <span class='ocrx_word' id='word_1_249' title='bbox 742 4579 1165 4651; x_wconf 86' lang='lat' dir='ltr'><strong>contrarium</strong></span> <span class='ocrx_word' id='word_1_250' title='bbox 1212 4580 1567 4670; x_wconf 87' lang='lat' dir='ltr'><strong>laborare,</strong></span> <span class='ocrx_word' id='word_1_251' title='bbox 1612 4581 1934 4652; x_wconf 85' lang='lat' dir='ltr'><strong>volumus</strong></span> <span class='ocrx_word' id='word_1_252' title='bbox 1975 4590 2046 4652; x_wconf 91' lang='lat' dir='ltr'><strong>et</strong></span> <span class='ocrx_word' id='word_1_253' title='bbox 2090 4602 2217 4675; x_wconf 87' lang='lat' dir='ltr'><strong>per</strong></span> <span class='ocrx_word' id='word_1_254' title='bbox 2255 4582 2633 4676; x_wconf 90' lang='lat' dir='ltr'><strong>apostolica</strong></span> <span class='ocrx_word' id='word_1_255' title='bbox 2686 4580 2941 4675; x_wconf 89' lang='lat' dir='ltr'><strong>scripta</strong></span> <span class='ocrx_word' id='word_1_256' title='bbox 2981 4581 3180 4653; x_wconf 87' lang='lat' dir='ltr'><strong>vobis</strong></span> <span class='ocrx_word' id='word_1_257' title='bbox 3224 4583 3452 4675; x_wconf 87' lang='lat' dir='ltr'><strong>preci-</strong></span> 
     </span>
     <span class='ocr_line' id='line_1_30' title="bbox 629 4702 3453 4798; baseline 0.002 -25"><span class='ocrx_word' id='word_1_258' title='bbox 629 4702 890 4798; x_wconf 91' lang='lat' dir='ltr'><strong>piendo</strong></span> <span class='ocrx_word' id='word_1_259' title='bbox 921 4702 1333 4775; x_wconf 90' lang='lat' dir='ltr'><strong>mandamus</strong></span> <span class='ocrx_word' id='word_1_260' title='bbox 1370 4714 1716 4796; x_wconf 88' lang='lat' dir='ltr'><strong>quatenus</strong></span> <span class='ocrx_word' id='word_1_261' title='bbox 1756 4704 2076 4776; x_wconf 91' lang='lat' dir='ltr'><strong>submoto</strong></span> <span class='ocrx_word' id='word_1_262' title='bbox 2115 4705 2486 4796; x_wconf 90' lang='lat' dir='ltr'><strong>cujuslibet</strong></span> <span class='ocrx_word' id='word_1_263' title='bbox 2524 4704 2873 4778; x_wconf 89' lang='lat' dir='ltr'><strong>dilationis</strong></span> <span class='ocrx_word' id='word_1_264' title='bbox 2920 4712 2994 4775; x_wconf 89' lang='lat' dir='ltr'><strong>et</strong></span> <span class='ocrx_word' id='word_1_265' title='bbox 3031 4703 3453 4778; x_wconf 87' lang='lat' dir='ltr'><strong>difficultatis</strong></span> 
     </span>
    </p>
   </div>
   <div class='ocr_carea' id='block_1_7' title="bbox 3584 1815 3781 1912">
    <p class='ocr_par' dir='ltr' id='par_1_8' title="bbox 3584 1815 3781 1912">
     <span class='ocr_line' id='line_1_31' title="bbox 3584 1815 3781 1912; baseline -0.005 -52"><span class='ocrx_word' id='word_1_266' title='bbox 3584 1815 3781 1912; x_wconf 52' lang='lat' dir='ltr'><strong>Lugduni</strong></span> 
     </span>
    </p>
   </div>
  </div>
 </body>
</html>
