4525 6031
1594 670 1851 730 lNDEX
1896 665 2592 731 DOCUMENTORUM.
3392 659 3517 722 959

1518 997 1658 1058 tulit
1672 1041 1692 1070 ,
1735 997 1813 1059 ad
1853 1015 1991 1060 eum
2034 1000 2267 1059 mittere
2313 999 2660 1075 magistrum
2700 992 3197 1056 'theutonicorum
3237 989 3313 1051 de
3352 988 3512 1049 bono

1518 1100 1681 1176 pacis
1706 1105 1767 1159 et
1788 1100 2028 1178 negotio
2056 1098 2278 1158 Terrae
2306 1097 2556 1157 Sanctae
2583 1100 2996 1155 tractaturum.
3394 1097 3511 1150 266

689 1193 923 1273 [martio
976 1233 996 1252 .
1056 1237 1073 1253 .
1123 1234 1140 1254 .
1188 1233 1209 1255 .
1240 1233 1275 1251 «.
1324 1234 1341 1252 .
1390 1236 1408 1253 .
1441 1225 1522 1238 -
1560 1194 1812 1272 Angliae
1835 1196 1959 1272 regi
1987 1194 2320 1271 congaudet
2345 1193 2422 1253 de
2446 1199 2589 1253 nato
2611 1194 2723 1268 ipsi
2753 1188 2936 1250 altero
2962 1187 3109 1248 mio.
3394 1193 3508 1245 267

663 1292 941 1372 circiter]

714 1390 892 1449 maio.
1100 1385 1307 1448 Pisisae
1446 1419 1521 1433 -
1561 1386 1944 1448 Thomasium
1971 1386 2046 1448 de
2081 1387 2339 1451 Cortona
2367 1384 2560 1446 filium
2588 1383 2888 1462 quondam
2923 1383 3286 1445 Boiemontis
3311 1381 3514 1459 publi-

1520 1500 1657 1545 cum
1681 1486 1912 1563 imperii
1939 1484 2315 1545 tabellionem
2342 1484 2671 1546 constituit.
3396 1488 3511 1541 273

695 1577 929 1659 [malo.]
972 1623 991 1640 .
1063 1622 1405 1643 ......
1443 1611 1522 1626 -
1564 1581 1715 1642 Duci
1749 1581 2023 1642 Austriae
2063 1589 2256 1658 grates
2293 1583 2416 1658 agit
2453 1580 2527 1640 de
2561 1578 2862 1657 proposito
2896 1577 3096 1636 curiae
3129 1576 3291 1652 apud
3318 1575 3510 1636 Villa-

1520 1693 1659 1738 eum
1691 1677 1984 1737 ineundae
2020 1676 2132 1736 sibi
2169 1679 2547 1751 transmiss03
2579 1675 2684 1735 sed
2714 1690 2851 1735 cum
2887 1673 3018 1732 sine
3044 1687 3242 1731 rerum
3269 1687 3512 1733 suarum

1520 1771 1829 1848 dispendio
1857 1788 1894 1831 a
1922 1772 2278 1832 Lombardia
2305 1773 2567 1850 elongari
2596 1788 2717 1831 non
2746 1772 2953 1848 possit,
2982 1768 3228 1830 mandat
3252 1775 3321 1827 ut
3344 1769 3422 1829 ad
3448 1788 3513 1833 se

1518 1870 1583 1929 in
1617 1870 1850 1929 Italiam
1872 1885 2011 1929 cum
2044 1876 2222 1945 nepte
2261 1873 2476 1948 ipsius,
2517 1869 2714 1930 futura
2745 1875 3017 1931 consorte
3051 1885 3192 1946 sua,
3225 1872 3513 1931 eaeteris-

1520 1982 1638 2043 que
1664 1966 2026 2043 principibus
2053 1969 2277 2027 veniat.
3392 1976 3509 2028 274

702 2062 730 2138 [
734 2064 906 2140 junio
976 2106 992 2122 .
1058 2103 1405 2125 ......
1440 2095 1520 2107 -
1559 2064 1855 2124 Ecclesiae
1883 2063 2182 2123 Romanae
2218 2062 2616 2123 cardinalibus
2652 2062 2860 2123 scribit
2893 2078 2958 2123 se
2988 2063 3064 2124 ad
3097 2080 3303 2125 eorum
3337 2081 3508 2142 pree·

664 2159 941 2238 ineunte]
1519 2162 1768 2220 sentiam
1796 2159 1999 2220 ssdeles
2025 2177 2164 2221 suos
2189 2160 2515 2232 destinare,
2546 2175 2825 2220 concessa
2851 2159 3071 2219 eisdem
3100 2161 3367 2237 plenaria
3401 2179 3507 2238 po-

1516 2261 1727 2317 testate
1753 2263 1821 2316 ut
1856 2257 1932 2317 ab
1968 2259 2174 2335 iniquo
2201 2274 2479 2334 processu
2506 2273 2683 2333 quem
2722 2263 2927 2316 contra
2962 2273 3025 2317 se
3056 2273 3325 2318 summus
3358 2276 3508 2335 pon-

1517 2352 1665 2412 tifex
1704 2370 1976 2414 exercere
2026 2356 2293 2430 molitur,
2337 2354 2415 2414 ad
2458 2354 2683 2430 Deum,
2728 2352 2804 2412 ad
2851 2351 3117 2413 futurum
3154 2371 3400 2432 papam,
3430 2356 3510 2416 ad

1518 2451 1847 2529 generalem
1879 2451 2210 2529 synodum,
2242 2459 2385 2529 etc„
2422 2450 2599 2510 libere
2635 2450 2874 2510 valeant
2905 2452 3224 2526 appellare.
3390 2461 3506 2513 276

709 2553 901 2628 junio.
1051 2553 1337 2616 Veronae
1439 2578 1520 2589 —
1558 2546 1945 2625 Privilegium
1988 2546 2065 2607 ab
2109 2564 2224 2607 avo
2280 2564 2388 2607 suo
2438 2546 2736 2607 Friderico
2782 2547 3003 2623 primo,
3058 2555 3129 2606 17
3182 2547 3509 2609 decembris

1524 2651 1708 2720 1156,
1746 2644 2020 2704 Heinrico
2050 2644 2188 2705 duci
2223 2642 2499 2704 Austriae
2539 2659 2885 2704 concessum
2916 2649 3163 2703 renovat
3195 2650 3256 2704 et
3287 2643 3507 2705 conflr-

1518 2747 1675 2818 mat‚
1705 2758 1824 2817 quo
1849 2741 2118 2802 marchia
2143 2742 2418 2802 Austriae
2444 2743 2507 2801 in
2542 2741 2827 2801 ducatum
2854 2745 3270 2811 commutatur,
3300 2740 3506 2801 haere-

1518 2840 1674 2901 ditas
1701 2842 1762 2901 in
1787 2842 2007 2901 ducatu
2034 2841 2112 2901 ad
2136 2841 2293 2901 filios
2323 2849 2382 2900 et
2415 2841 2569 2902 illias
2596 2840 2958 2912 devolvitur,
2989 2845 3104 2900 etc.
3390 2849 3496 2900 291

711 2950 902 3025 Jumo,
1037 2945 1330 3010 Veronae,
1438 2968 1521 2980 —
1557 2938 2003 3014 Amplissimum
2059 2938 2431 3015 privilegium
2482 2938 2558 2997 ab
2614 2953 2729 2997 avo
2772 2954 2881 2998 suo
2933 2935 3240 3009 Friderico
3278 2939 3503 3013 primo,

1526 3045 1592 3094 17
1636 3035 1986 3111 septembris
2019 3043 2202 3109 1156,
2238 3035 2519 3095 Heinrico
2548 3034 2687 3094 duci
2717 3032 2994 3093 Austriae
3019 3034 3321 3110 quondam
3356 3044 3531 3094 cona

1516 3147 1746 3191 cessum
1782 3130 2128 3205 confirmat,
2169 3132 2244 3191 de
2280 3134 2572 3192 erectione
2609 3129 3050 3191 marchionatus
3084 3133 3149 3191 in
3187 3129 3505 3210 ducatum,

1517 3226 1592 3286 de
1629 3230 1992 3287 successione
2048 3229 2327 3288 masculis
2388 3227 2794 3287 deficientibus
2848 3229 3064 3287 seniori
3126 3227 3283 3287 filiae
3341 3228 3505 3288 defe-

1516 3323 1701 3383 renda
1712 3366 1733 3397 ,
1784 3321 1859 3382 de
1895 3327 2271 3401 exemptione
2318 3323 2395 3383 ab
2435 3323 2706 3384 omnibus
2747 3321 3025 3384 subsidiis
3057 3324 3304 3401 imperio
3331 3340 3504 3400 prae-

1516 3421 1774 3493 standis,
1799 3427 1916 3481 etc.
3388 3428 3504 3483 294

690 3521 909 3600 [junio.
1033 3525 1350 3608 νωμᾶ]
1437 3550 1519 3561 -
1556 3518 1920 3578 Fridericum
1956 3515 2167 3578 ducem
2204 3517 2482 3578 Austrlae
2514 3515 2590 3577 de
2629 3517 2782 3579 duce
2821 3522 3126 3595 promovet
3165 3518 3227 3577 in
3272 3533 3471 3596 regem
3485 3562 3503 3595 ,

1518 3631 1655 3676 cum
1709 3616 2087 3691 amplissimis
2131 3616 2485 3692 privilegiis,
2540 3615 2927 3691 conceditque
2976 3621 3047 3675 ut
3092 3613 3165 3674 de
3205 3616 3508 3691 provincia

1518 3711 1820 3772 Carniolae
1847 3710 2129 3771 ducatum
2159 3710 2336 3772 faciat
2362 3711 2704 3771 immediate
2731 3713 2844 3788 ipsi
2875 3717 2936 3771 et
2962 3727 3067 3787 per
3092 3712 3286 3787 ipsum
3315 3713 3505 3788 impe-

1522 3811 1613 3870 rio
1638 3824 2081 3885 responsurum.
3388 3817 3502 3869 300

709 3911 899 3987 junio.
1034 3913 1327 3975 Veronae.
1439 3938 1519 3951 —
1556 3906 1651 3967 Ad
1690 3907 2178 3984 supplicationem
2215 3906 2456 3967 Henrici
2496 3906 2571 3965 de
2607 3904 2955 3967 Hohenlobe
2994 3906 3261 3983 magistri
3292 3905 3506 3966 domus

1516 4002 1765 4064 Sanctae
1799 4003 2025 4061 Martae
2063 4001 2595 4075 Theutonlcorum,
2626 4017 2831 4061 omnes
2865 4006 3048 4060 terras
3081 4016 3229 4076 quas
3262 4002 3326 4060 in
3368 4017 3504 4078 par·

1514 4098 1675 4160 tibus
1722 4098 2103 4171 Curiandiae,
2147 4099 2446 4159 Letowiae
2484 4106 2545 4159 et
2591 4096 2964 4176 Semigalliae
3005 4099 3351 4174 conquirere
3395 4115 3501 4176 po·

1513 4196 1727 4272 tuerit,
1761 4196 1816 4254 ei
1844 4194 2140 4268 concedit,
2183 4210 2322 4254 eum
2357 4194 2651 4274 regalibus
2678 4210 2831 4271 quae
2866 4192 2943 4253 ad
2977 4194 3287 4270 imperium
3319 4197 3502 4270 perti-

1513 4298 1660 4352 nent
1681 4290 1919 4369 Juribus
1949 4292 2313 4353 exercendis.
3384 4299 3499 4353 303

709 4392 899 4469 Junlo.
1033 4392 1325 4456 Veronae.
1435 4422 1517 4437 —
1554 4390 1649 4451 Ad
1697 4391 2181 4469 supplicationem
2219 4391 2460 4452 Henricl
2504 4389 2579 4450 de
2631 4387 2976 4450 Hohenlohe
2989 4431 3009 4463 ‚
3049 4393 3189 4464 etc„
3248 4405 3503 4467 compo-

1514 4487 1744 4547 sitionis
1781 4493 2023 4565 pactum
2077 4489 2230 4548 inter
2282 4487 2318 4548 J
2321 4488 2617 4548 ohannem
2667 4486 3102 4546 besanensem
3157 4484 3406 4546 electum
3442 4493 3502 4547 et

1518 4583 1758 4645 domum
1803 4584 2306 4648 Theutonicorum
2358 4602 2517 4646 anno
2566 4591 2717 4645 1243
2774 4584 2990 4643 initum
3033 4598 3206 4660 super
3257 4581 3500 4643 ecclesia

1516 4679 1890 4761 Chunioensi,
1923 4682 2254 4747 confirmat.
2386 4728 2393 4739 .
3381 4687 3497 4740 306

708 4776 902 4855 junio.
1041 4756 1325 4837 Veronae.
1438 4808 1517 4823 -
1557 4776 1871 4839 Civitatem
1904 4779 2393 4860 Bambergensem
2425 4778 2502 4839 ad
2535 4775 2833 4839 nundinas
2866 4774 3230 4837 universales
3255 4791 3500 4837 annua-
