4525 6031
643 3843 905 3911 [Augu-tud

1007 638 1133 706 644
2006 635 2439 704 rmussmct
2485 635 2836 703 suenum
3451 642 3615 725 [Anu.
3652 646 3830 713 1248.

1106 773 1607 875 [Innocentius,
1645 771 1817 874 etc.]
1849 775 1953 848 Ne
1996 795 2125 870 per
2166 772 2608 846 Fredericum
2646 772 3001 867 quondam
3039 773 3527 871 imperatorem
3563 782 3676 854 vel
3710 785 3837 856 mi-

1004 900 1260 973 nistros
1292 900 1533 995 ipsius,
1572 909 1782 994 prout
1814 909 1920 972 est
1949 899 2163 972 moris
2198 899 2534 994 ipsorum,
2573 896 2745 969 falsa
2781 919 2910 992 pro
2939 898 3124 971 veris
3156 900 3246 973 de
3279 911 3577 976 tractatu
3618 909 3837 979 refor-

1006 1027 1260 1099 mande
1294 1025 1483 1122 pacis
1514 1025 1694 1097 infra
1723 1025 2097 1097 Ecclesiam
2132 1034 2204 1096 et
2234 1022 2559 1096 eumdem
2594 1022 2718 1093 tibi
2760 1033 2831 1094 et
2865 1024 3018 1095 aliis
3050 1026 3312 1099 meritis
3336 1028 3644 1102 Ecclesie
3678 1030 3834 1104 filiis

1001 1153 1284 1234 valeant
1325 1149 1665 1242 intimari,
1705 1172 1800 1225 ex
1838 1149 2092 1243 quibus
2133 1149 2348 1224 corda
2392 1146 2701 1221 fidelium
2730 1168 2772 1220 a
2799 1147 2985 1222 sedis
3023 1148 3424 1246 Apostolice
3460 1153 3833 1230 devotione

1007 1284 1442 1372 torpescant,
1503 1274 1943 1348 serenitatem
2008 1283 2199 1348 tuam
2238 1270 2391 1374 (sic)
2441 1272 2879 1370 presentibus
2935 1271 3369 1348 declaramus
3430 1280 3624 1371 quod
3675 1303 3832 1358 cum

1003 1399 1239 1472 nuncii
1272 1399 1585 1492 ejusdem
1615 1398 1691 1469 F.
1729 1398 1821 1470 ad
1851 1419 2088 1468 carum
2129 1398 2201 1468 in
2236 1396 2505 1469 Christo
2536 1394 2757 1467 filium
2799 1408 3113 1469 nostrum
3146 1421 3382 1492 regem
3415 1402 3833 1477 Francorum

1002 1525 1339 1596 illustrem
1380 1522 1667 1594 obtenta
1712 1522 1989 1594 licentia
2018 1520 2374 1611 veniendi,
2406 1520 2498 1592 ab
2529 1519 2681 1615 ipso
2712 1521 3118 1617 suppliciter
3151 1523 3603 1619 implorarent
3633 1539 3712 1601 ut
3741 1532 3833 1603 ad

1000 1647 1399 1742 hujusmodi
1428 1646 1869 1720 concordiam
1916 1644 2294 1717 ineundam
2336 1645 2809 1740 interponeret
2857 1655 3090 1741 partes
3127 1669 3315 1738 suas,
3362 1671 3491 1722 nos
3533 1649 3696 1723 licet
3741 1653 3831 1725 ad

1004 1772 1219 1872 ipsius
1262 1772 1445 1866 regis
1490 1771 1891 1843 instantiam
1939 1780 2337 1866 pateremur
2377 1778 2458 1842 ut
2500 1768 2743 1843 audire
2790 1769 2920 1841 sibi
2963 1770 3053 1842 de
3094 1781 3329 1848 nostra
3375 1774 3832 1869 permissione

1002 1898 1245 1974 liceret
1289 1897 1479 1990 quod
1529 1896 1754 1974 nuntii
1799 1896 2162 1969 memorati
2207 1916 2597 1993 proponere
2642 1895 3074 1988 gestiebant,
3108 1897 3271 1991 quia
3317 1908 3547 1974 tamen
3600 1902 3832 1978 nullus

1002 2021 1372 2100 concordie
1390 2020 1495 2118 (a)
1526 2044 1806 2118 prorsus
1837 2030 2168 2093 tractatus
2192 2019 2673 2094 admitteretur
2699 2042 2741 2092 a
2768 2020 2996 2112 nobie,
3017 2043 3142 2116 per
3173 2044 3383 2118 quem
3404 2025 3607 2118 juxta
3643 2035 3832 2102 teno-

1002 2169 1151 2222 rem
1189 2147 1526 2220 sententie
1558 2167 1600 2219 a
1627 2147 1826 2219 nobis
1859 2146 2125 2219 dudum
2153 2144 2471 2238 Lugduni
2505 2165 2703 2217 sacro
2731 2146 3161 2243 approbante
3189 2148 3481 2222 concilio
3516 2152 3826 2244 promul·

1003 2278 1192 2366 gate,
1232 2288 1442 2360 quam
1495 2277 1775 2338 auctore
1814 2265 2109 2337 Domino
2151 2265 2642 2338 inviolabiliter
2682 2265 3078 2339 executioni
3125 2267 3456 2342 mandare
3499 2270 3827 2370 proponi·

1002 2415 1198 2483 muS,
1244 2401 1480 2494 posset
1526 2389 1786 2462 homini
1835 2401 2217 2464 memorato
2271 2390 2382 2464 vel
2434 2390 2511 2464 C.
2561 2400 2722 2463 nato
2776 2412 2903 2463 suo
2958 2391 3325 2488 imperium
3373 2393 3486 2465 vel
3536 2415 3826 2488 regnum

1001 2517 1422 2614 aliquatinus
1451 2537 1835 2608 remanere,
1857 2515 2193 2609 prelibato
2220 2536 2384 2610 rege
2414 2513 2577 2586 fidei
2605 2514 2940 2588 catholice
2969 2526 3040 2586 et
3068 2515 3350 2590 honoris
3382 2519 3827 2596 ecclesiastici

1000 2644 1297 2717 zelatore
1324 2663 1484 2713 cum
1518 2639 1947 2739 plenitudine
1974 2639 2193 2732 gratie
2226 2639 2413 2712 sedis
2444 2638 2837 2735 Apostolice
2868 2639 2999 2711 iter
3025 2652 3486 2735 persequente
3516 2644 3828 2739 peregri-

1000 2767 1300 2840 nationis
1340 2775 1693 2862 arreptum
1722 2762 1853 2861 (l),
1898 2763 2109 2835 iidem
2156 2762 2382 2834 nuntii
2419 2784 2546 2838 suo
2586 2784 2782 2835 casso
2818 2764 3173 2860 proposito
3212 2766 3562 2838 abierunt.
3598 2769 3826 2854 Quare

1001 2912 1140 2962 non
1176 2891 1399 2966 solum
1432 2889 1521 2961 de
1564 2888 1696 2959 hiis
1738 2887 2178 2959 serenitatem
2225 2898 2413 2959 tuam
2456 2886 2655 2961 reddi
2700 2888 3024 2960 volumus
3062 2889 3469 2982 certiorem,
3509 2892 3634 2964 sed
3675 2892 3826 2968 aliis

1002 3013 1484 3113 circumposite
1516 3011 1817 3106 regionis
1843 3035 1971 3108 per
2006 3023 2071 3085 te
2104 3012 2436 3109 premissa
2473 3009 2622 3084 fieri
2661 3012 2982 3085 volumus
3006 3013 3398 3106 manifesta,
3431 3026 3508 3088 ut
3537 3017 3595 3090 si
3627 3039 3826 3092 secus

1002 3162 1212 3243 quam
1241 3162 1450 3233 super
1476 3137 1887 3212 describitur
1910 3138 2274 3228 reseratur,
2295 3138 2473 3207 sicut
2500 3137 2778 3209 tandem
2809 3139 3024 3210 latere
3052 3160 3191 3213 non
3224 3141 3472 3233 poterit
3498 3151 3570 3215 et
3596 3143 3824 3239 operis

1004 3263 1482 3359 comprobabit
1511 3263 1822 3353 effectus,
1857 3260 2296 3334 mendacium
2327 3261 2418 3331 ab
2450 3261 2793 3336 universis
2819 3272 2891 3336 et
2921 3261 3208 3361 singulis
3239 3274 3621 3365 reputetur.

1108 3812 1575 3917 FridericuS,
1652 3809 2167 3895 Romanorum
2239 3807 2692 3916 imperator,
2768 3809 3069 3893 nuntiat
3144 3809 3306 3921 regi
3390 3810 3818 3921 Anglorum

1004 3947 1213 4067 quod
1256 3971 1410 4033 non
1453 3941 1703 4053 potuit
1748 3940 2085 4024 obtinere
2119 3965 2387 4049 pacem
2440 3966 2615 4025 cum
2666 3967 2901 4057 papa,
2941 3941 3118 4030 licet
3163 3968 3301 4028 rex
3348 3942 3820 4032 Francorum.

1003 4091 1255 4202 partes
1293 4103 1473 4167 suas
1510 4076 1714 4186 apud
1750 4100 1925 4163 eum
1963 4072 2518 4191 interposuerit.

1081 4280 1171 4363 (a)
1211 4281 1381 4344 Hanc
1406 4294 1614 4342 vocem
1639 4278 2007 4355 supplemus,
2029 4269 2217 4354 quum
2242 4277 2306 4336 tn
2337 4275 2539 4338 codice
2562 4274 2638 4337 de
2663 4275 2820 4337 them
2844 4276 2960 4357 legi
2985 4293 3110 4339 non
3134 4280 3413 4358 potuerit.

1072 4577 1146 4650 (t)
1182 4574 1460 4651 Quomodo
1474 4573 1542 4633 ab
1562 4573 1665 4635 isto
1685 4588 1808 4637 cum
1830 4588 1971 4651 papa
1986 4572 2249 4645 colloquio
2265 4572 2410 4649 apud
2428 4573 2744 4661 Lugdunum
2765 4589 2949 4637 mense
2966 4575 3108 4655 julio
3132 4575 3401 4637 incessum
3425 4576 3694 4663 celebrato
3711 4579 3813 4635 Lu-

1000 4676 1226 4735 dovicus
1248 4674 1329 4730 lx
1354 4678 1592 4730 moestus
1610 4676 1666 4728 et
1691 4683 1864 4743 usque
1899 4670 1966 4726 ad
1990 4670 2122 4726 iram
2143 4675 2465 4743 provocatus
2491 4671 2789 4746 recesserit,
2825 4671 2959 4731 satis
2986 4673 3163 4749 ample
3198 4673 3486 4750 descripsit
3513 4672 3815 4733 Matthaeus

999 4771 1361 4846 Paris.,Hist.
1390 4769 1523 4844 mai.
1555 4767 1807 4842 Astylon,
1837 4767 1906 4826 ad
1940 4784 2066 4826 ann.
2099 4769 2255 4840 ⁴248,
2286 4783 2343 4842 p.
2376 4770 2500 4827 50⁴.
