<?xml version="1.0" encoding="UTF-8"?>
<!DOCTYPE html PUBLIC "-//W3C//DTD XHTML 1.0 Transitional//EN"
    "http://www.w3.org/TR/xhtml1/DTD/xhtml1-transitional.dtd">
<html xmlns="http://www.w3.org/1999/xhtml" xml:lang="en" lang="en">
 <head>
  <title>
</title>
<meta http-equiv="Content-Type" content="text/html;charset=utf-8" />
  <meta name='ocr-system' content='tesseract 3.04.00' />
  <meta name='ocr-capabilities' content='ocr_page ocr_carea ocr_par ocr_line ocrx_word'/>
</head>
<body>
  <div class='ocr_page' id='page_1' title='image "./historiadiploma01empegoog_0342.png"; bbox 0 0 4525 6031; ppageno 0'>
   <div class='ocr_carea' id='block_1_1' title="bbox 1090 634 3913 720">
    <p class='ocr_par' dir='ltr' id='par_1_1' title="bbox 1090 634 3913 720">
     <span class='ocr_line' id='line_1_1' title="bbox 1090 634 3913 720; baseline 0.001 -21"><span class='ocrx_word' id='word_1_1' title='bbox 1090 637 1214 700; x_wconf 79' lang='lat'><strong>884</strong></span> <span class='ocrx_word' id='word_1_2' title='bbox 2147 634 2512 699; x_wconf 61' lang='lat' dir='ltr'><strong>cosmam</strong></span> <span class='ocrx_word' id='word_1_3' title='bbox 2563 634 2865 710; x_wconf 67' lang='lat' dir='ltr'><strong>Quam</strong></span> <span class='ocrx_word' id='word_1_4' title='bbox 3527 634 3693 720; x_wconf 68' lang='lat' dir='ltr'><strong>[An.</strong></span> <span class='ocrx_word' id='word_1_5' title='bbox 3731 637 3913 701; x_wconf 71' lang='lat'><strong>1248.-</strong></span> 
     </span>
    </p>
   </div>
   <div class='ocr_carea' id='block_1_2' title="bbox 1254 795 3915 1301">
    <p class='ocr_par' dir='ltr' id='par_1_2' title="bbox 1254 795 3915 1301">
     <span class='ocr_line' id='line_1_2' title="bbox 1254 795 3913 878; baseline 0.003 -22"><span class='ocrx_word' id='word_1_6' title='bbox 1254 795 1502 874; x_wconf 88' lang='lat' dir='ltr'><strong>(Inedit.</strong></span> <span class='ocrx_word' id='word_1_7' title='bbox 1533 813 1608 857; x_wconf 82' lang='lat' dir='ltr'><strong>ex</strong></span> <span class='ocrx_word' id='word_1_8' title='bbox 1637 796 1908 876; x_wconf 71' lang='lat' dir='ltr'><strong>originali</strong></span> <span class='ocrx_word' id='word_1_9' title='bbox 1939 798 2002 857; x_wconf 92' lang='lat' dir='ltr'><strong>in</strong></span> <span class='ocrx_word' id='word_1_10' title='bbox 2029 796 2274 859; x_wconf 81' lang='lat' dir='ltr'><strong>archivo</strong></span> <span class='ocrx_word' id='word_1_11' title='bbox 2305 797 2653 877; x_wconf 67' lang='lat' dir='ltr'><strong>Stuttgart„</strong></span> <span class='ocrx_word' id='word_1_12' title='bbox 2685 796 3050 874; x_wconf 63' lang='lat' dir='ltr'><strong>Weingart„</strong></span> <span class='ocrx_word' id='word_1_13' title='bbox 3081 803 3151 856; x_wconf 78' lang='lat' dir='ltr'><strong>n⁹</strong></span> <span class='ocrx_word' id='word_1_14' title='bbox 3183 803 3289 868; x_wconf 80' lang='lat'><strong>1⁴,</strong></span> <span class='ocrx_word' id='word_1_15' title='bbox 3318 796 3476 858; x_wconf 92' lang='lat' dir='ltr'><strong>unde</strong></span> <span class='ocrx_word' id='word_1_16' title='bbox 3514 796 3913 878; x_wconf 71' lang='lat' dir='ltr'><strong>fragmentum</strong></span> 
     </span>
     <span class='ocr_line' id='line_1_3' title="bbox 1329 901 3913 980; baseline 0.002 -17"><span class='ocrx_word' id='word_1_17' title='bbox 1329 904 1507 980; x_wconf 75' lang='lat' dir='ltr'><strong>sigini</strong></span> <span class='ocrx_word' id='word_1_18' title='bbox 1537 902 1828 980; x_wconf 77' lang='lat' dir='ltr'><strong>pendebat</strong></span> <span class='ocrx_word' id='word_1_19' title='bbox 1853 920 1886 964; x_wconf 91' lang='lat' dir='ltr'><strong>e</strong></span> <span class='ocrx_word' id='word_1_20' title='bbox 1916 901 2034 963; x_wconf 84' lang='lat' dir='ltr'><strong>iilis</strong></span> <span class='ocrx_word' id='word_1_21' title='bbox 2064 905 2265 964; x_wconf 80' lang='lat' dir='ltr'><strong>sericis</strong></span> <span class='ocrx_word' id='word_1_22' title='bbox 2291 903 2452 964; x_wconf 88' lang='lat' dir='ltr'><strong>rubri</strong></span> <span class='ocrx_word' id='word_1_23' title='bbox 2480 903 2723 980; x_wconf 76' lang='lat' dir='ltr'><strong>coloris3</strong></span> <span class='ocrx_word' id='word_1_24' title='bbox 2753 902 2915 980; x_wconf 84' lang='lat' dir='ltr'><strong>quod</strong></span> <span class='ocrx_word' id='word_1_25' title='bbox 2944 901 3253 962; x_wconf 81' lang='lat' dir='ltr'><strong>nobiscum</strong></span> <span class='ocrx_word' id='word_1_26' title='bbox 3289 901 3608 965; x_wconf 76' lang='lat' dir='ltr'><strong>liberaliter</strong></span> <span class='ocrx_word' id='word_1_27' title='bbox 3639 922 3913 967; x_wconf 86' lang='lat' dir='ltr'><strong>eommu-</strong></span> 
     </span>
     <span class='ocr_line' id='line_1_4' title="bbox 1331 1007 3911 1086; baseline 0.002 -18"><span class='ocrx_word' id='word_1_28' title='bbox 1331 1010 1556 1068; x_wconf 82' lang='lat' dir='ltr'><strong>nicavit</strong></span> <span class='ocrx_word' id='word_1_29' title='bbox 1599 1008 1865 1069; x_wconf 83' lang='lat' dir='ltr'><strong>eruditus</strong></span> <span class='ocrx_word' id='word_1_30' title='bbox 1899 1011 1990 1070; x_wconf 82' lang='lat' dir='ltr'><strong>vir</strong></span> <span class='ocrx_word' id='word_1_31' title='bbox 2025 1009 2370 1070; x_wconf 72' lang='lat' dir='ltr'><strong>Kaualerus.</strong></span> <span class='ocrx_word' id='word_1_32' title='bbox 2399 1008 2838 1070; x_wconf 76' lang='lat' dir='ltr'><strong>Documentum</strong></span> <span class='ocrx_word' id='word_1_33' title='bbox 2864 1025 2984 1069; x_wconf 92' lang='lat' dir='ltr'><strong>non</strong></span> <span class='ocrx_word' id='word_1_34' title='bbox 3029 1010 3275 1070; x_wconf 91' lang='lat' dir='ltr'><strong>omnino</strong></span> <span class='ocrx_word' id='word_1_35' title='bbox 3317 1007 3592 1070; x_wconf 81' lang='lat' dir='ltr'><strong>fictitium</strong></span> <span class='ocrx_word' id='word_1_36' title='bbox 3627 1011 3911 1086; x_wconf 80' lang='lat' dir='ltr'><strong>dicimus,</strong></span> 
     </span>
     <span class='ocr_line' id='line_1_5' title="bbox 1333 1112 3915 1193; baseline 0.003 -21"><span class='ocrx_word' id='word_1_37' title='bbox 1333 1113 1437 1173; x_wconf 88' lang='lat' dir='ltr'><strong>sed</strong></span> <span class='ocrx_word' id='word_1_38' title='bbox 1465 1113 1672 1173; x_wconf 83' lang='lat' dir='ltr'><strong>saltem</strong></span> <span class='ocrx_word' id='word_1_39' title='bbox 1702 1117 2043 1192; x_wconf 75' lang='lat' dir='ltr'><strong>rescriptum</strong></span> <span class='ocrx_word' id='word_1_40' title='bbox 2073 1116 2252 1176; x_wconf 78' lang='lat' dir='ltr'><strong>ruisse</strong></span> <span class='ocrx_word' id='word_1_41' title='bbox 2280 1116 2672 1191; x_wconf 68' lang='lat' dir='ltr'><strong>arbitramurg</strong></span> <span class='ocrx_word' id='word_1_42' title='bbox 2725 1114 2883 1176; x_wconf 91' lang='lat' dir='ltr'><strong>unde</strong></span> <span class='ocrx_word' id='word_1_43' title='bbox 2905 1112 3184 1175; x_wconf 87' lang='lat' dir='ltr'><strong>lectorem</strong></span> <span class='ocrx_word' id='word_1_44' title='bbox 3218 1132 3529 1193; x_wconf 81' lang='lat' dir='ltr'><strong>precemur</strong></span> <span class='ocrx_word' id='word_1_45' title='bbox 3554 1124 3624 1178; x_wconf 88' lang='lat' dir='ltr'><strong>ut</strong></span> <span class='ocrx_word' id='word_1_46' title='bbox 3648 1118 3915 1179; x_wconf 76' lang='lat' dir='ltr'><strong>conferre</strong></span> 
     </span>
     <span class='ocr_line' id='line_1_6' title="bbox 1331 1218 2952 1301; baseline 0.001 -23"><span class='ocrx_word' id='word_1_47' title='bbox 1331 1219 1475 1278; x_wconf 84' lang='lat' dir='ltr'><strong>velit</strong></span> <span class='ocrx_word' id='word_1_48' title='bbox 1503 1236 1655 1296; x_wconf 80' lang='lat' dir='ltr'><strong>quae</strong></span> <span class='ocrx_word' id='word_1_49' title='bbox 1685 1236 1863 1297; x_wconf 85' lang='lat' dir='ltr'><strong>supra</strong></span> <span class='ocrx_word' id='word_1_50' title='bbox 1885 1222 2444 1301; x_wconf 74' lang='lat' dir='ltr'><strong>animadvertimus,</strong></span> <span class='ocrx_word' id='word_1_51' title='bbox 2477 1228 2519 1282; x_wconf 89' lang='lat' dir='ltr'><strong>t.</strong></span> <span class='ocrx_word' id='word_1_52' title='bbox 2552 1221 2659 1297; x_wconf 85' lang='lat' dir='ltr'><strong>lv,</strong></span> <span class='ocrx_word' id='word_1_53' title='bbox 2689 1237 2754 1298; x_wconf 88' lang='lat' dir='ltr'><strong>p.</strong></span> <span class='ocrx_word' id='word_1_54' title='bbox 2785 1218 2952 1299; x_wconf 78' lang='lat'><strong>625.)</strong></span> 
     </span>
    </p>
   </div>
   <div class='ocr_carea' id='block_1_3' title="bbox 1089 1402 3914 2974">
    <p class='ocr_par' dir='ltr' id='par_1_3' title="bbox 1091 1402 3914 1746">
     <span class='ocr_line' id='line_1_7' title="bbox 1190 1402 3911 1503; baseline 0.002 -28"><span class='ocrx_word' id='word_1_55' title='bbox 1190 1402 1577 1495; x_wconf 79' lang='lat' dir='ltr'><strong>ConraduS,</strong></span> <span class='ocrx_word' id='word_1_56' title='bbox 1610 1405 1754 1477; x_wconf 89' lang='lat' dir='ltr'><strong>divi</strong></span> <span class='ocrx_word' id='word_1_57' title='bbox 1782 1407 2058 1499; x_wconf 81' lang='lat' dir='ltr'><strong>augusti</strong></span> <span class='ocrx_word' id='word_1_58' title='bbox 2090 1407 2528 1503; x_wconf 83' lang='lat' dir='ltr'><strong>imperatoris</strong></span> <span class='ocrx_word' id='word_1_59' title='bbox 2559 1406 2842 1480; x_wconf 84' lang='lat' dir='ltr'><strong>Fridrici</strong></span> <span class='ocrx_word' id='word_1_60' title='bbox 2875 1405 3083 1497; x_wconf 84' lang='lat' dir='ltr'><strong>filius,</strong></span> <span class='ocrx_word' id='word_1_61' title='bbox 3118 1407 3247 1479; x_wconf 91' lang='lat' dir='ltr'><strong>Dei</strong></span> <span class='ocrx_word' id='word_1_62' title='bbox 3273 1408 3494 1500; x_wconf 80' lang='lat' dir='ltr'><strong>gratia</strong></span> <span class='ocrx_word' id='word_1_63' title='bbox 3540 1407 3614 1479; x_wconf 93' lang='lat' dir='ltr'><strong>in</strong></span> <span class='ocrx_word' id='word_1_64' title='bbox 3654 1407 3911 1482; x_wconf 84' lang='lat' dir='ltr'><strong>Roma-</strong></span> 
     </span>
     <span class='ocr_line' id='line_1_8' title="bbox 1091 1530 3914 1626; baseline 0.003 -28"><span class='ocrx_word' id='word_1_65' title='bbox 1091 1549 1343 1599; x_wconf 86' lang='lat' dir='ltr'><strong>norum</strong></span> <span class='ocrx_word' id='word_1_66' title='bbox 1391 1550 1624 1621; x_wconf 82' lang='lat' dir='ltr'><strong>regem</strong></span> <span class='ocrx_word' id='word_1_67' title='bbox 1675 1530 1971 1622; x_wconf 87' lang='lat' dir='ltr'><strong>electus,</strong></span> <span class='ocrx_word' id='word_1_68' title='bbox 2024 1553 2301 1626; x_wconf 87' lang='lat' dir='ltr'><strong>semper</strong></span> <span class='ocrx_word' id='word_1_69' title='bbox 2349 1540 2686 1624; x_wconf 83' lang='lat' dir='ltr'><strong>augustus</strong></span> <span class='ocrx_word' id='word_1_70' title='bbox 2732 1540 2804 1602; x_wconf 91' lang='lat' dir='ltr'><strong>et</strong></span> <span class='ocrx_word' id='word_1_71' title='bbox 2859 1530 3064 1602; x_wconf 88' lang='lat' dir='ltr'><strong>heres</strong></span> <span class='ocrx_word' id='word_1_72' title='bbox 3119 1533 3317 1625; x_wconf 82' lang='lat' dir='ltr'><strong>regni</strong></span> <span class='ocrx_word' id='word_1_73' title='bbox 3360 1532 3790 1604; x_wconf 82' lang='lat' dir='ltr'><strong>Hierusalem</strong></span> <span class='ocrx_word' id='word_1_74' title='bbox 3843 1544 3914 1608; x_wconf 87' lang='lat' dir='ltr'><strong>et</strong></span> 
     </span>
     <span class='ocr_line' id='line_1_9' title="bbox 1091 1645 3659 1746; baseline 0.003 -26"><span class='ocrx_word' id='word_1_75' title='bbox 1091 1649 1320 1721; x_wconf 85' lang='lat' dir='ltr'><strong>Sicilie</strong></span> <span class='ocrx_word' id='word_1_76' title='bbox 1352 1645 1539 1746; x_wconf 73' lang='lat' dir='ltr'><strong>(sic).</strong></span> <span class='ocrx_word' id='word_1_77' title='bbox 1578 1651 1767 1722; x_wconf 89' lang='lat' dir='ltr'><strong>Licet</strong></span> <span class='ocrx_word' id='word_1_78' title='bbox 1797 1652 1889 1724; x_wconf 88' lang='lat' dir='ltr'><strong>ad</strong></span> <span class='ocrx_word' id='word_1_79' title='bbox 1923 1674 2166 1724; x_wconf 87' lang='lat' dir='ltr'><strong>omnes</strong></span> <span class='ocrx_word' id='word_1_80' title='bbox 2197 1653 2523 1726; x_wconf 86' lang='lat' dir='ltr'><strong>ecclesias</strong></span> <span class='ocrx_word' id='word_1_81' title='bbox 2555 1653 2945 1725; x_wconf 84' lang='lat' dir='ltr'><strong>serenitatis</strong></span> <span class='ocrx_word' id='word_1_82' title='bbox 2975 1663 3212 1725; x_wconf 85' lang='lat' dir='ltr'><strong>nostre</strong></span> <span class='ocrx_word' id='word_1_83' title='bbox 3241 1653 3490 1746; x_wconf 85' lang='lat' dir='ltr'><strong>aciem,</strong></span> <span class='ocrx_word' id='word_1_84' title='bbox 3525 1665 3659 1728; x_wconf 83' lang='lat' dir='ltr'><strong>etc.</strong></span> 
     </span>
    </p>

    <p class='ocr_par' dir='ltr' id='par_1_4' title="bbox 1091 1773 3911 2116">
     <span class='ocr_line' id='line_1_10' title="bbox 1193 1773 3905 1873; baseline 0.002 -30"><span class='ocrx_word' id='word_1_85' title='bbox 1193 1773 1553 1865; x_wconf 84' lang='lat' dir='ltr'><strong>[Sequitur</strong></span> <span class='ocrx_word' id='word_1_86' title='bbox 1609 1773 1699 1845; x_wconf 93' lang='lat' dir='ltr'><strong>de</strong></span> <span class='ocrx_word' id='word_1_87' title='bbox 1755 1775 1975 1847; x_wconf 75' lang='lat' dir='ltr'><strong>verbo</strong></span> <span class='ocrx_word' id='word_1_88' title='bbox 2022 1776 2114 1847; x_wconf 87' lang='lat' dir='ltr'><strong>ad</strong></span> <span class='ocrx_word' id='word_1_89' title='bbox 2167 1776 2460 1852; x_wconf 85' lang='lat' dir='ltr'><strong>verbum</strong></span> <span class='ocrx_word' id='word_1_90' title='bbox 2513 1776 2692 1847; x_wconf 87' lang='lat' dir='ltr'><strong>sicut</strong></span> <span class='ocrx_word' id='word_1_91' title='bbox 2736 1775 2809 1845; x_wconf 93' lang='lat' dir='ltr'><strong>in</strong></span> <span class='ocrx_word' id='word_1_92' title='bbox 2859 1775 3221 1870; x_wconf 80' lang='lat' dir='ltr'><strong>privilegio</strong></span> <span class='ocrx_word' id='word_1_93' title='bbox 3274 1777 3551 1849; x_wconf 88' lang='lat' dir='ltr'><strong>Henrici</strong></span> <span class='ocrx_word' id='word_1_94' title='bbox 3594 1779 3905 1873; x_wconf 84' lang='lat' dir='ltr'><strong>septimi,</strong></span> 
     </span>
     <span class='ocr_line' id='line_1_11' title="bbox 1091 1895 3911 1996; baseline 0.003 -29"><span class='ocrx_word' id='word_1_95' title='bbox 1091 1895 1258 1968; x_wconf 86' lang='lat' dir='ltr'><strong>dato</strong></span> <span class='ocrx_word' id='word_1_96' title='bbox 1289 1917 1474 1967; x_wconf 91' lang='lat' dir='ltr'><strong>anno</strong></span> <span class='ocrx_word' id='word_1_97' title='bbox 1513 1896 1702 1968; x_wconf 69' lang='lat'><strong>⁴234</strong></span> <span class='ocrx_word' id='word_1_98' title='bbox 1729 1899 1919 1992; x_wconf 87' lang='lat' dir='ltr'><strong>apud</strong></span> <span class='ocrx_word' id='word_1_99' title='bbox 1945 1901 2384 1991; x_wconf 79' lang='lat' dir='ltr'><strong>Hagenowe,</strong></span> <span class='ocrx_word' id='word_1_100' title='bbox 2421 1901 2465 1970; x_wconf 88' lang='lat'>8</span> <span class='ocrx_word' id='word_1_101' title='bbox 2499 1898 2641 1971; x_wconf 89' lang='lat' dir='ltr'><strong>kal.</strong></span> <span class='ocrx_word' id='word_1_102' title='bbox 2680 1899 2890 1989; x_wconf 65' lang='lat' dir='ltr'><strong>febr„</strong></span> <span class='ocrx_word' id='word_1_103' title='bbox 2932 1898 3309 1972; x_wconf 85' lang='lat' dir='ltr'><strong>indictione</strong></span> <span class='ocrx_word' id='word_1_104' title='bbox 3335 1901 3663 1996; x_wconf 90' lang='lat' dir='ltr'><strong>septima,</strong></span> <span class='ocrx_word' id='word_1_105' title='bbox 3717 1902 3911 1995; x_wconf 90' lang='lat' dir='ltr'><strong>quod</strong></span> 
     </span>
     <span class='ocr_line' id='line_1_12' title="bbox 1091 2016 3114 2116; baseline 0.001 -28"><span class='ocrx_word' id='word_1_106' title='bbox 1091 2038 1302 2110; x_wconf 87' lang='lat' dir='ltr'><strong>supra</strong></span> <span class='ocrx_word' id='word_1_107' title='bbox 1341 2018 1712 2110; x_wconf 88' lang='lat' dir='ltr'><strong>edidimus,</strong></span> <span class='ocrx_word' id='word_1_108' title='bbox 1756 2028 1807 2092; x_wconf 80' lang='lat' dir='ltr'><strong>t.</strong></span> <span class='ocrx_word' id='word_1_109' title='bbox 1846 2021 1961 2111; x_wconf 90' lang='lat' dir='ltr'><strong>IV,</strong></span> <span class='ocrx_word' id='word_1_110' title='bbox 1999 2044 2074 2115; x_wconf 88' lang='lat' dir='ltr'><strong>p.</strong></span> <span class='ocrx_word' id='word_1_111' title='bbox 2110 2023 2251 2094; x_wconf 77' lang='lat'><strong>626</strong></span> <span class='ocrx_word' id='word_1_112' title='bbox 2284 2031 2354 2092; x_wconf 85' lang='lat' dir='ltr'><strong>et</strong></span> <span class='ocrx_word' id='word_1_113' title='bbox 2388 2043 2624 2114; x_wconf 87' lang='lat' dir='ltr'><strong>seqq.,</strong></span> <span class='ocrx_word' id='word_1_114' title='bbox 2664 2041 2887 2113; x_wconf 89' lang='lat' dir='ltr'><strong>usque</strong></span> <span class='ocrx_word' id='word_1_115' title='bbox 2919 2019 3011 2092; x_wconf 87' lang='lat' dir='ltr'><strong>ad</strong></span> <span class='ocrx_word' id='word_1_116' title='bbox 3048 2016 3114 2116; x_wconf 77' lang='grc' dir='ltr'><strong>ε]</strong></span> 
     </span>
    </p>

    <p class='ocr_par' dir='ltr' id='par_1_5' title="bbox 1089 2142 3909 2734">
     <span class='ocr_line' id='line_1_13' title="bbox 1189 2142 3908 2239; baseline 0.003 -26"><span class='ocrx_word' id='word_1_117' title='bbox 1189 2143 1427 2214; x_wconf 88' lang='lat' dir='ltr'><strong>Testes</strong></span> <span class='ocrx_word' id='word_1_118' title='bbox 1472 2153 1635 2213; x_wconf 83' lang='lat' dir='ltr'><strong>sunt</strong></span> <span class='ocrx_word' id='word_1_119' title='bbox 1675 2142 1771 2213; x_wconf 93' lang='lat' dir='ltr'><strong>hii</strong></span> <span class='ocrx_word' id='word_1_120' title='bbox 1822 2144 1895 2216; x_wconf 89' lang='lat' dir='ltr'><strong>S.</strong></span> <span class='ocrx_word' id='word_1_121' title='bbox 1946 2146 2365 2217; x_wconf 85' lang='lat' dir='ltr'><strong>venerabilis</strong></span> <span class='ocrx_word' id='word_1_122' title='bbox 2411 2144 2871 2238; x_wconf 79' lang='lat' dir='ltr'><strong>Augustensis</strong></span> <span class='ocrx_word' id='word_1_123' title='bbox 2921 2144 3326 2239; x_wconf 70' lang='lat' dir='ltr'><strong>episcopua,</strong></span> <span class='ocrx_word' id='word_1_124' title='bbox 3372 2146 3526 2218; x_wconf 90' lang='lat' dir='ltr'><strong>Ber.</strong></span> <span class='ocrx_word' id='word_1_125' title='bbox 3561 2147 3780 2218; x_wconf 83' lang='lat' dir='ltr'><strong>abbas</strong></span> <span class='ocrx_word' id='word_1_126' title='bbox 3818 2147 3908 2220; x_wconf 92' lang='lat' dir='ltr'><strong>de</strong></span> 
     </span>
     <span class='ocr_line' id='line_1_14' title="bbox 1090 2265 3906 2365; baseline 0.002 -29"><span class='ocrx_word' id='word_1_127' title='bbox 1090 2265 1548 2355; x_wconf 85' lang='lat' dir='ltr'><strong>Utinburrun,</strong></span> <span class='ocrx_word' id='word_1_128' title='bbox 1587 2288 1821 2338; x_wconf 91' lang='lat' dir='ltr'><strong>comes</strong></span> <span class='ocrx_word' id='word_1_129' title='bbox 1857 2268 1966 2339; x_wconf 88' lang='lat' dir='ltr'><strong>Ul.</strong></span> <span class='ocrx_word' id='word_1_130' title='bbox 2005 2268 2093 2340; x_wconf 89' lang='lat' dir='ltr'><strong>de</strong></span> <span class='ocrx_word' id='word_1_131' title='bbox 2127 2268 2678 2360; x_wconf 80' lang='lat' dir='ltr'><strong>Schalkelingin,</strong></span> <span class='ocrx_word' id='word_1_132' title='bbox 2716 2290 2949 2340; x_wconf 91' lang='lat' dir='ltr'><strong>comes</strong></span> <span class='ocrx_word' id='word_1_133' title='bbox 2978 2268 3377 2342; x_wconf 82' lang='lat' dir='ltr'><strong>Wolfradus</strong></span> <span class='ocrx_word' id='word_1_134' title='bbox 3408 2269 3498 2342; x_wconf 93' lang='lat' dir='ltr'><strong>de</strong></span> <span class='ocrx_word' id='word_1_135' title='bbox 3526 2270 3906 2365; x_wconf 79' lang='lat' dir='ltr'><strong>veringen,</strong></span> 
     </span>
     <span class='ocr_line' id='line_1_15' title="bbox 1089 2387 3902 2489; baseline 0.002 -29"><span class='ocrx_word' id='word_1_136' title='bbox 1089 2387 1539 2461; x_wconf 89' lang='lat' dir='ltr'><strong>Eberhardus</strong></span> <span class='ocrx_word' id='word_1_137' title='bbox 1587 2390 1676 2461; x_wconf 92' lang='lat' dir='ltr'><strong>de</strong></span> <span class='ocrx_word' id='word_1_138' title='bbox 1725 2392 2126 2483; x_wconf 85' lang='lat' dir='ltr'><strong>Eberstain,</strong></span> <span class='ocrx_word' id='word_1_139' title='bbox 2178 2395 2265 2464; x_wconf 88' lang='lat' dir='ltr'><strong>H.</strong></span> <span class='ocrx_word' id='word_1_140' title='bbox 2321 2393 2411 2465; x_wconf 89' lang='lat' dir='ltr'><strong>de</strong></span> <span class='ocrx_word' id='word_1_141' title='bbox 2455 2390 2680 2484; x_wconf 85' lang='lat' dir='ltr'><strong>Nifin,</strong></span> <span class='ocrx_word' id='word_1_142' title='bbox 2734 2393 2810 2465; x_wconf 90' lang='lat' dir='ltr'><strong>C.</strong></span> <span class='ocrx_word' id='word_1_143' title='bbox 2865 2392 3197 2489; x_wconf 84' lang='lat' dir='ltr'><strong>pincerna</strong></span> <span class='ocrx_word' id='word_1_144' title='bbox 3252 2394 3342 2466; x_wconf 88' lang='lat' dir='ltr'><strong>de</strong></span> <span class='ocrx_word' id='word_1_145' title='bbox 3392 2394 3902 2488; x_wconf 86' lang='lat' dir='ltr'><strong>Winterstetin,</strong></span> 
     </span>
     <span class='ocr_line' id='line_1_16' title="bbox 1090 2511 3909 2611; baseline 0.003 -28"><span class='ocrx_word' id='word_1_146' title='bbox 1090 2511 1276 2584; x_wconf 86' lang='lat' dir='ltr'><strong>Otto.</strong></span> <span class='ocrx_word' id='word_1_147' title='bbox 1328 2513 1485 2584; x_wconf 88' lang='lat' dir='ltr'><strong>Ber.</strong></span> <span class='ocrx_word' id='word_1_148' title='bbox 1532 2513 1622 2585; x_wconf 90' lang='lat' dir='ltr'><strong>de</strong></span> <span class='ocrx_word' id='word_1_149' title='bbox 1659 2515 1989 2609; x_wconf 88' lang='lat' dir='ltr'><strong>Walpurc</strong></span> <span class='ocrx_word' id='word_1_150' title='bbox 2029 2515 2328 2610; x_wconf 81' lang='lat' dir='ltr'><strong>dapifer,</strong></span> <span class='ocrx_word' id='word_1_151' title='bbox 2364 2518 2449 2587; x_wconf 91' lang='lat' dir='ltr'><strong>H.</strong></span> <span class='ocrx_word' id='word_1_152' title='bbox 2490 2526 2561 2588; x_wconf 84' lang='lat' dir='ltr'><strong>et</strong></span> <span class='ocrx_word' id='word_1_153' title='bbox 2593 2516 2702 2587; x_wconf 88' lang='lat' dir='ltr'><strong>Ul.</strong></span> <span class='ocrx_word' id='word_1_154' title='bbox 2742 2516 3038 2611; x_wconf 83' lang='lat' dir='ltr'><strong>dapiferi</strong></span> <span class='ocrx_word' id='word_1_155' title='bbox 3077 2516 3170 2590; x_wconf 89' lang='lat' dir='ltr'><strong>de</strong></span> <span class='ocrx_word' id='word_1_156' title='bbox 3213 2517 3657 2608; x_wconf 89' lang='lat' dir='ltr'><strong>Warthusin‚</strong></span> <span class='ocrx_word' id='word_1_157' title='bbox 3695 2519 3781 2590; x_wconf 90' lang='lat' dir='ltr'><strong>H.</strong></span> <span class='ocrx_word' id='word_1_158' title='bbox 3817 2517 3909 2592; x_wconf 88' lang='lat' dir='ltr'><strong>de</strong></span> 
     </span>
     <span class='ocr_line' id='line_1_17' title="bbox 1089 2636 2988 2734; baseline 0.003 -27"><span class='ocrx_word' id='word_1_159' title='bbox 1089 2636 1545 2731; x_wconf 84' lang='lat' dir='ltr'><strong>Ravinspurc,</strong></span> <span class='ocrx_word' id='word_1_160' title='bbox 1593 2638 1801 2709; x_wconf 89' lang='lat' dir='ltr'><strong>Eber.</strong></span> <span class='ocrx_word' id='word_1_161' title='bbox 1842 2638 1931 2710; x_wconf 88' lang='lat' dir='ltr'><strong>de</strong></span> <span class='ocrx_word' id='word_1_162' title='bbox 1962 2639 2224 2729; x_wconf 86' lang='lat' dir='ltr'><strong>Walse‚</strong></span> <span class='ocrx_word' id='word_1_163' title='bbox 2262 2649 2333 2711; x_wconf 91' lang='lat' dir='ltr'><strong>et</strong></span> <span class='ocrx_word' id='word_1_164' title='bbox 2366 2641 2480 2711; x_wconf 89' lang='lat' dir='ltr'><strong>alii</strong></span> <span class='ocrx_word' id='word_1_165' title='bbox 2512 2640 2988 2734; x_wconf 77' lang='lat' dir='ltr'><strong>quamplures·</strong></span> 
     </span>
    </p>

    <p class='ocr_par' dir='ltr' id='par_1_6' title="bbox 1089 2758 3906 2974">
     <span class='ocr_line' id='line_1_18' title="bbox 1184 2758 3906 2861; baseline 0.003 -31"><span class='ocrx_word' id='word_1_166' title='bbox 1184 2761 1435 2831; x_wconf 85' lang='lat' dir='ltr'><strong>Datum</strong></span> <span class='ocrx_word' id='word_1_167' title='bbox 1489 2758 1837 2852; x_wconf 81' lang='lat' dir='ltr'><strong>Auguste,</strong></span> <span class='ocrx_word' id='word_1_168' title='bbox 1897 2784 2084 2835; x_wconf 90' lang='lat' dir='ltr'><strong>anno</strong></span> <span class='ocrx_word' id='word_1_169' title='bbox 2131 2763 2408 2835; x_wconf 91' lang='lat' dir='ltr'><strong>Domini</strong></span> <span class='ocrx_word' id='word_1_170' title='bbox 2437 2765 2530 2836; x_wconf 91' lang='lat' dir='ltr'><strong>M.</strong></span> <span class='ocrx_word' id='word_1_171' title='bbox 2554 2764 2679 2836; x_wconf 91' lang='lat' dir='ltr'><strong>CC.</strong></span> <span class='ocrx_word' id='word_1_172' title='bbox 2699 2763 3009 2835; x_wconf 82' lang='lat' dir='ltr'><strong>xxxml</strong></span> <span class='ocrx_word' id='word_1_173' title='bbox 3049 2762 3233 2861; x_wconf 73' lang='lat' dir='ltr'><strong>(leqe</strong></span> <span class='ocrx_word' id='word_1_174' title='bbox 3275 2762 3612 2861; x_wconf 80' lang='lat' dir='ltr'><strong>XLVIII),</strong></span> <span class='ocrx_word' id='word_1_175' title='bbox 3670 2766 3738 2838; x_wconf 86' lang='lat' dir='ltr'><strong>X</strong></span> <span class='ocrx_word' id='word_1_176' title='bbox 3792 2765 3906 2839; x_wconf 92' lang='lat' dir='ltr'><strong>die</strong></span> 
     </span>
     <span class='ocr_line' id='line_1_19' title="bbox 1089 2883 1841 2974; baseline 0.004 -21"><span class='ocrx_word' id='word_1_177' title='bbox 1089 2883 1285 2974; x_wconf 89' lang='lat' dir='ltr'><strong>maii,</strong></span> <span class='ocrx_word' id='word_1_178' title='bbox 1322 2883 1700 2956; x_wconf 88' lang='lat' dir='ltr'><strong>indictione</strong></span> <span class='ocrx_word' id='word_1_179' title='bbox 1727 2886 1841 2958; x_wconf 85' lang='lat' dir='ltr'><strong>VI.</strong></span> 
     </span>
    </p>
   </div>
   <div class='ocr_carea' id='block_1_4' title="bbox 1084 3432 3911 4341">
    <p class='ocr_par' dir='ltr' id='par_1_7' title="bbox 1084 3432 3911 4341">
     <span class='ocr_line' id='line_1_20' title="bbox 1198 3432 3908 3543; baseline 0.003 -29"><span class='ocrx_word' id='word_1_180' title='bbox 1198 3432 1423 3516; x_wconf 88' lang='lat' dir='ltr'><strong>Anno</strong></span> <span class='ocrx_word' id='word_1_181' title='bbox 1479 3436 1683 3516; x_wconf 73' lang='lat'>1248</span> <span class='ocrx_word' id='word_1_182' title='bbox 1704 3496 1728 3540; x_wconf 81' lang='lat'><strong>,</strong></span> <span class='ocrx_word' id='word_1_183' title='bbox 1783 3459 2042 3517; x_wconf 89' lang='lat' dir='ltr'><strong>mense</strong></span> <span class='ocrx_word' id='word_1_184' title='bbox 2076 3434 2366 3517; x_wconf 86' lang='lat' dir='ltr'><strong>octobri</strong></span> <span class='ocrx_word' id='word_1_185' title='bbox 2390 3496 2415 3543; x_wconf 87' lang='lat'><strong>,</strong></span> <span class='ocrx_word' id='word_1_186' title='bbox 2454 3434 2656 3519; x_wconf 88' lang='lat' dir='ltr'><strong>cives</strong></span> <span class='ocrx_word' id='word_1_187' title='bbox 2693 3436 3299 3521; x_wconf 79' lang='lat' dir='ltr'><strong>wormacienses</strong></span> <span class='ocrx_word' id='word_1_188' title='bbox 3349 3438 3430 3519; x_wconf 92' lang='lat' dir='ltr'><strong>in</strong></span> <span class='ocrx_word' id='word_1_189' title='bbox 3478 3438 3908 3522; x_wconf 87' lang='lat' dir='ltr'><strong>subsidium</strong></span> 
     </span>
     <span class='ocr_line' id='line_1_21' title="bbox 1088 3565 3910 3680; baseline 0.004 -34"><span class='ocrx_word' id='word_1_190' title='bbox 1088 3565 1293 3675; x_wconf 86' lang='lat' dir='ltr'><strong>regis</strong></span> <span class='ocrx_word' id='word_1_191' title='bbox 1334 3566 1661 3650; x_wconf 74' lang='lat' dir='ltr'><strong>Com-adi</strong></span> <span class='ocrx_word' id='word_1_192' title='bbox 1706 3566 2004 3675; x_wconf 87' lang='lat' dir='ltr'><strong>copiam</strong></span> <span class='ocrx_word' id='word_1_193' title='bbox 2053 3577 2525 3650; x_wconf 84' lang='lat' dir='ltr'><strong>armatorum</strong></span> <span class='ocrx_word' id='word_1_194' title='bbox 2573 3570 2671 3651; x_wconf 89' lang='lat' dir='ltr'><strong>ad</strong></span> <span class='ocrx_word' id='word_1_195' title='bbox 2714 3579 2967 3678; x_wconf 81' lang='lat' dir='ltr'><strong>partes</strong></span> <span class='ocrx_word' id='word_1_196' title='bbox 3006 3569 3267 3679; x_wconf 86' lang='lat' dir='ltr'><strong>Spirae</strong></span> <span class='ocrx_word' id='word_1_197' title='bbox 3309 3581 3382 3653; x_wconf 89' lang='lat' dir='ltr'><strong>et</strong></span> <span class='ocrx_word' id='word_1_198' title='bbox 3432 3571 3910 3680; x_wconf 90' lang='lat' dir='ltr'><strong>Oppenheim</strong></span> 
     </span>
     <span class='ocr_line' id='line_1_22' title="bbox 1087 3697 3909 3814; baseline 0.003 -34"><span class='ocrx_word' id='word_1_199' title='bbox 1087 3723 1353 3780; x_wconf 84' lang='lat' dir='ltr'><strong>versus</strong></span> <span class='ocrx_word' id='word_1_200' title='bbox 1413 3697 1915 3809; x_wconf 83' lang='lat' dir='ltr'><strong>Nordtlingen</strong></span> <span class='ocrx_word' id='word_1_201' title='bbox 1979 3697 2110 3810; x_wconf 74' lang='grc' dir='ltr'><strong>(Ρ)</strong></span> <span class='ocrx_word' id='word_1_202' title='bbox 2168 3700 2543 3783; x_wconf 86' lang='lat' dir='ltr'><strong>miserunt</strong></span> <span class='ocrx_word' id='word_1_203' title='bbox 2599 3713 2866 3785; x_wconf 88' lang='lat' dir='ltr'><strong>contra</strong></span> <span class='ocrx_word' id='word_1_204' title='bbox 2937 3701 3308 3785; x_wconf 82' lang='lat' dir='ltr'><strong>Sifridum</strong></span> <span class='ocrx_word' id='word_1_205' title='bbox 3371 3702 3909 3814; x_wconf 85' lang='lat' dir='ltr'><strong>Moguntinum</strong></span> 
     </span>
     <span class='ocr_line' id='line_1_23' title="bbox 1089 3830 3911 3942; baseline 0.002 -29"><span class='ocrx_word' id='word_1_206' title='bbox 1089 3830 1739 3940; x_wconf 86' lang='lat' dir='ltr'><strong>archiepiscopum</strong></span> <span class='ocrx_word' id='word_1_207' title='bbox 1780 3831 1912 3941; x_wconf 89' lang='lat' dir='ltr'><strong>qui</strong></span> <span class='ocrx_word' id='word_1_208' title='bbox 1950 3831 2240 3914; x_wconf 90' lang='lat' dir='ltr'><strong>bellum</strong></span> <span class='ocrx_word' id='word_1_209' title='bbox 2276 3832 2437 3942; x_wconf 86' lang='lat' dir='ltr'><strong>regi</strong></span> <span class='ocrx_word' id='word_1_210' title='bbox 2477 3833 2825 3916; x_wconf 85' lang='lat' dir='ltr'><strong>Conrado</strong></span> <span class='ocrx_word' id='word_1_211' title='bbox 2863 3832 3252 3921; x_wconf 85' lang='lat' dir='ltr'><strong>intulerat.</strong></span> <span class='ocrx_word' id='word_1_212' title='bbox 3298 3836 3643 3933; x_wconf 87' lang='lat' dir='ltr'><strong>Quorum</strong></span> <span class='ocrx_word' id='word_1_213' title='bbox 3680 3835 3911 3918; x_wconf 81' lang='lat' dir='ltr'><strong>auxi-</strong></span> 
     </span>
     <span class='ocr_line' id='line_1_24' title="bbox 1085 3962 3909 4076; baseline 0.002 -32"><span class='ocrx_word' id='word_1_214' title='bbox 1085 3962 1192 4046; x_wconf 91' lang='lat' dir='ltr'><strong>lio</strong></span> <span class='ocrx_word' id='word_1_215' title='bbox 1243 3963 1739 4074; x_wconf 86' lang='lat' dir='ltr'><strong>Moguntinus</strong></span> <span class='ocrx_word' id='word_1_216' title='bbox 1791 3963 2265 4047; x_wconf 85' lang='lat' dir='ltr'><strong>Brussellam</strong></span> <span class='ocrx_word' id='word_1_217' title='bbox 2316 3991 2561 4075; x_wconf 90' lang='lat' dir='ltr'><strong>usque</strong></span> <span class='ocrx_word' id='word_1_218' title='bbox 2610 3964 3090 4072; x_wconf 86' lang='lat' dir='ltr'><strong>[Bruchsal?]</strong></span> <span class='ocrx_word' id='word_1_219' title='bbox 3154 3966 3484 4076; x_wconf 86' lang='lat' dir='ltr'><strong>agitatus</strong></span> <span class='ocrx_word' id='word_1_220' title='bbox 3555 3977 3697 4052; x_wconf 89' lang='lat' dir='ltr'><strong>est.</strong></span> <span class='ocrx_word' id='word_1_221' title='bbox 3752 3968 3909 4051; x_wconf 88' lang='lat' dir='ltr'><strong>Ista</strong></span> 
     </span>
     <span class='ocr_line' id='line_1_25' title="bbox 1084 4096 3906 4205; baseline 0.001 -27"><span class='ocrx_word' id='word_1_222' title='bbox 1084 4096 1460 4205; x_wconf 84' lang='lat' dir='ltr'><strong>expeditio</strong></span> <span class='ocrx_word' id='word_1_223' title='bbox 1507 4096 1846 4179; x_wconf 88' lang='lat' dir='ltr'><strong>constitit</strong></span> <span class='ocrx_word' id='word_1_224' title='bbox 1902 4097 2101 4181; x_wconf 84' lang='lat' dir='ltr'><strong>cives</strong></span> <span class='ocrx_word' id='word_1_225' title='bbox 2156 4098 2522 4181; x_wconf 85' lang='lat' dir='ltr'><strong>ducentas</strong></span> <span class='ocrx_word' id='word_1_226' title='bbox 2576 4123 2899 4180; x_wconf 85' lang='lat' dir='ltr'><strong>marcas.</strong></span> <span class='ocrx_word' id='word_1_227' title='bbox 2969 4106 3209 4180; x_wconf 75' lang='lat' dir='ltr'><strong>Zorns</strong></span> <span class='ocrx_word' id='word_1_228' title='bbox 3266 4099 3609 4182; x_wconf 79' lang='lat' dir='ltr'><strong>chronic.</strong></span> <span class='ocrx_word' id='word_1_229' title='bbox 3676 4107 3906 4182; x_wconf 86' lang='lat' dir='ltr'><strong>Wor-</strong></span> 
     </span>
     <span class='ocr_line' id='line_1_26' title="bbox 1085 4227 3185 4341; baseline 0.002 -33"><span class='ocrx_word' id='word_1_230' title='bbox 1085 4241 1303 4336; x_wconf 83' lang='lat' dir='ltr'><strong>mat.‚</strong></span> <span class='ocrx_word' id='word_1_231' title='bbox 1343 4228 1566 4336; x_wconf 86' lang='lat' dir='ltr'><strong>Mss.,</strong></span> <span class='ocrx_word' id='word_1_232' title='bbox 1608 4255 1731 4338; x_wconf 86' lang='lat' dir='ltr'><strong>ap.</strong></span> <span class='ocrx_word' id='word_1_233' title='bbox 1774 4230 2165 4338; x_wconf 67' lang='lat' dir='ltr'><strong>Boanum,</strong></span> <span class='ocrx_word' id='word_1_234' title='bbox 2204 4238 2487 4339; x_wconf 79' lang='lat' dir='ltr'><strong>Reqest.</strong></span> <span class='ocrx_word' id='word_1_235' title='bbox 2529 4227 2837 4340; x_wconf 57' lang='lat' dir='ltr'><strong>imper„</strong></span> <span class='ocrx_word' id='word_1_236' title='bbox 2875 4256 2955 4341; x_wconf 91' lang='lat' dir='ltr'><strong>p.</strong></span> <span class='ocrx_word' id='word_1_237' title='bbox 2998 4233 3185 4315; x_wconf 81' lang='lat'><strong>267.</strong></span> 
     </span>
    </p>
   </div>
  </div>
 </body>
</html>
