4525 6031
1050 623 1173 686 888
2102 633 2466 698 comam
2519 636 2816 713 onaan
3483 633 3651 713 [An.
3685 635 3867 699 1250.

1841 1184 2065 1250 ANNo
2111 1186 2318 1250 1250.
2353 1221 2434 1235 —-
2473 1184 2968 1249 lnnlcrloNE
3008 1185 3070 1248 8.

2301 1432 2613 1447 au*-

679 1659 934 1759 ffiffif·
1160 1657 1553 1742 Conradus
1569 1720 1593 1766 ,
1653 1657 2167 1744 Romanorum
2223 1661 2307 1742 in
2353 1686 2613 1771 regem
2659 1659 2940 1744 electus
2955 1722 2979 1768 ‚
3035 1658 3493 1743 monasterio
3535 1658 3618 1740 in
3668 1657 3856 1743 Bol-

1046 1789 1306 1901 lingen
1364 1791 1823 1904 [Pollingen]
1887 1820 2114 1878 usum
2177 1795 2510 1879 nemoris
2572 1793 2883 1877 Aicholz
2947 1816 3181 1904 prope
3237 1788 3567 1878 Mozmul
3649 1816 3851 1874 con-

1042 1924 1263 2006 cedit.

1208 2132 1399 2212 (Edit.
1432 2152 1528 2213 ap.
1565 2137 1829 2198 Manum.
1860 2137 2046 2216 Boia,
2075 2145 2126 2199 t.
2158 2137 2244 2205 X,
2283 2155 2345 2216 p.
2378 2148 2479 2212 51,
2523 2155 2600 2200 ex
2627 2154 2897 2199 monum.
2931 2137 3216 2217 Polling„
3242 2149 3311 2199 ιι·
3336 2137 3472 2200 XV.
3501 2136 3593 2200 Cf.
3617 2134 3851 2211 ibidem

1279 2248 1327 2302 t.
1356 2240 1546 2316 XXX,
1577 2260 1638 2320 p.
1673 2252 1812 2304 307.
1842 2243 2111 2322 Sigillum
2142 2244 2305 2323 quod
2332 2244 2706 2322 appendebat
2729 2243 2952 2323 perlit.)

1135 2427 1528 2518 Conradus,
1567 2428 1712 2500 divi
1755 2429 2030 2520 augusti
2070 2427 2506 2523 imperatoris
2554 2427 2880 2500 Friderici
2921 2425 3140 2518 filius,
3176 2426 3305 2500 Dei
3339 2426 3561 2520 gratia
3595 2427 3847 2500 Roma·

1037 2570 1290 2621 norum
1319 2549 1389 2621 in
1423 2572 1657 2643 regem
1694 2553 1955 2623 electus
1975 2604 1994 2642 ,
2030 2572 2309 2647 semper
2336 2560 2674 2644 augustus
2700 2562 2772 2623 et
2806 2551 3010 2622 heres
3037 2552 3234 2643 regni
3271 2551 3675 2624 Jerusalem.
3718 2551 3849 2621 Per

1037 2694 1323 2767 presens
1365 2673 1699 2770 scriptum
1731 2685 1972 2748 notum
2028 2674 2318 2746 facimus
2352 2674 2697 2746 universis
2727 2675 2918 2768 quod
2948 2696 3077 2747 nos
3120 2695 3248 2770 pro
3289 2672 3679 2747 reverentia
3720 2672 3846 2744 Dei

1032 2819 1240 2869 usum
1304 2799 1606 2871 nemoris
1659 2799 1849 2894 quod
1906 2813 2196 2871 vocatur
2256 2798 2540 2871 Aicholz
2593 2797 2698 2898 (a)
2762 2820 2978 2895 prope
3031 2798 3324 2893 Mozmyl
3343 2851 3363 2888 ,
3423 2797 3845 2870 monasterio

1032 2920 1265 2993 Sancti
1307 2923 1602 3018 Spiritus
1643 2923 1714 2993 in
1759 2922 2115 3017 Pollingen
2165 2921 2494 2994 duximus
2543 2920 3080 2994 misericorditer
3122 2919 3684 3011 concedendum,
3721 2920 3839 3013 jus

1030 3045 1536 3118 advocaticium
1566 3048 1628 3139 ej
1637 3046 1880 3118 usdem
1908 3046 2211 3118 nemoris
2241 3045 2445 3119 nobis
2474 3045 2864 3140 nostrisque
2891 3044 3139 3116 futuris
3167 3041 3541 3116 heredibus
3572 3054 3644 3115 et
3677 3064 3835 3115 suc-

1029 3170 1418 3241 cessoribus
1459 3180 1917 3241 reservanteS.
1969 3167 2078 3241 Ad
2123 3170 2323 3263 cujus
2362 3169 2465 3240 rei
2508 3168 2912 3241 memoriam
2960 3189 3244 3263 presens
3290 3166 3623 3262 scriptum
3679 3165 3842 3238 inde

1028 3290 1178 3362 fieri
1211 3302 1282 3364 et
1312 3292 1535 3384 sigillo
1564 3306 1801 3365 nostro
1831 3294 2162 3385 jussimus
2196 3292 2634 3365 communiri.

1125 3416 1378 3485 Datum
1410 3413 1748 3507 Auguste,
1787 3437 1973 3488 anno
2005 3416 2350 3489 dominice
2395 3416 2885 3509 incarnationis
2917 3417 3011 3489 M.
3036 3416 3157 3489 CC.
3181 3417 3270 3506 L,
3302 3436 3547 3487 mense
3580 3414 3837 3505 martii,

1027 3547 1274 3610 octave
1301 3537 1718 3610 indictionis,

627 4098 936 4200 ⁸⁰Qf¹¹²
1132 4088 1530 4172 Conradus
1551 4151 1573 4195 ‚
1637 4085 2157 4172 Romanorum
2221 4088 2300 4168 in
2372 4113 2630 4198 regem
2687 4085 3005 4194 electuS,
3072 4082 3445 4193 hospitale
3515 4083 3834 4165 Sanctae

1020 4222 1296 4305 Mariae
1343 4220 1422 4301 in
1470 4221 1935 4330 Nordlingen
1987 4220 2085 4303 ab
2136 4219 2495 4303 omnibus
2530 4218 2929 4328 precariiS,
2970 4215 3487 4299 exactionibus
3529 4226 3602 4297 et
3636 4214 3829 4324 qui-

1016 4353 1350 4437 buslibet
1383 4352 1707 4462 publicis
1745 4353 2063 4437 servitiis
2101 4353 2354 4435 curiae
2392 4378 2573 4435 suae
2607 4359 2968 4460 perpetuo
3004 4349 3291 4433 eximit.

1179 4568 1378 4643 (mid.
1395 4568 1555 4629 Dm.
1576 4568 1762 4628 Enna.
1785 4568 1981 4646 Doni»,
2012 4564 2394 4628 Grandlicher
2413 4563 2647 4626 Bericht
2671 4582 2780 4626 von
2798 4561 3179 4645 Nordlinqm,
3201 4561 3479 4641 Anhang,
3496 4571 3563 4622 n⁰
3580 4558 3822 4638 LXIV.)

1096 4726 1177 4807 (a)
1222 4729 1293 4789 In
1321 4729 1603 4806 impresso
1628 4730 1828 4789 minus
1850 4733 2006 4789 recte
2032 4724 2287 4806 Licholz,
2316 4726 2494 4787 hodie
2520 4721 2817 4786 Eichlzolz,
