4525 6031
1601 701 1861 760 INDEX
1918 700 2629 762 DOCUMENTORUM.
3382 706 3543 767 1003

727 895 947 971 124⁷

1545 1029 1744 1089 trabat
1770 1031 1847 1090 ab
1874 1034 2036 1091 omni
2064 1030 2374 1091 affinitatis
2409 1030 2639 1090 foedere
2665 1045 2804 1089 cum
2843 1029 3140 1090 FriderIco
3170 1031 3247 1090 ab
3281 1031 3539 1092 Ecclesia

1544 1125 1859 1204 damnate,
1907 1129 2163 1188 suadens
2206 1144 2284 1187 ne
2326 1130 2770 1187 matrimonium
2810 1126 2968 1186 filiae
3015 1143 3156 1187 suae
3197 1144 3334 1188 cum
3376 1127 3541 1188 Cun-

1545 1222 1688 1281 rado
1741 1225 2006 1301 ejusdem
2056 1225 2425 1301 imperatoris
2477 1223 2600 1283 filio
2654 1223 2732 1284 ad
2784 1224 3351 1284 consummationem
3402 1241 3537 1300 per-

1546 1318 1746 1380 ducat.
3417 1330 3535 1382 446

719 1434 792 1486 ²3
817 1432 936 1485 oet,
1094 1426 1331 1489 Krems,
1471 1414 1606 1477 otto
1631 1434 1811 1476 comes
1836 1416 1907 1477 de
1933 1415 2270 1491 Eberstein,
2306 1418 2539 1495 imperii
2562 1433 2676 1496 per
2701 1415 3003 1476 Ameriam
3050 1424 3105 1478 ct
3139 1418 3405 1495 Styriam
3434 1436 3537 1478 ca-

1530 1514 1836 1593 pitaneus,
1880 1517 2181 1592 judicibus
2227 1517 2291 1575 in
2342 1516 2430 1575 La
2473 1523 2533 1575 et
2585 1519 2646 1575 in
2699 1514 3013 1575 Machland
3063 1521 3125 1574 et
3178 1515 3416 1576 officiali
3469 1520 3536 1577 in

1544 1611 1992 1672 Strantzendorf
2032 1613 2281 1672 mandat
2314 1629 2388 1672 ne
2433 1613 2616 1672 uliam
2651 1613 3122 1688 jurisdictionem
3166 1616 3229 1672 in
3279 1614 3536 1689 praediis

1543 1711 1818 1769 ecciesiae
1856 1710 2059 1769 Sancti
2100 1709 2392 1769 Jobannis
2435 1711 2498 1768 in
2546 1709 2905 1769 Walthusen
2942 1708 3243 1769 vindicare
3288 1726 3532 1785 praesu-

717 1775 937 1851 1248
1543 1813 1731 1863 mant.
3411 1816 3528 1866 573

714 1911 782 1962 12
815 1904 941 1964 dec.
1025 1907 1204 1985 Apud
1234 1909 1400 1970 Linz,
1470 1898 1606 1961 otto
1632 1898 1756 1960 dux
1783 1902 2086 1977 Bavariae,
2117 1902 2348 1981 imperii
2358 1918 2473 1979 per
2491 1900 2792 1960 Austriam
2813 1905 2869 1960 et
2887 1900 3152 1978 Styriam
3170 1902 3527 1980 capitaneus,

1543 1999 1816 2059 omnibus
1844 1999 2217 2059 theloneariis
2252 2002 2316 2058 in
2353 1999 2620 2075 partibus
2656 1998 2931 2057 Austriae
2969 1999 3256 2075 praecipit
3282 2007 3351 2058 ut
3382 2000 3529 2059 nihil

1542 2097 1784 2172 exigant
1841 2102 2045 2155 contra
2109 2102 2373 2155 tenorem
2447 2094 2885 2171 privilegiorum
2955 2098 3272 2155 conventui
3330 2096 3528 2157 Sancti

711 2156 959 2274 1249-
1540 2190 1829 2250 Johannis
1857 2194 1917 2249 in
1946 2191 2305 2251 Waithusen
2335 2191 2723 2249 indultorum.
3121 2199 3259 2262 573,
3292 2198 3419 2253 not.
3468 2202 3521 2253 1.

689 2293 756 2343 81
799 2289 958 2346 maii.
1129 2295 1303 2370 Apud
1460 2283 1768 2365 Philippus
1796 2285 1866 2346 de
1891 2285 2226 2361 Hohinveh,
2258 2283 2577 2365 imperialis
2610 2283 2781 2346 aulae
2815 2288 3198 2366 camerarius,
3233 2289 3526 2349 universis

1014 2390 1426 2467 Boppardiam‚
1538 2385 1872 2443 teloneariis
1909 2384 2021 2443 sub
2061 2401 2167 2444 sua
2209 2388 2618 2459 procuratione
2649 2384 3037 2444 existentibus
3081 2384 3324 2443 mandat
3362 2387 3523 2461 quod

1538 2497 1720 2539 naves
1745 2481 1957 2540 domus
1982 2480 2438 2541 Teutonicorum
2462 2484 2526 2540 in
2553 2481 2921 2542 confluentia
2952 2497 3054 2557 per
3082 2482 3310 2547 Renum
3344 2484 3524 2542 libere

1536 2580 1787 2637 transire
1815 2580 2168 2653 permittant.
3271 2576 3278 2586 '
3404 2589 3523 2639 734

705 2678 779 2728 ²4
807 2686 925 2748 aug
931 2715 1424 2744 ,,,,,,,,
1462 2673 1834 2735 Meinhardus
1861 2693 2038 2735 comes
2070 2675 2345 2748 Gor-iliae,
2376 2672 2693 2753 imperialis
2719 2675 2956 2756 Scyriae
2985 2675 3338 2756 capitaneus,
3370 2679 3519 2738 Her·

1537 2789 1758 2832 manno
1785 2775 1990 2832 comiti
2026 2775 2099 2833 de
2140 2774 2500 2852 Ortemburg
2535 2774 2837 2849 praedium
2876 2777 3208 2850 provinciae
3247 2778 3310 2833 in
3343 2774 3520 2836 Graz-

713 2843 932 2919 1250
1536 2870 1637 2945 lup
1667 2887 1772 2945 pro
1802 2871 2059 2945 quadam
2088 2887 2319 2930 summa
2349 2874 2629 2945 pecuniae
2656 2871 2895 2949 obligat.
3123 2881 3262 2949 753,
3292 2879 3419 2934 not.
3460 2884 3515 2933 1.

687 2979 761 3031 22
801 2973 932 3048 julii
942 3014 1425 3035 ........
1463 2965 1618 3026 Cono
1640 2964 1708 3026 de
1728 2965 2020 3026 Bercheim
2037 2985 2174 3027 cum
2200 2967 2501 3027 Matthaeo
2530 2968 2677 3027 duce
2705 2959 3121 3046 Letharingiae
3147 2969 3518 3029 concordiam

1536 3067 1658 3139 agit
1684 3064 1975 3123 decastro
2016 3064 2309 3140 Estupbin
2349 3071 2410 3123 et
2444 3065 2796 3139 appenditiis
2823 3068 2984 3144 ejus,
3024 3071 3323 3125 reservato
3359 3068 3520 3144 quod

1535 3163 1749 3235 poterit
1785 3163 1995 3235 juvare
2039 3160 2401 3219 Fridericum
2444 3163 2889 3236 imperatorem,
2934 3177 3131 3238 regem
3179 3161 3518 3223 Conradum

1534 3255 1721 3315 filium
1753 3261 1911 3334 ejuS,
1956 3256 2336 3333 Rudoiphum
2372 3256 2444 3316 de
2489 3256 2804 3335 Habsburg
2840 3263 2900 3318 et
2937 3256 3204 3318 Utricum
3241 3260 3314 3319 de
3356 3260 3517 3337 Rap-

1533 3355 1805 3431 polstein.
3401 3367 3433 3416 7
3442 3368 3515 3419 78

680 3454 935 3514 novemb
940 3494 1423 3514 ........
1461 3449 1810 3510 Universitas
1852 3449 2060 3509 civium
2099 3449 2331 3508 Brisaei
2375 3449 2644 3509 notificat
2697 3450 2861 3526 quod
2903 3453 2954 3510 si
2993 3452 3264 3513 civitates
3316 3471 3516 3516 secum

1472 3593 1476 3596 .
1534 3554 1867 3625 conjuratas
1898 3548 1974 3607 ab
2005 3551 2354 3624 imperatore
2388 3546 2684 3606 Friderico
2719 3548 2988 3608 recedere
3014 3553 3346 3628 contingat,
3385 3570 3517 3612 eas-

1533 3662 1649 3721 que
1685 3647 1869 3705 alium
1911 3646 2217 3705 dominum
2260 3644 2501 3721 eligere,
2540 3661 2602 3703 se
2638 3645 2789 3704 nulii
2823 3646 2939 3705 aiio
2982 3664 3163 3723 quam
3201 3648 3515 3709 Betthoido

1532 3742 1836 3803 Basiiiensi
1896 3746 2168 3820 episcopo
2229 3748 2291 3802 et
2343 3742 2618 3801 ecclesiae
2672 3745 2801 3819 ejus
2863 3743 3206 3805 submittere
3260 3763 3513 3807 consen-

1536 3842 1701 3900 tient.
3397 3854 3511 3904 800
