4525 6031
767 779 908 833 4496

766 1443 906 1500 4499

771 1632 910 1688 4200

772 1920 912 1977 4207

772 2398 912 2454 4209

1637 643 1891 705 INDEX
1939 642 2658 706 CHRONOLOGICUS.
3509 640 3664 703 1055

1148 777 1218 833 28
1241 773 1375 848 julii.
1544 773 1702 847 Apud
1730 772 2042 831 Taurinum.
2189 773 2457 831 muricus
2486 772 2577 842 VI,
2614 770 2706 844 qui
2741 785 2926 843 supra,
2960 770 3320 828 Romanorum
3352 769 3661 844 imperator,

2612 882 2713 942 pro
2730 865 3131 940 archiepiscopo
3144 865 3501 925 Musteriensi.
3512 845 3576 922 T.
3592 866 3660 932 11,

2604 979 2663 1035 p.
2695 965 2819 1018 564.

1158 1063 1220 1119 24
1263 1065 1368 1117 oct.
1584 1058 1743 1133 Apud
1774 1060 2007 1118 Mentem
2329 1089 2397 1101 —
2611 1059 2975 1115 Romanorum
2992 1056 3301 1130 imperator,
3324 1073 3423 1132 pro
3440 1056 3666 1115 ecclam

1620 1155 1953 1213 Flasconom.
2603 1154 2894 1229 episcopali
2919 1154 3156 1212 Arotina.
3187 1155 3252 1210 T.
3284 1154 3354 1224 11,
3382 1171 3440 1228 p.
3467 1156 3598 1211 509.

1156 1250 1226 1306 28
1255 1253 1360 1307 oct.
1576 1248 1735 1323 Apud
1768 1250 2002 1307 Mantum
2321 1281 2392 1293 —
2599 1252 2963 1318 Romanorum
2979 1250 3284 1323 imperator,
3318 1265 3419 1323 pro
3437 1247 3665 1306 ecclesia

1649 1346 1939 1404 masconia.
2606 1346 2895 1421 episeopali
2916 1346 3244 1404 Pistoriensi.
3274 1347 3338 1402 Τ.
3365 1346 3430 1417 11,
3451 1364 3509 1420 p.
3536 1348 3661 1405 528.

1144 1444 1214 1499 u
1237 1447 1377 1514 sept.
1523 1441 1685 1515 Apud
1713 1442 2057 1516 uagantium.
2187 1442 2476 1518 Philippus
2493 1444 2580 1515 11,
2602 1444 2967 1501 Romanorum
2997 1458 3112 1511 rex,
3140 1458 3241 1516 pro
3277 1441 3505 1500 ecclesia
3554 1441 3665 1516 opi-

2612 1538 2815 1612 soopali
2839 1537 3154 1595 Ristedensi.
3182 1538 3242 1593 T.
3278 1539 3370 1610 IV,
3400 1555 3456 1612 p.
3485 1542 3614 1597 540.

1157 1631 1228 1691 28
1248 1643 1374 1691 nov.
1580 1632 1739 1707 Apud
1775 1633 2004 1692 Ulmum.
2328 1664 2401 1677 —
2611 1634 2969 1692 Romanorum
2995 1650 3111 1704 rex,
3138 1650 3238 1707 pro
3259 1633 3484 1691 eeclesia
3504 1634 3666 1692 Sanc-

2617 1735 2703 1788 tae
2737 1729 2924 1787 Crucis
2950 1730 3095 1804 apud
3137 1731 3450 1803 Augustam.
3481 1731 3545 1788 T.
3574 1730 3664 1801 IV,
3775 1765 3783 1771 -

2611 1842 2669 1901 p.
2702 1828 2827 1884 679.

1160 1922 1220 1977 34
1251 1921 1364 1995 jan.
1520 1920 1677 1995 Apud
1704 1920 2061 2001 Gelahausan.
2330 1953 2401 1965 —
2617 1922 2980 1978 Romanorum
3025 1936 3141 1991 rex,
3196 1937 3296 1995 pro
3347 1923 3669 1981 monastario

2607 2016 3085 2075 sanctimonialium
3101 2016 3169 2074 do
3183 2015 3496 2076 Meirolden.
3516 2018 3583 2075 T.
3596 2017 3662 2089 V,

2604 2115 2854 2186 p.⁴⁴83.

1177 2209 1210 2263 8
1238 2221 1362 2281 aug.
1516 2206 1675 2281 Apud
1700 2206 2050 2282 Horbipolim.
2314 2238 2387 2251 -
2600 2208 2962 2265 Romanorum
2983 2222 3097 2276 rex,
3128 2223 3229 2281 pro
3250 2205 3466 2265 abbatia
3485 2206 3670 2265 Victo-

2607 2303 2792 2361 rionsi.
2817 2304 2885 2362 T.
2907 2304 2974 2375 V,
3000 2320 3058 2378 p.
3090 2306 3214 2361 455.

1160 2400 1219 2454 44
1251 2398 1366 2472 jan.
1546 2397 1704 2473 Apud
1731 2399 2048 2472 Augustam.
2239 2399 2370 2458 Otto
2420 2399 2518 2471 IV,
2604 2399 2966 2457 Romanorum
3001 2415 3116 2471 rex,
3158 2414 3258 2472 pro
3293 2396 3516 2455 ecclesia
3553 2398 3666 2472 epi·

2601 2495 2799 2569 scopuli
2823 2494 3219 2553 Cameracenzi.
3243 2496 3309 2552 T.
3346 2494 3389 2566 1,
3419 2511 3476 2569 p.
3513 2496 3639 2553 403.

1171 2589 1342 2664 junio.
1579 2590 1740 2666 Apud
1773 2589 2005 2665 Spiram.
2325 2620 2399 2638 —
2602 2591 2959 2648 Romanorum
3006 2607 3101 2648 rex
3117 2633 3133 2662 ‚
3188 2605 3288 2664 pro
3336 2589 3550 2649 abbatia
3597 2590 3669 2650 da

2609 2685 2920 2760 Otterburg.
2947 2688 3011 2744 T.
3043 2687 3136 2757 IV,
3165 2702 3223 2759 p.
3256 2687 3381 2744 646.

1026 2858 1033 2865 .
1155 2785 1216 2836 ⁴⁰
1239 2788 1381 2857 sept.
1482 2782 1542 2840 Iu
1559 2782 1752 2841 eastris
1769 2782 1828 2840 in
1852 2782 2119 2843 territorio
2332 2812 2405 2825 —
2608 2781 2967 2840 Romanorum
2992 2798 3108 2855 rex,
3147 2799 3247 2857 pro
3271 2780 3393 2840 filiis
3414 2781 3663 2851 Rainorii,

1626 2879 1961 2938 Bononiensi.
2608 2878 2820 2937 comitis
2845 2879 2914 2937 do
2939 2879 3234 2938 Blandum.
3263 2879 3327 2936 T.
3359 2879 3423 2949 v,
3447 2894 3507 2952 p.
3536 2880 3663 2936 200.
