4525 6031
1793 681 2418 746 Annl'rAMENTA.
3386 689 3516 751 905

684 845 945 907 meum
982 817 1225 902 Peche
1268 815 1580 898 nuntios
1630 814 1927 898 mittere
1983 841 2160 899 cum
2212 826 2583 926 potestate
2636 818 2948 902 ineundi
2994 819 3263 903 foedus
3313 821 3515 904 inter

688 981 770 1039 se
803 964 879 1039 et
914 952 1449 1061 imperatorem
1485 948 1869 1031 eumdem.

854 1192 1043 1273 (Edit.
1074 1210 1173 1271 ap.
1202 1194 1446 1265 Brun,
1477 1188 1754 1266 Foedera,
1785 1186 2014 1251 litterae
2039 1196 2099 1252 et
2122 1197 2256 1252 acta
2273 1189 2533 1272 publica,
2564 1199 2612 1255 t.
2648 1196 2699 1273 1,
2731 1213 2792 1273 p.
2822 1203 2962 1255 247.
2998 1183 3363 1258 Cl'.'alteram
3391 1200 3512 1275 epi·

927 1299 1142 1361 stolam
1163 1315 1343 1377 quam
1371 1314 1554 1375 supra
1581 1297 1896 1376 edidimus,
1926 1315 1987 1375 p.
2023 1296 2151 1377 52.)

784 1515 1083 1590 Domino
1118 1514 1521 1609 imperatori
1564 1511 1940 1603 HenricuS,
1982 1514 2106 1584 Dei
2143 1514 2367 1604 gratia
2405 1535 2535 1585 rex
2564 1513 2850 1607 Anglie,
2887 1526 3056 1608 etc„
3101 1518 3397 1589 salutem
3443 1530 3515 1591 et

689 1641 995 1712 fraterne
1033 1636 1424 1710 dilectionis
1454 1656 1727 1730 semper
1761 1646 2240 1727 augmentum.
2276 1636 2611 1708 Mittimus
2646 1638 2740 1709 ad
2781 1660 2907 1709 vos
2947 1639 3355 1731 magistrum
3385 1622 3517 1712 Pe-

691 1775 872 1836 trum
917 1763 1006 1839 de
1039 1761 1428 1852 Burdegala
1462 1769 1533 1830 et
1566 1759 2129 1830 Bartholomeum
2165 1760 2254 1831 de
2289 1759 2514 1832 Peche
2546 1761 2637 1832 ad
2675 1762 3112 1834 tractandum
3155 1764 3516 1835 vobiscum

691 1909 903 1983 super
945 1885 1364 1979 quibusdam
1423 1884 1772 1975 articuliS,
1830 1883 1919 1955 de
1975 1884 2230 1976 quibus
2294 1884 2670 1977 aliquando
2723 1907 2850 1980 per
2901 1887 3195 1958 nuncios
3243 1898 3516 1960 vestros

693 2020 1026 2083 tractatus
1051 2009 1329 2080 habitus
1365 2009 1495 2080 fuit
1526 2009 1926 2098 nobiscum3
1969 2007 2416 2079 serenitatem
2457 2018 2762 2079 vestram
2803 2020 3126 2100 rogantes
3167 2022 3515 2104 quatenus

691 2157 902 2230 super
941 2134 1077 2204 illis
1126 2154 1263 2226 que
1319 2153 1413 2203 ex
1452 2142 1648 2228 parte
1705 2142 1945 2204 nostra
1997 2131 2198 2203 vobis
2247 2131 2738 2226 exposuerint,
2788 2130 3001 2204 fidem
3050 2134 3512 2208 indubitatam

691 2257 1021 2331 adhibere
1050 2256 1283 2328 velitis
1315 2256 1606 2328 eisdem.

787 2383 989 2453 Teste
1022 2401 1187 2474 rege
1224 2380 1414 2475 apud
1440 2380 1867 2469 XanctonaS,
1907 2379 2090 2451 XVII
2124 2377 2241 2451 die
2258 2379 2439 2471 junii
2475 2376 2686 2476 [anno
2716 2379 2989 2478 XXVIJ.

786 2643 939 2715 Rex
969 2640 1326 2729 omnibuS,
1368 2650 1537 2731 etc.,
1580 2641 1903 2710 salutem.
1936 2638 2184 2711 Sciatis
2215 2638 2408 2731 quod
2437 2639 2716 2734 plenam
2750 2649 3162 2734 potestatem
3194 2641 3515 2716 dedimus

691 2767 1020 2860 magistro
1054 2767 1257 2837 Petro
1296 2762 1385 2836 de
1417 2764 1809 2856 Burdegala
1845 2774 1917 2834 et
1945 2762 2435 2835 Bartholomeo
2479 2762 2703 2834 Peche
2743 2764 2859 2835 vel
2900 2765 3096 2835 alteri
3140 2786 3416 2859 eorum,
3455 2769 3514 2841 si

691 2890 897 2962 ambo
926 2896 1286 2984 presentes
1313 2907 1453 2958 non
1488 2887 1773 2974 fuerint,
1812 2886 2098 2958 ineundi
2129 2887 2334 2959 fedus
2362 2887 2542 2958 inter
2568 2887 2997 2958 carissimum
3031 2890 3312 2960 fratrem
3350 2913 3513 2964 nos·

695 3025 875 3089 trum
917 3010 1434 3085 serenissimum
1477 3010 1860 3106 principem
1894 3010 2335 3083 Fredericum
2385 3010 2854 3083 Romanorum
2905 3012 3391 3110 imperatorem
3444 3029 3516 3090 et

692 3160 820 3211 nos
856 3167 873 3210 ε
913 3136 1105 3230 quod
1136 3157 1264 3208 nos
1289 3135 1519 3231 ipsum
1548 3136 2038 3231 imperatorem
2058 3136 2308 3227 juvare
2342 3135 2728 3208 debeamus
2760 3137 2852 3209 ad
2877 3139 3037 3229 jura
3068 3159 3193 3210 sua
3228 3143 3509 3234 perqui-

690 3263 910 3335 renda
948 3270 1191 3334 contra
1219 3281 1461 3332 omnes
1494 3259 1845 3350 homines,
1884 3269 1954 3330 et
1983 3259 2176 3353 quod
2206 3259 2395 3331 idem
2429 3260 2808 3355 imperator
2837 3261 2991 3333 vice
3030 3284 3234 3334 versa
3264 3266 3515 3355 juvare

692 3387 947 3462 debeat
990 3406 1120 3457 nos
1164 3383 1251 3456 ad
1285 3385 1447 3476 jura
1477 3394 1713 3455 nostra
1743 3383 2211 3478 perquirenda
2247 3393 2492 3456 contra
2525 3406 2769 3456 omnes
2804 3384 3147 3459 homines.
3195 3390 3274 3459 In
3313 3391 3515 3481 cujus

691 3513 793 3585 rei
823 3507 1291 3582 testimonium
1317 3562 1337 3600 ,
1376 3518 1515 3579 etc.

788 3636 989 3707 Teste
1024 3653 1189 3726 rege
1225 3631 1414 3727 apud
1439 3632 1867 3721 XanctonaS,
1903 3631 1965 3703 V
1996 3630 2109 3702 die
2135 3631 2320 3723 julii,
2363 3654 2489 3727 per
2520 3635 2845 3706 comitem
2872 3635 3202 3728 Marchie,
3233 3659 3360 3732 per
3394 3660 3514 3711 co·

693 3759 930 3833 mitem
959 3755 1280 3829 Flandrie
1313 3766 1382 3827 et
1412 3754 1724 3826 Hauonie
1762 3764 1832 3825 et
1865 3775 1992 3849 per
2021 3754 2346 3827 comitem
2378 3756 2777 3829 Ricardum.

795 4356 1208 4464 Henricu5‚
1261 4354 1585 4466 Angliae
1632 4380 1806 4460 rex,
1853 4352 2236 4438 Friderico
2284 4350 2723 4462 imperatori
2773 4352 3266 4463 conqueritur
3306 4356 3519 4464 quod

689 4516 944 4576 comes
1016 4490 1440 4574 Tolosanus
1498 4498 1672 4599 post
1722 4488 1992 4571 foedus
2048 4486 2484 4569 solemniter
2547 4485 2827 4567 initum
2871 4511 2919 4568 a
2964 4485 3323 4569 fidelitate
3379 4514 3521 4571 sua

689 4623 1082 4709 recesserit
1137 4634 1211 4707 et
1263 4623 1426 4733 regi
1474 4620 1835 4704 Franciae
1890 4618 2325 4704 adversario
2375 4644 2516 4702 suo
2572 4618 3035 4724 adhaeserit,
3082 4619 3520 4728 supplicans

691 4758 902 4868 quod
956 4756 1103 4840 sibi
1154 4755 1392 4839 consil
1400 4755 1562 4839 ium
1616 4753 1976 4864 praebeat
2026 4761 2544 4862 opportunum
2598 4760 2674 4834 et
2725 4750 2997 4835 ultima
3050 4750 3284 4835 verba
3340 4752 3520 4837 Isa-

3588 4344 3887 4452 Burssffim
3898 4431 3916 4454 ,

3634 4454 3663 4496 8
3673 4454 3873 4506 ,ἱαπιιήί
