4525 6031
1030 678 1158 741 982
1966 675 2220 736 INDEX
2270 672 2973 735 nochEN'romm.

1052 848 1292 958 134⁷

1035 1025 1042 1032 ·
1071 1019 1109 1070 4
1136 1014 1271 1087 jan.
1409 1007 1710 1086 Lugduni.
1810 1040 1889 1052 -
1930 1007 2164 1068 Oddoni
2200 1006 2543 1067 Tusculano
2578 1007 2849 1082 episcopo
2890 1003 3258 1083 Apostolicae
3295 1000 3466 1062 Sedis
3504 1005 3699 1082 legato
3735 1020 3883 1067 con·

1889 1105 2156 1180 queritur
2186 1103 2262 1162 de
2292 1102 2716 1162 afflictionibus
2740 1103 3037 1162 Ecclesiae
3071 1116 3225 1178 quae
3254 1115 3416 1159 nune
3450 1100 3527 1160 ab
3556 1102 3701 1178 Ipsis
3734 1100 3881 1162 flde-

1889 1201 2043 1261 libns
2069 1203 2404 1277 impetitur,
2434 1200 2794 1276 mandatque
2830 1198 3130 1277 quomodo
3156 1196 3451 1274 agendum
3490 1199 3570 1257 sit
3599 1198 3882 1260 adversus

1885 1296 2133 1358 barones
2161 1297 2448 1359 Franciae
2474 1295 2810 1357 libertatum
2848 1301 2911 1355 et
2947 1294 3393 1354 immunitatum
3423 1291 3720 1353 Ecclesiae
3748 1296 3878 1354 vio·

1883 1393 2119 1455 latores.
3756 1398 3875 1451 483

1054 1512 1128 1564 28
1151 1506 1280 1582 jan,
1401 1500 1704 1579 Lugduni,
1803 1522 1887 1536 --
1925 1490 2170 1550 Civibus
2234 1489 2765 1567 Argentinensibns
2813 1490 3109 1565 promittit
3156 1486 3320 1564 quod
3372 1503 3681 1563 nunquam
3736 1504 3873 1548 cum

1882 1589 2182 1649 Friderieo
2235 1605 2355 1665 pax
2412 1590 2525 1647 erit
2573 1605 2643 1647 eo
2691 1592 3030 1647 remanente
3072 1589 3425 1662 imperatore
3469 1586 3564 1644 vei
3603 1601 3768 1663 rege,
3814 1593 3876 1647 et

1881 1688 2154 1763 episeopo
2197 1687 2611 1763 Argentinensi
2649 1684 2894 1744 mandat
2932 1684 3094 1761 quod
3141 1683 3376 1742 eosdem
3421 1683 3586 1742 cives
3629 1698 3668 1742 a
3709 1690 3871 1743 reatu

1879 1787 2122 1862 perjurii
2157 1784 2320 1860 quod
2360 1786 2735 1844 incurrerunt
2766 1788 3006 1859 treugas
3041 1797 3181 1841 eum
3216 1779 3545 1840 fautoribus
3584 1779 3874 1841 Friderici

1876 1883 2054 1941 initas
2080 1881 2381 1957 violando,
2409 1880 2696 1940 absolvat.
3590 1886 3730 1953 489,
3753 1886 3870 1937 490

1043 1994 1078 2047 5
1100 1992 1273 2047 mart.
1397 1982 1689 2060 Lugduni.
1796 2009 1867 2023 —
1917 1979 2272 2049 Henricum,
2313 1994 2511 2055 regem
2552 1979 2760 2055 Cypri,
2794 1991 2831 2035 a
2858 1979 3196 2053 juramento
3220 1974 3524 2035 fidelitatis
3541 1976 3704 2051 quod
3730 1976 3871 2035 Fri-

1874 2075 2070 2134 derieo
2106 2075 2407 2152 quondam
2447 2075 2787 2150 imperatori
2823 2074 3147 2149 praestitit,
3176 2071 3463 2143 absolvit,
3496 2071 3783 2147 illumque
3809 2079 3872 2133 et

1873 2189 2120 2251 regnum
2148 2176 2281 2250 ejus
2307 2172 2421 2233 sub
2443 2189 2551 2233 sua
2568 2172 2927 2247 protectione
2943 2172 3211 2247 suscipit.
3748 2181 3867 2233 508

1024 2286 1095 2339 14
1123 2287 1292 2340 mart.
1396 2270 1700 2349 Lugduni.
1796 2301 1875 2316 -
1917 2270 2210 2331 Pandoii'o
2250 2271 2325 2329 de
2369 2269 2675 2330 Fasanella
2722 2276 2782 2329 et
2824 2269 2956 2329 aliis
2997 2270 3160 2346 regni
3188 2267 3489 2327 nobilibus
3516 2283 3657 2328 snae
3682 2273 3867 2345 partis

1873 2369 2036 2427 varia
2086 2372 2282 2428 eastra
2331 2367 2633 2445 concedit,
2687 2383 2876 2444 quum
2927 2381 3177 2444 regnum
3230 2365 3463 2427 Siciliae
3515 2381 3653 2444 rege
3703 2382 3868 2428 nunc

2073 2506 2091 2524 .
3743 2472 3863 2524 ⁵09

1041 2569 1270 2647 [mart]
1330 2603 1347 2620 .
1412 2605 1427 2621 .
1480 2604 1497 2622 .
1542 2605 1559 2623 .
1611 2606 1626 2623 .
1677 2608 1694 2625 .
1742 2606 1759 2622 .
1793 2470 2455 2622 -eaffitmlanemspus
2495 2560 2699 2621 scribit
2732 2567 2936 2620 contra
2982 2559 3381 2632 Fridericum,
3417 2575 3520 2619 eos
3553 2562 3866 2621 consolans

1870 2659 1945 2718 de
1971 2665 2161 2718 morte
2196 2657 2469 2732 Hem-ici,
2513 2661 2573 2716 in
2616 2673 2813 2735 regem
2844 2643 3246 2717 Romanorum
3277 2656 3475 2727 electi,
3507 2659 3865 2734 nuntiatque

1870 2773 1934 2815 se
1962 2758 2024 2814 in
2050 2755 2459 2815 Alemanniam
2485 2756 2723 2815 Petrum
2750 2756 2814 2816 S.
2839 2754 3076 2831 Georgii
3102 2754 3181 2813 ad
3209 2753 3418 2812 Velum
3436 2755 3701 2813 Aureum
3726 2754 3862 2814 dia-

1870 2869 2086 2912 conum
2139 2851 2492 2912 cardinalem
2544 2852 2842 2911 destinare
2887 2866 3026 2911 eum
3088 2851 3295 2927 plenae
3353 2851 3661 2929 legationis
3715 2852 3859 2913 offl-

1868 2952 1963 3010 eio
1981 2995 1998 3026 ‚
2027 2957 2141 3010 etc.
3736 2961 3858 3012 510

1042 3061 1078 3113 4
1100 3055 1265 3115 man,
1391 3047 1688 3125 Lugduni.
1791 3081 1868 3092 —
1909 3050 2165 3126 Aymoni
2222 3047 2467 3107 domino
2511 3047 2587 3106 de
2632 3047 2973 3107 Fulciniaco
3024 3053 3218 3125 grates
3265 3050 3387 3123 agit
3421 3047 3582 3124 qnod
3612 3051 3859 3110 viriliter

1867 3146 2161 3205 Ecclesiae
2182 3152 2390 3205 eontra
2415 3145 2781 3206 Fridericum
2810 3144 3110 3222 quondam
3138 3146 3549 3221 imperatorem
3583 3150 3851 3226 assistat,

1866 3257 2121 3317 eumque
2139 3248 2199 3300 et
2215 3248 2432 3302 terram
2455 3245 2583 3320 ejus
2601 3242 2715 3301 sub
2731 3245 3096 3317 protectione
3124 3241 3291 3301 Sedis
3313 3243 3681 3318 Apostolicae
3703 3248 3852 3305 reci-

1864 3341 1981 3414 pit,
2015 3345 2128 3397 ete.
3729 3351 3842 3404 ssi

1039 3445 1074 3496 7
1096 3440 1259 3499 maii.
1386 3433 1687 3511 Lugduni.
1788 3468 1860 3480 -
1906 3433 2196 3494 Cardinali
2214 3435 2414 3495 Sancti
2432 3436 2664 3514 Georgii
2694 3436 2770 3495 ad
2789 3436 3003 3495 Velum
3020 3436 3282 3495 Aureum
3312 3436 3555 3496 mandat
3578 3444 3647 3497 ut
3665 3441 3852 3513 possit

1863 3533 2128 3591 relaxare
2162 3536 2482 3593 sententias
2520 3534 2597 3592 ab
2640 3534 2826 3593 electo
2864 3535 3219 3594 Ferrariensi
3268 3535 3418 3594 latas
3453 3535 3527 3594 de
3556 3552 3675 3595 non
3701 3553 3848 3597 eon-

1861 3628 2147 3688 trahendo
2176 3632 2547 3688 matrimonio
2571 3632 2724 3689 inter
2742 3630 3132 3707 Margaretam
3148 3675 3162 3699 ,
3186 3633 3551 3706 imperatoris
3564 3632 3847 3694 Friderici

1860 3726 2043 3786 filiam
2064 3771 2078 3797 ,
2102 3732 2161 3785 et
2189 3727 2530 3796 Albertum,
2564 3729 2918 3788 marchionis
2944 3730 3257 3789 Misnensis
3282 3729 3498 3800 filium,
3530 3736 3643 3790 etc.
3730 3741 3846 3793 532

1036 3833 1069 3885 ’1
1093 3828 1256 3886 maii.
1381 3820 1680 3899 Lugduni.
1782 3856 1860 3867 -
1901 3824 2228 3883 Marehioni
2272 3824 2557 3883 Misnensi
2609 3826 2815 3883 scribit
2869 3825 3058 3900 quod,
3108 3826 3243 3885 licet
3298 3827 3523 3885 litteras
3563 3828 3847 3890 cardinali

1858 3922 2058 3982 Sancti
2123 3922 2360 3997 Georgii
2417 3924 2616 3981 mittat
2678 3923 2754 3981 de
2809 3924 3112 3982 sententiis
3163 3924 3527 3992 relaxandis,
3582 3928 3844 4001 puellam

1858 4016 2240 4092 Margaritam
2281 4016 2357 4074 ad
2399 4022 2622 4090 patrem
2668 4019 2794 4092 ipse
2831 4020 3126 4076 remittere
3161 4033 3280 4077 non
3327 4024 3672 4094 postponat,
3703 4026 3843 4098 quia

1856 4131 1976 4172 non
2009 4121 2202 4189 posset
2224 4115 2663 4173 matrimonium
2684 4113 3026 4190 hujusmodi
3052 4114 3320 4173 tolerare.
3724 4128 3840 4179 534

1004 4219 1079 4269 30
1112 4214 1276 4273 maii.
1375 4209 1674 4286 Lugduni.
1774 4241 1858 4254 —
1895 4210 2113 4269 Abbati
2139 4210 2591 4269 Windocinensi
2616 4210 2857 4268 mandat
2885 4210 3043 4285 quod
3072 4226 3208 4268 cum
3234 4210 3591 4288 Friderlcus,
3622 4212 3841 4274 Roma-

1856 4323 2069 4364 norum
2097 4308 2437 4380 imperator,
2463 4307 2721 4366 fautores
2744 4323 2882 4366 suos
2910 4307 3066 4380 apud
3086 4306 3527 4367 camberiacum
3544 4324 3837 4370 convoca·

1853 4405 2024 4474 verit,
2045 4419 2181 4461 cum
2206 4405 2353 4479 ipsis
2380 4403 2518 4462 inde
2544 4404 2903 4480 Lugdunum
2933 4403 3319 4479 profecturus,
3339 4407 3463 4480 ipse
3489 4404 3676 4464 abbas
3699 4422 3837 4468 eum

1852 4499 1985 4557 aliis
2030 4498 2260 4557 devotis
2302 4507 2538 4574 propter
2582 4499 2736 4559 hane
2782 4502 3146 4558 vocationem
3196 4500 3513 4575 plurimum
3540 4499 3838 4563 Ecelesiae

1848 4602 2210 4669 suspectam,
2265 4596 2342 4655 ad
2386 4598 2644 4673 primum
2690 4599 2968 4657 nuntium
3011 4597 3273 4657 celeriter
3301 4595 3668 4673 Apostolicae
3696 4599 3835 4659 Sedi

1850 4692 2184 4752 subveniat.
3713 4705 3830 4757 536

1002 4801 1073 4851 1³
1091 4790 1271 4865 iunii.
1372 4788 1672 4866 Lugduni.
1769 4819 1850 4835 -
1890 4789 1964 4848 ln
2007 4792 2608 4867 recompensationem
2644 4792 2993 4852 damnorum
3039 4808 3191 4869 quae
3230 4792 3671 4853 Camerinenses
3722 4810 3831 4869 pro
