<?xml version="1.0" encoding="UTF-8"?>
<!DOCTYPE html PUBLIC "-//W3C//DTD XHTML 1.0 Transitional//EN"
    "http://www.w3.org/TR/xhtml1/DTD/xhtml1-transitional.dtd">
<html xmlns="http://www.w3.org/1999/xhtml" xml:lang="en" lang="en">
 <head>
  <title>
</title>
<meta http-equiv="Content-Type" content="text/html;charset=utf-8" />
  <meta name='ocr-system' content='tesseract 3.04.00' />
  <meta name='ocr-capabilities' content='ocr_page ocr_carea ocr_par ocr_line ocrx_word'/>
</head>
<body>
  <div class='ocr_page' id='page_1' title='image "./historiadiploma01empegoog_0364.png"; bbox 0 0 4525 6031; ppageno 0'>
   <div class='ocr_carea' id='block_1_1' title="bbox 1055 672 2783 740">
    <p class='ocr_par' dir='ltr' id='par_1_1' title="bbox 1055 672 2783 740">
     <span class='ocr_line' id='line_1_1' title="bbox 1055 672 2783 740; baseline 0.002 -4"><span class='ocrx_word' id='word_1_1' title='bbox 1055 672 1178 736; x_wconf 81' lang='lat'><strong>906</strong></span> <span class='ocrx_word' id='word_1_2' title='bbox 2160 677 2783 740; x_wconf 76' lang='lat' dir='ltr'><strong>Annt&#39;rAMEN&#39;rA.</strong></span> 
     </span>
    </p>
   </div>
   <div class='ocr_carea' id='block_1_2' title="bbox 1057 804 3883 1055">
    <p class='ocr_par' dir='ltr' id='par_1_2' title="bbox 1057 804 3883 1055">
     <span class='ocr_line' id='line_1_2' title="bbox 1058 804 3883 917; baseline 0.004 -29"><span class='ocrx_word' id='word_1_3' title='bbox 1058 804 1303 889; x_wconf 92' lang='lat' dir='ltr'><strong>bellae</strong></span> <span class='ocrx_word' id='word_1_4' title='bbox 1348 807 1843 917; x_wconf 83' lang='lat' dir='ltr'><strong>imperatricis</strong></span> <span class='ocrx_word' id='word_1_5' title='bbox 1899 811 2183 893; x_wconf 86' lang='lat' dir='ltr'><strong>sororis</strong></span> <span class='ocrx_word' id='word_1_6' title='bbox 2234 837 2418 895; x_wconf 91' lang='lat' dir='ltr'><strong>suae</strong></span> <span class='ocrx_word' id='word_1_7' title='bbox 2469 813 2567 895; x_wconf 91' lang='lat' dir='ltr'><strong>ad</strong></span> <span class='ocrx_word' id='word_1_8' title='bbox 2614 811 3063 894; x_wconf 82' lang='lat' dir='ltr'><strong>memoriam</strong></span> <span class='ocrx_word' id='word_1_9' title='bbox 3108 837 3461 896; x_wconf 89' lang='lat' dir='ltr'><strong>revocare</strong></span> <span class='ocrx_word' id='word_1_10' title='bbox 3519 813 3728 896; x_wconf 88' lang='lat' dir='ltr'><strong>velit.</strong></span> <span class='ocrx_word' id='word_1_11' title='bbox 3771 815 3883 898; x_wconf 91' lang='lat' dir='ltr'><strong>De</strong></span> 
     </span>
     <span class='ocr_line' id='line_1_3' title="bbox 1057 940 3768 1055; baseline 0.002 -35"><span class='ocrx_word' id='word_1_12' title='bbox 1057 965 1140 1021; x_wconf 89' lang='lat' dir='ltr'><strong>re</strong></span> <span class='ocrx_word' id='word_1_13' title='bbox 1176 940 1441 1023; x_wconf 91' lang='lat' dir='ltr'><strong>eadem</strong></span> <span class='ocrx_word' id='word_1_14' title='bbox 1483 942 1742 1024; x_wconf 81' lang='lat' dir='ltr'><strong>scribit</strong></span> <span class='ocrx_word' id='word_1_15' title='bbox 1777 969 2083 1053; x_wconf 92' lang='lat' dir='ltr'><strong>quoque</strong></span> <span class='ocrx_word' id='word_1_16' title='bbox 2127 942 2350 1028; x_wconf 93' lang='lat' dir='ltr'><strong>Petro</strong></span> <span class='ocrx_word' id='word_1_17' title='bbox 2396 944 2489 1026; x_wconf 92' lang='lat' dir='ltr'><strong>de</strong></span> <span class='ocrx_word' id='word_1_18' title='bbox 2531 943 2765 1026; x_wconf 89' lang='lat' dir='ltr'><strong>Vinea</strong></span> <span class='ocrx_word' id='word_1_19' title='bbox 2809 952 2885 1026; x_wconf 92' lang='lat' dir='ltr'><strong>et</strong></span> <span class='ocrx_word' id='word_1_20' title='bbox 2918 942 3207 1055; x_wconf 87' lang='lat' dir='ltr'><strong>Eymae</strong></span> <span class='ocrx_word' id='word_1_21' title='bbox 3240 946 3339 1028; x_wconf 90' lang='lat' dir='ltr'><strong>de</strong></span> <span class='ocrx_word' id='word_1_22' title='bbox 3379 946 3768 1055; x_wconf 89' lang='lat' dir='ltr'><strong>Gumpeis.</strong></span> 
     </span>
    </p>
   </div>
   <div class='ocr_carea' id='block_1_3' title="bbox 1223 1142 3275 1225">
    <p class='ocr_par' dir='ltr' id='par_1_3' title="bbox 1223 1142 3275 1225">
     <span class='ocr_line' id='line_1_4' title="bbox 1223 1142 3275 1225; baseline 0.002 -21"><span class='ocrx_word' id='word_1_23' title='bbox 1223 1143 1416 1223; x_wconf 85' lang='lat' dir='ltr'><strong>(Edit.</strong></span> <span class='ocrx_word' id='word_1_24' title='bbox 1441 1162 1539 1222; x_wconf 89' lang='lat' dir='ltr'><strong>ap.</strong></span> <span class='ocrx_word' id='word_1_25' title='bbox 1577 1147 1814 1217; x_wconf 68' lang='lat' dir='ltr'><strong>Brun,</strong></span> <span class='ocrx_word' id='word_1_26' title='bbox 1843 1143 2118 1220; x_wconf 79' lang='lat' dir='ltr'><em>Foedera,</em></span> <span class='ocrx_word' id='word_1_27' title='bbox 2151 1142 2271 1206; x_wconf 74' lang='lat' dir='ltr'><strong>litt.</strong></span> <span class='ocrx_word' id='word_1_28' title='bbox 2304 1152 2360 1206; x_wconf 77' lang='lat' dir='ltr'><strong>et</strong></span> <span class='ocrx_word' id='word_1_29' title='bbox 2385 1152 2517 1206; x_wconf 79' lang='lat' dir='ltr'><strong>acta</strong></span> <span class='ocrx_word' id='word_1_30' title='bbox 2537 1142 2797 1225; x_wconf 71' lang='lat' dir='ltr'><strong>publica,</strong></span> <span class='ocrx_word' id='word_1_31' title='bbox 2834 1153 2877 1208; x_wconf 84' lang='lat' dir='ltr'><strong>t.</strong></span> <span class='ocrx_word' id='word_1_32' title='bbox 2918 1147 2977 1223; x_wconf 93' lang='lat'><strong>1,</strong></span> <span class='ocrx_word' id='word_1_33' title='bbox 3011 1164 3068 1225; x_wconf 86' lang='lat' dir='ltr'><strong>p.</strong></span> <span class='ocrx_word' id='word_1_34' title='bbox 3108 1144 3275 1225; x_wconf 81' lang='lat'><strong>250.)</strong></span> 
     </span>
    </p>
   </div>
   <div class='ocr_carea' id='block_1_4' title="bbox 1059 1316 3914 4878">
    <p class='ocr_par' dir='ltr' id='par_1_4' title="bbox 1059 1316 3914 4878">
     <span class='ocr_line' id='line_1_5' title="bbox 1160 1316 3883 1416; baseline 0.003 -29"><span class='ocrx_word' id='word_1_35' title='bbox 1160 1317 1527 1416; x_wconf 87' lang='lat' dir='ltr'><strong>[Henricus</strong></span> <span class='ocrx_word' id='word_1_36' title='bbox 1561 1316 1716 1416; x_wconf 85' lang='lat' dir='ltr'><strong>rex]</strong></span> <span class='ocrx_word' id='word_1_37' title='bbox 1748 1320 2029 1392; x_wconf 90' lang='lat' dir='ltr'><strong>domino</strong></span> <span class='ocrx_word' id='word_1_38' title='bbox 2068 1319 2469 1415; x_wconf 89' lang='lat' dir='ltr'><strong>imperatori</strong></span> <span class='ocrx_word' id='word_1_39' title='bbox 2498 1321 2793 1392; x_wconf 88' lang='lat' dir='ltr'><strong>salutem</strong></span> <span class='ocrx_word' id='word_1_40' title='bbox 2827 1330 2897 1392; x_wconf 91' lang='lat' dir='ltr'><strong>et</strong></span> <span class='ocrx_word' id='word_1_41' title='bbox 2928 1320 3196 1393; x_wconf 90' lang='lat' dir='ltr'><strong>sincere</strong></span> <span class='ocrx_word' id='word_1_42' title='bbox 3229 1320 3620 1393; x_wconf 83' lang='lat' dir='ltr'><strong>dilectionis</strong></span> <span class='ocrx_word' id='word_1_43' title='bbox 3655 1321 3883 1394; x_wconf 90' lang='lat' dir='ltr'><strong>incre·</strong></span> 
     </span>
     <span class='ocr_line' id='line_1_6' title="bbox 1059 1443 3887 1535; baseline 0.002 -24"><span class='ocrx_word' id='word_1_44' title='bbox 1059 1453 1397 1513; x_wconf 91' lang='lat' dir='ltr'><strong>mentum.</strong></span> <span class='ocrx_word' id='word_1_45' title='bbox 1437 1444 1770 1513; x_wconf 88' lang='lat' dir='ltr'><strong>Solatium</strong></span> <span class='ocrx_word' id='word_1_46' title='bbox 1808 1443 2010 1514; x_wconf 91' lang='lat' dir='ltr'><strong>nobis</strong></span> <span class='ocrx_word' id='word_1_47' title='bbox 2037 1444 2456 1514; x_wconf 81' lang='lat' dir='ltr'><strong>arbitramur</strong></span> <span class='ocrx_word' id='word_1_48' title='bbox 2484 1453 2555 1514; x_wconf 90' lang='lat' dir='ltr'><strong>et</strong></span> <span class='ocrx_word' id='word_1_49' title='bbox 2588 1444 2810 1514; x_wconf 90' lang='lat' dir='ltr'><strong>levius</strong></span> <span class='ocrx_word' id='word_1_50' title='bbox 2843 1453 3127 1535; x_wconf 90' lang='lat' dir='ltr'><strong>tangere</strong></span> <span class='ocrx_word' id='word_1_51' title='bbox 3154 1464 3282 1515; x_wconf 90' lang='lat' dir='ltr'><strong>nos</strong></span> <span class='ocrx_word' id='word_1_52' title='bbox 3311 1444 3620 1535; x_wconf 90' lang='lat' dir='ltr'><strong>videtur,</strong></span> <span class='ocrx_word' id='word_1_53' title='bbox 3640 1444 3697 1515; x_wconf 88' lang='lat' dir='ltr'><strong>si</strong></span> <span class='ocrx_word' id='word_1_54' title='bbox 3717 1466 3887 1516; x_wconf 89' lang='lat' dir='ltr'><strong>cau·</strong></span> 
     </span>
     <span class='ocr_line' id='line_1_7' title="bbox 1060 1566 3885 1664; baseline 0.001 -27"><span class='ocrx_word' id='word_1_55' title='bbox 1060 1588 1173 1637; x_wconf 89' lang='lat' dir='ltr'><strong>sas</strong></span> <span class='ocrx_word' id='word_1_56' title='bbox 1215 1566 1653 1637; x_wconf 87' lang='lat' dir='ltr'><strong>adversitatis</strong></span> <span class='ocrx_word' id='word_1_57' title='bbox 1697 1578 1932 1638; x_wconf 90' lang='lat' dir='ltr'><strong>nostre</strong></span> <span class='ocrx_word' id='word_1_58' title='bbox 1975 1567 2330 1638; x_wconf 90' lang='lat' dir='ltr'><strong>serenitati</strong></span> <span class='ocrx_word' id='word_1_59' title='bbox 2375 1578 2606 1639; x_wconf 86' lang='lat' dir='ltr'><strong>vestre</strong></span> <span class='ocrx_word' id='word_1_60' title='bbox 2652 1567 3284 1658; x_wconf 89' lang='lat' dir='ltr'><strong>communicamus;</strong></span> <span class='ocrx_word' id='word_1_61' title='bbox 3337 1577 3581 1664; x_wconf 83' lang='lat' dir='ltr'><strong>utpote</strong></span> <span class='ocrx_word' id='word_1_62' title='bbox 3631 1569 3754 1661; x_wconf 87' lang='lat' dir='ltr'><strong>qui</strong></span> <span class='ocrx_word' id='word_1_63' title='bbox 3795 1568 3885 1641; x_wconf 90' lang='lat' dir='ltr'><strong>de</strong></span> 
     </span>
     <span class='ocr_line' id='line_1_8' title="bbox 1059 1688 3885 1785; baseline 0.001 -26"><span class='ocrx_word' id='word_1_64' title='bbox 1059 1688 1574 1781; x_wconf 88' lang='lat' dir='ltr'><strong>magnificentia</strong></span> <span class='ocrx_word' id='word_1_65' title='bbox 1608 1699 1841 1761; x_wconf 89' lang='lat' dir='ltr'><strong>vestra</strong></span> <span class='ocrx_word' id='word_1_66' title='bbox 1883 1690 2276 1785; x_wconf 85' lang='lat' dir='ltr'><strong>specialiter</strong></span> <span class='ocrx_word' id='word_1_67' title='bbox 2312 1689 2726 1764; x_wconf 87' lang='lat' dir='ltr'><strong>confidimus</strong></span> <span class='ocrx_word' id='word_1_68' title='bbox 2778 1692 2970 1785; x_wconf 88' lang='lat' dir='ltr'><strong>quod</strong></span> <span class='ocrx_word' id='word_1_69' title='bbox 3023 1713 3115 1762; x_wconf 82' lang='lat' dir='ltr'><strong>ex</strong></span> <span class='ocrx_word' id='word_1_70' title='bbox 3160 1691 3525 1764; x_wconf 84' lang='lat' dir='ltr'><strong>affectione</strong></span> <span class='ocrx_word' id='word_1_71' title='bbox 3579 1693 3885 1763; x_wconf 86' lang='lat' dir='ltr'><strong>fraterna</strong></span> 
     </span>
     <span class='ocr_line' id='line_1_9' title="bbox 1059 1812 3884 1910; baseline 0.001 -27"><span class='ocrx_word' id='word_1_72' title='bbox 1059 1812 1263 1884; x_wconf 89' lang='lat' dir='ltr'><strong>nobis</strong></span> <span class='ocrx_word' id='word_1_73' title='bbox 1299 1815 1601 1908; x_wconf 87' lang='lat' dir='ltr'><strong>compati</strong></span> <span class='ocrx_word' id='word_1_74' title='bbox 1647 1813 1985 1885; x_wconf 79' lang='lat' dir='ltr'><strong>debeatis,</strong></span> <span class='ocrx_word' id='word_1_75' title='bbox 2039 1813 2213 1884; x_wconf 90' lang='lat' dir='ltr'><strong>Hinc</strong></span> <span class='ocrx_word' id='word_1_76' title='bbox 2246 1823 2354 1885; x_wconf 90' lang='lat' dir='ltr'><strong>est</strong></span> <span class='ocrx_word' id='word_1_77' title='bbox 2401 1814 2592 1908; x_wconf 88' lang='lat' dir='ltr'><strong>quod</strong></span> <span class='ocrx_word' id='word_1_78' title='bbox 2642 1814 2998 1886; x_wconf 87' lang='lat' dir='ltr'><strong>serenitati</strong></span> <span class='ocrx_word' id='word_1_79' title='bbox 3047 1825 3279 1886; x_wconf 85' lang='lat' dir='ltr'><strong>vestre</strong></span> <span class='ocrx_word' id='word_1_80' title='bbox 3320 1814 3639 1910; x_wconf 88' lang='lat' dir='ltr'><strong>cupimus</strong></span> <span class='ocrx_word' id='word_1_81' title='bbox 3678 1814 3884 1887; x_wconf 90' lang='lat' dir='ltr'><strong>inno·</strong></span> 
     </span>
     <span class='ocr_line' id='line_1_10' title="bbox 1064 1938 3888 2032; baseline 0.001 -24"><span class='ocrx_word' id='word_1_82' title='bbox 1064 1947 1326 2008; x_wconf 89' lang='lat' dir='ltr'><strong>tescere</strong></span> <span class='ocrx_word' id='word_1_83' title='bbox 1379 1938 1571 2031; x_wconf 93' lang='lat' dir='ltr'><strong>quod</strong></span> <span class='ocrx_word' id='word_1_84' title='bbox 1625 1960 1785 2009; x_wconf 89' lang='lat' dir='ltr'><strong>cum</strong></span> <span class='ocrx_word' id='word_1_85' title='bbox 1847 1960 2071 2032; x_wconf 91' lang='lat' dir='ltr'><strong>nuper</strong></span> <span class='ocrx_word' id='word_1_86' title='bbox 2123 1959 2254 2009; x_wconf 92' lang='lat' dir='ltr'><strong>nos</strong></span> <span class='ocrx_word' id='word_1_87' title='bbox 2308 1949 2379 2009; x_wconf 87' lang='lat' dir='ltr'><strong>et</strong></span> <span class='ocrx_word' id='word_1_88' title='bbox 2426 1940 2509 2009; x_wconf 90' lang='lat' dir='ltr'><strong>R.</strong></span> <span class='ocrx_word' id='word_1_89' title='bbox 2571 1959 2804 2009; x_wconf 89' lang='lat' dir='ltr'><strong>comes</strong></span> <span class='ocrx_word' id='word_1_90' title='bbox 2853 1938 3284 2011; x_wconf 89' lang='lat' dir='ltr'><strong>Tholosanus</strong></span> <span class='ocrx_word' id='word_1_91' title='bbox 3329 1939 3888 2030; x_wconf 88' lang='lat' dir='ltr'><strong>consanguineus</strong></span> 
     </span>
     <span class='ocr_line' id='line_1_11' title="bbox 1061 2061 3888 2155; baseline 0 -24"><span class='ocrx_word' id='word_1_92' title='bbox 1061 2072 1299 2132; x_wconf 89' lang='lat' dir='ltr'><strong>noster</strong></span> <span class='ocrx_word' id='word_1_93' title='bbox 1335 2061 1517 2132; x_wconf 90' lang='lat' dir='ltr'><strong>inter</strong></span> <span class='ocrx_word' id='word_1_94' title='bbox 1549 2082 1675 2132; x_wconf 89' lang='lat' dir='ltr'><strong>nos</strong></span> <span class='ocrx_word' id='word_1_95' title='bbox 1715 2061 1917 2133; x_wconf 86' lang='lat' dir='ltr'><strong>fedus</strong></span> <span class='ocrx_word' id='word_1_96' title='bbox 1950 2062 2250 2155; x_wconf 91' lang='lat' dir='ltr'><strong>speciale</strong></span> <span class='ocrx_word' id='word_1_97' title='bbox 2287 2061 2646 2150; x_wconf 82' lang='lat' dir='ltr'><strong>iniremus,</strong></span> <span class='ocrx_word' id='word_1_98' title='bbox 2690 2071 2760 2132; x_wconf 92' lang='lat' dir='ltr'><strong>et</strong></span> <span class='ocrx_word' id='word_1_99' title='bbox 2788 2061 2882 2132; x_wconf 87' lang='lat' dir='ltr'><strong>ita</strong></span> <span class='ocrx_word' id='word_1_100' title='bbox 2911 2082 3219 2133; x_wconf 90' lang='lat' dir='ltr'><strong>essemus</strong></span> <span class='ocrx_word' id='word_1_101' title='bbox 3250 2062 3343 2134; x_wconf 89' lang='lat' dir='ltr'><strong>ad</strong></span> <span class='ocrx_word' id='word_1_102' title='bbox 3376 2061 3675 2134; x_wconf 89' lang='lat' dir='ltr'><strong>invicem</strong></span> <span class='ocrx_word' id='word_1_103' title='bbox 3703 2083 3888 2134; x_wconf 86' lang='lat' dir='ltr'><strong>cou-</strong></span> 
     </span>
     <span class='ocr_line' id='line_1_12' title="bbox 1062 2182 3888 2278; baseline 0.001 -26"><span class='ocrx_word' id='word_1_104' title='bbox 1062 2183 1356 2254; x_wconf 87' lang='lat' dir='ltr'><strong>federati</strong></span> <span class='ocrx_word' id='word_1_105' title='bbox 1415 2183 1606 2276; x_wconf 90' lang='lat' dir='ltr'><strong>quod</strong></span> <span class='ocrx_word' id='word_1_106' title='bbox 1649 2184 1826 2253; x_wconf 90' lang='lat' dir='ltr'><strong>alter</strong></span> <span class='ocrx_word' id='word_1_107' title='bbox 1864 2184 2164 2253; x_wconf 91' lang='lat' dir='ltr'><strong>alterum</strong></span> <span class='ocrx_word' id='word_1_108' title='bbox 2213 2194 2457 2255; x_wconf 90' lang='lat' dir='ltr'><strong>contra</strong></span> <span class='ocrx_word' id='word_1_109' title='bbox 2499 2204 2777 2254; x_wconf 90' lang='lat' dir='ltr'><strong>omnem</strong></span> <span class='ocrx_word' id='word_1_110' title='bbox 2830 2182 3222 2273; x_wconf 90' lang='lat' dir='ltr'><strong>hominem,</strong></span> <span class='ocrx_word' id='word_1_111' title='bbox 3277 2184 3480 2256; x_wconf 89' lang='lat' dir='ltr'><strong>vobis</strong></span> <span class='ocrx_word' id='word_1_112' title='bbox 3535 2185 3888 2278; x_wconf 77' lang='lat' dir='ltr'><strong>exceptiS,</strong></span> 
     </span>
     <span class='ocr_line' id='line_1_13' title="bbox 1065 2306 3914 2404; baseline 0.001 -28"><span class='ocrx_word' id='word_1_113' title='bbox 1065 2307 1225 2377; x_wconf 91' lang='lat' dir='ltr'><strong>totis</strong></span> <span class='ocrx_word' id='word_1_114' title='bbox 1256 2306 1523 2377; x_wconf 89' lang='lat' dir='ltr'><strong>viribus</strong></span> <span class='ocrx_word' id='word_1_115' title='bbox 1549 2318 1794 2377; x_wconf 92' lang='lat' dir='ltr'><strong>mutuo</strong></span> <span class='ocrx_word' id='word_1_116' title='bbox 1823 2307 2104 2397; x_wconf 90' lang='lat' dir='ltr'><strong>juvaret</strong></span> <span class='ocrx_word' id='word_1_117' title='bbox 2139 2307 2231 2379; x_wconf 92' lang='lat' dir='ltr'><strong>ad</strong></span> <span class='ocrx_word' id='word_1_118' title='bbox 2260 2307 2574 2379; x_wconf 92' lang='lat' dir='ltr'><strong>inimicos</strong></span> <span class='ocrx_word' id='word_1_119' title='bbox 2608 2317 2881 2378; x_wconf 91' lang='lat' dir='ltr'><strong>nostros</strong></span> <span class='ocrx_word' id='word_1_120' title='bbox 2917 2307 3315 2400; x_wconf 89' lang='lat' dir='ltr'><strong>gravandos</strong></span> <span class='ocrx_word' id='word_1_121' title='bbox 3352 2318 3424 2379; x_wconf 91' lang='lat' dir='ltr'><strong>et</strong></span> <span class='ocrx_word' id='word_1_122' title='bbox 3452 2309 3613 2400; x_wconf 86' lang='lat' dir='ltr'><strong>jura</strong></span> <span class='ocrx_word' id='word_1_123' title='bbox 3650 2318 3914 2404; x_wconf 27' lang='lat' dir='ltr'><strong>nostra·</strong></span> 
     </span>
     <span class='ocr_line' id='line_1_14' title="bbox 1063 2432 3889 2529; baseline 0 -25"><span class='ocrx_word' id='word_1_124' title='bbox 1063 2433 1525 2504; x_wconf 91' lang='lat' dir='ltr'><strong>communiter</strong></span> <span class='ocrx_word' id='word_1_125' title='bbox 1579 2433 2094 2527; x_wconf 92' lang='lat' dir='ltr'><strong>recuperanda,</strong></span> <span class='ocrx_word' id='word_1_126' title='bbox 2149 2455 2283 2503; x_wconf 91' lang='lat' dir='ltr'><strong>nec</strong></span> <span class='ocrx_word' id='word_1_127' title='bbox 2316 2455 2443 2505; x_wconf 90' lang='lat' dir='ltr'><strong>nos</strong></span> <span class='ocrx_word' id='word_1_128' title='bbox 2476 2433 2625 2503; x_wconf 90' lang='lat' dir='ltr'><strong>sine</strong></span> <span class='ocrx_word' id='word_1_129' title='bbox 2664 2432 2814 2527; x_wconf 90' lang='lat' dir='ltr'><strong>ipso</strong></span> <span class='ocrx_word' id='word_1_130' title='bbox 2863 2443 2987 2503; x_wconf 91' lang='lat' dir='ltr'><strong>aut</strong></span> <span class='ocrx_word' id='word_1_131' title='bbox 3029 2433 3175 2528; x_wconf 92' lang='lat' dir='ltr'><strong>ipse</strong></span> <span class='ocrx_word' id='word_1_132' title='bbox 3212 2433 3361 2504; x_wconf 87' lang='lat' dir='ltr'><strong>sine</strong></span> <span class='ocrx_word' id='word_1_133' title='bbox 3403 2433 3605 2505; x_wconf 91' lang='lat' dir='ltr'><strong>nobis</strong></span> <span class='ocrx_word' id='word_1_134' title='bbox 3643 2454 3889 2529; x_wconf 88' lang='lat' dir='ltr'><strong>pacem</strong></span> 
     </span>
     <span class='ocr_line' id='line_1_15' title="bbox 1063 2539 3885 2652; baseline 0 -24"><span class='ocrx_word' id='word_1_135' title='bbox 1063 2578 1223 2628; x_wconf 89' lang='lat' dir='ltr'><strong>cum</strong></span> <span class='ocrx_word' id='word_1_136' title='bbox 1262 2578 1425 2649; x_wconf 91' lang='lat' dir='ltr'><strong>rege</strong></span> <span class='ocrx_word' id='word_1_137' title='bbox 1458 2556 1742 2628; x_wconf 88' lang='lat' dir='ltr'><strong>Francie</strong></span> <span class='ocrx_word' id='word_1_138' title='bbox 1774 2566 1895 2627; x_wconf 89' lang='lat' dir='ltr'><strong>aut</strong></span> <span class='ocrx_word' id='word_1_139' title='bbox 1929 2566 2243 2650; x_wconf 80' lang='lat' dir='ltr'><strong>treugam</strong></span> <span class='ocrx_word' id='word_1_140' title='bbox 2278 2557 2608 2628; x_wconf 90' lang='lat' dir='ltr'><strong>iniremus</strong></span> <span class='ocrx_word' id='word_1_141' title='bbox 2645 2587 2662 2628; x_wconf 73' lang='grc' dir='ltr'><strong><em>ε</em></strong></span> <span class='ocrx_word' id='word_1_142' title='bbox 2702 2556 2895 2651; x_wconf 89' lang='lat' dir='ltr'><strong>quod</strong></span> <span class='ocrx_word' id='word_1_143' title='bbox 2932 2557 3216 2650; x_wconf 90' lang='lat' dir='ltr'><strong>quidem</strong></span> <span class='ocrx_word' id='word_1_144' title='bbox 3254 2539 3518 2652; x_wconf 50' lang='lat' dir='ltr'><strong>&#39;scripto</strong></span> <span class='ocrx_word' id='word_1_145' title='bbox 3551 2568 3623 2629; x_wconf 92' lang='lat' dir='ltr'><strong>et</strong></span> <span class='ocrx_word' id='word_1_146' title='bbox 3656 2578 3885 2629; x_wconf 88' lang='lat' dir='ltr'><strong>sacra·</strong></span> 
     </span>
     <span class='ocr_line' id='line_1_16' title="bbox 1063 2679 3889 2776; baseline 0 -25"><span class='ocrx_word' id='word_1_147' title='bbox 1063 2690 1300 2751; x_wconf 90' lang='lat' dir='ltr'><strong>mento</strong></span> <span class='ocrx_word' id='word_1_148' title='bbox 1346 2680 1574 2751; x_wconf 86' lang='lat' dir='ltr'><strong>fuerat</strong></span> <span class='ocrx_word' id='word_1_149' title='bbox 1619 2681 1800 2751; x_wconf 90' lang='lat' dir='ltr'><strong>inter</strong></span> <span class='ocrx_word' id='word_1_150' title='bbox 1838 2702 1966 2752; x_wconf 95' lang='lat' dir='ltr'><strong>nos</strong></span> <span class='ocrx_word' id='word_1_151' title='bbox 2003 2681 2328 2774; x_wconf 92' lang='lat' dir='ltr'><strong>utrinque</strong></span> <span class='ocrx_word' id='word_1_152' title='bbox 2381 2679 2763 2770; x_wconf 88' lang='lat' dir='ltr'><strong>firmatum;</strong></span> <span class='ocrx_word' id='word_1_153' title='bbox 2823 2679 3006 2752; x_wconf 89' lang='lat' dir='ltr'><strong>idem</strong></span> <span class='ocrx_word' id='word_1_154' title='bbox 3057 2703 3329 2770; x_wconf 81' lang='lat' dir='ltr'><strong>comeS,</strong></span> <span class='ocrx_word' id='word_1_155' title='bbox 3379 2681 3549 2753; x_wconf 89' lang='lat' dir='ltr'><strong>dum</strong></span> <span class='ocrx_word' id='word_1_156' title='bbox 3595 2682 3684 2753; x_wconf 92' lang='lat' dir='ltr'><strong>de</strong></span> <span class='ocrx_word' id='word_1_157' title='bbox 3739 2681 3889 2776; x_wconf 90' lang='lat' dir='ltr'><strong>ipso</strong></span> 
     </span>
     <span class='ocr_line' id='line_1_17' title="bbox 1065 2803 3885 2900; baseline 0.001 -26"><span class='ocrx_word' id='word_1_158' title='bbox 1065 2814 1398 2898; x_wconf 88' lang='lat' dir='ltr'><strong>tanquam</strong></span> <span class='ocrx_word' id='word_1_159' title='bbox 1444 2805 1534 2875; x_wconf 88' lang='lat' dir='ltr'><strong>de</strong></span> <span class='ocrx_word' id='word_1_160' title='bbox 1590 2805 1790 2876; x_wconf 90' lang='lat' dir='ltr'><strong>nobis</strong></span> <span class='ocrx_word' id='word_1_161' title='bbox 1850 2805 2016 2900; x_wconf 91' lang='lat' dir='ltr'><strong>ipsis</strong></span> <span class='ocrx_word' id='word_1_162' title='bbox 2065 2804 2575 2877; x_wconf 87' lang='lat' dir='ltr'><strong>confideremus</strong></span> <span class='ocrx_word' id='word_1_163' title='bbox 2623 2803 2817 2898; x_wconf 89' lang='lat' dir='ltr'><strong>quod</strong></span> <span class='ocrx_word' id='word_1_164' title='bbox 2863 2805 3064 2876; x_wconf 90' lang='lat' dir='ltr'><strong>nobis</strong></span> <span class='ocrx_word' id='word_1_165' title='bbox 3115 2806 3515 2876; x_wconf 90' lang='lat' dir='ltr'><strong>nullatenus</strong></span> <span class='ocrx_word' id='word_1_166' title='bbox 3571 2806 3885 2889; x_wconf 81' lang='lat' dir='ltr'><strong>deesset,</strong></span> 
     </span>
     <span class='ocr_line' id='line_1_18' title="bbox 1063 2904 3888 3025; baseline 0.001 -28"><span class='ocrx_word' id='word_1_167' title='bbox 1063 2928 1265 2999; x_wconf 91' lang='lat' dir='ltr'><strong>nobis</strong></span> <span class='ocrx_word' id='word_1_168' title='bbox 1325 2904 1733 3000; x_wconf 87' lang='lat' dir='ltr'><strong>inconsultis</strong></span> <span class='ocrx_word' id='word_1_169' title='bbox 1791 2940 1912 3000; x_wconf 91' lang='lat' dir='ltr'><strong>aut</strong></span> <span class='ocrx_word' id='word_1_170' title='bbox 1958 2951 2083 3025; x_wconf 92' lang='lat' dir='ltr'><strong>per</strong></span> <span class='ocrx_word' id='word_1_171' title='bbox 2149 2929 2376 3025; x_wconf 91' lang='lat' dir='ltr'><strong>ipsum</strong></span> <span class='ocrx_word' id='word_1_172' title='bbox 2437 2950 2579 2999; x_wconf 90' lang='lat' dir='ltr'><strong>non</strong></span> <span class='ocrx_word' id='word_1_173' title='bbox 2621 2927 3067 3025; x_wconf 89' lang='lat' dir='ltr'><strong>premunitis,</strong></span> <span class='ocrx_word' id='word_1_174' title='bbox 3149 2938 3476 3023; x_wconf 89' lang='lat' dir='ltr'><strong>tanquam</strong></span> <span class='ocrx_word' id='word_1_175' title='bbox 3531 2929 3714 3001; x_wconf 86' lang='lat' dir='ltr'><strong>fame</strong></span> <span class='ocrx_word' id='word_1_176' title='bbox 3766 2950 3888 3000; x_wconf 90' lang='lat' dir='ltr'><strong>sue</strong></span> 
     </span>
     <span class='ocr_line' id='line_1_19' title="bbox 1064 3052 3887 3148; baseline 0.001 -27"><span class='ocrx_word' id='word_1_177' title='bbox 1064 3053 1398 3148; x_wconf 84' lang='lat' dir='ltr'><strong>prodigus</strong></span> <span class='ocrx_word' id='word_1_178' title='bbox 1428 3063 1498 3124; x_wconf 91' lang='lat' dir='ltr'><strong>et</strong></span> <span class='ocrx_word' id='word_1_179' title='bbox 1529 3054 1892 3124; x_wconf 89' lang='lat' dir='ltr'><strong>immemor</strong></span> <span class='ocrx_word' id='word_1_180' title='bbox 1915 3053 2295 3146; x_wconf 89' lang='lat' dir='ltr'><strong>juramenti</strong></span> <span class='ocrx_word' id='word_1_181' title='bbox 2327 3053 2528 3124; x_wconf 92' lang='lat' dir='ltr'><strong>nobis</strong></span> <span class='ocrx_word' id='word_1_182' title='bbox 2555 3052 2852 3148; x_wconf 92' lang='lat' dir='ltr'><strong>prestiti,</strong></span> <span class='ocrx_word' id='word_1_183' title='bbox 2877 3053 3062 3124; x_wconf 91' lang='lat' dir='ltr'><strong>dicto</strong></span> <span class='ocrx_word' id='word_1_184' title='bbox 3091 3054 3240 3146; x_wconf 91' lang='lat' dir='ltr'><strong>regi</strong></span> <span class='ocrx_word' id='word_1_185' title='bbox 3269 3052 3553 3125; x_wconf 91' lang='lat' dir='ltr'><strong>Francie</strong></span> <span class='ocrx_word' id='word_1_186' title='bbox 3586 3053 3887 3142; x_wconf 90' lang='lat' dir='ltr'><strong>adhesit,</strong></span> 
     </span>
     <span class='ocr_line' id='line_1_20' title="bbox 1064 3176 3888 3273; baseline 0.001 -26"><span class='ocrx_word' id='word_1_187' title='bbox 1064 3197 1106 3248; x_wconf 90' lang='lat' dir='ltr'><strong>a</strong></span> <span class='ocrx_word' id='word_1_188' title='bbox 1143 3176 1475 3249; x_wconf 87' lang='lat' dir='ltr'><strong>fidelitate</strong></span> <span class='ocrx_word' id='word_1_189' title='bbox 1507 3188 1743 3250; x_wconf 90' lang='lat' dir='ltr'><strong>nostra</strong></span> <span class='ocrx_word' id='word_1_190' title='bbox 1777 3178 2054 3273; x_wconf 89' lang='lat' dir='ltr'><strong>penitus</strong></span> <span class='ocrx_word' id='word_1_191' title='bbox 2095 3178 2457 3249; x_wconf 90' lang='lat' dir='ltr'><strong>recedens.</strong></span> <span class='ocrx_word' id='word_1_192' title='bbox 2499 3179 2720 3270; x_wconf 89' lang='lat' dir='ltr'><strong>Hujus</strong></span> <span class='ocrx_word' id='word_1_193' title='bbox 2759 3178 2860 3249; x_wconf 92' lang='lat' dir='ltr'><strong>rei</strong></span> <span class='ocrx_word' id='word_1_194' title='bbox 2900 3188 3268 3267; x_wconf 88' lang='lat' dir='ltr'><strong>eventum,</strong></span> <span class='ocrx_word' id='word_1_195' title='bbox 3308 3178 3487 3249; x_wconf 88' lang='lat' dir='ltr'><strong>sicut</strong></span> <span class='ocrx_word' id='word_1_196' title='bbox 3529 3199 3658 3249; x_wconf 90' lang='lat' dir='ltr'><strong>nec</strong></span> <span class='ocrx_word' id='word_1_197' title='bbox 3702 3179 3888 3249; x_wconf 90' lang='lat' dir='ltr'><strong>sedi·</strong></span> 
     </span>
     <span class='ocr_line' id='line_1_21' title="bbox 1068 3299 3891 3396; baseline 0 -25"><span class='ocrx_word' id='word_1_198' title='bbox 1068 3299 1325 3371; x_wconf 91' lang='lat' dir='ltr'><strong>tionem</strong></span> <span class='ocrx_word' id='word_1_199' title='bbox 1363 3300 1564 3371; x_wconf 92' lang='lat' dir='ltr'><strong>nobis</strong></span> <span class='ocrx_word' id='word_1_200' title='bbox 1601 3302 1853 3370; x_wconf 85' lang='lat' dir='ltr'><strong>factam</strong></span> <span class='ocrx_word' id='word_1_201' title='bbox 1890 3322 1929 3371; x_wconf 94' lang='lat' dir='ltr'><strong>a</strong></span> <span class='ocrx_word' id='word_1_202' title='bbox 1965 3301 2433 3395; x_wconf 89' lang='lat' dir='ltr'><strong>proditoribus</strong></span> <span class='ocrx_word' id='word_1_203' title='bbox 2465 3302 2717 3372; x_wconf 90' lang='lat' dir='ltr'><strong>nostris</strong></span> <span class='ocrx_word' id='word_1_204' title='bbox 2745 3300 3087 3391; x_wconf 86' lang='lat' dir='ltr'><strong>Pictavie,</strong></span> <span class='ocrx_word' id='word_1_205' title='bbox 3132 3300 3561 3396; x_wconf 87' lang='lat' dir='ltr'><strong>imperialem</strong></span> <span class='ocrx_word' id='word_1_206' title='bbox 3609 3300 3891 3372; x_wconf 90' lang='lat' dir='ltr'><strong>celsitu-</strong></span> 
     </span>
     <span class='ocr_line' id='line_1_22' title="bbox 1066 3424 3891 3520; baseline 0.001 -26"><span class='ocrx_word' id='word_1_207' title='bbox 1066 3424 1301 3495; x_wconf 91' lang='lat' dir='ltr'><strong>dinem</strong></span> <span class='ocrx_word' id='word_1_208' title='bbox 1335 3426 1547 3495; x_wconf 90' lang='lat' dir='ltr'><strong>latere</strong></span> <span class='ocrx_word' id='word_1_209' title='bbox 1571 3426 1897 3496; x_wconf 90' lang='lat' dir='ltr'><strong>uolumus</strong></span> <span class='ocrx_word' id='word_1_210' title='bbox 1925 3425 2104 3497; x_wconf 92' lang='lat' dir='ltr'><strong>sicut</strong></span> <span class='ocrx_word' id='word_1_211' title='bbox 2131 3448 2264 3497; x_wconf 90' lang='lat' dir='ltr'><strong>nec</strong></span> <span class='ocrx_word' id='word_1_212' title='bbox 2291 3428 2474 3497; x_wconf 90' lang='lat' dir='ltr'><strong>velle</strong></span> <span class='ocrx_word' id='word_1_213' title='bbox 2504 3426 2896 3497; x_wconf 76' lang='lat' dir='ltr'><strong>debuimus,</strong></span> <span class='ocrx_word' id='word_1_214' title='bbox 2925 3427 3067 3497; x_wconf 92' lang='lat' dir='ltr'><strong>Nos</strong></span> <span class='ocrx_word' id='word_1_215' title='bbox 3090 3426 3375 3520; x_wconf 88' lang='lat' dir='ltr'><strong>quidem</strong></span> <span class='ocrx_word' id='word_1_216' title='bbox 3403 3424 3891 3496; x_wconf 87' lang='lat' dir='ltr'><strong>nichilominus</strong></span> 
     </span>
     <span class='ocr_line' id='line_1_23' title="bbox 1066 3546 3893 3642; baseline 0.001 -25"><span class='ocrx_word' id='word_1_217' title='bbox 1066 3568 1332 3618; x_wconf 86' lang='lat' dir='ltr'><strong>moram</strong></span> <span class='ocrx_word' id='word_1_218' title='bbox 1379 3547 1716 3618; x_wconf 90' lang='lat' dir='ltr'><strong>trahimus</strong></span> <span class='ocrx_word' id='word_1_219' title='bbox 1758 3546 1828 3617; x_wconf 90' lang='lat' dir='ltr'><strong>in</strong></span> <span class='ocrx_word' id='word_1_220' title='bbox 1865 3548 2178 3642; x_wconf 91' lang='lat' dir='ltr'><strong>partibus</strong></span> <span class='ocrx_word' id='word_1_221' title='bbox 2216 3549 2626 3640; x_wconf 92' lang='lat' dir='ltr'><strong>Wasconie,</strong></span> <span class='ocrx_word' id='word_1_222' title='bbox 2663 3549 2958 3621; x_wconf 90' lang='lat' dir='ltr'><strong>inimicis</strong></span> <span class='ocrx_word' id='word_1_223' title='bbox 3004 3548 3259 3621; x_wconf 89' lang='lat' dir='ltr'><strong>nostris</strong></span> <span class='ocrx_word' id='word_1_224' title='bbox 3293 3548 3668 3640; x_wconf 82' lang='lat' dir='ltr'><strong>gravandis</strong></span> <span class='ocrx_word' id='word_1_225' title='bbox 3712 3548 3893 3620; x_wconf 88' lang='lat' dir='ltr'><strong>sicut</strong></span> 
     </span>
     <span class='ocr_line' id='line_1_24' title="bbox 1068 3669 3893 3764; baseline 0.001 -23"><span class='ocrx_word' id='word_1_226' title='bbox 1068 3690 1438 3764; x_wconf 89' lang='lat' dir='ltr'><strong>possumus</strong></span> <span class='ocrx_word' id='word_1_227' title='bbox 1490 3669 1885 3742; x_wconf 88' lang='lat' dir='ltr'><strong>insistentes</strong></span> <span class='ocrx_word' id='word_1_228' title='bbox 1929 3682 1999 3741; x_wconf 86' lang='lat' dir='ltr'><strong>et</strong></span> <span class='ocrx_word' id='word_1_229' title='bbox 2045 3672 2518 3743; x_wconf 84' lang='lat' dir='ltr'><strong>reformationi</strong></span> <span class='ocrx_word' id='word_1_230' title='bbox 2560 3684 2779 3745; x_wconf 90' lang='lat' dir='ltr'><strong>status</strong></span> <span class='ocrx_word' id='word_1_231' title='bbox 2830 3672 3046 3745; x_wconf 88' lang='lat' dir='ltr'><strong>nostri</strong></span> <span class='ocrx_word' id='word_1_232' title='bbox 3097 3670 3565 3742; x_wconf 77' lang='lat' dir='ltr'><strong>intendentes·</strong></span> <span class='ocrx_word' id='word_1_233' title='bbox 3616 3671 3893 3744; x_wconf 89' lang='lat' dir='ltr'><strong>Placeat</strong></span> 
     </span>
     <span class='ocr_line' id='line_1_25' title="bbox 1067 3793 3890 3892; baseline 0.001 -28"><span class='ocrx_word' id='word_1_234' title='bbox 1067 3793 1278 3889; x_wconf 90' lang='lat' dir='ltr'><strong>igitur</strong></span> <span class='ocrx_word' id='word_1_235' title='bbox 1313 3794 1661 3865; x_wconf 89' lang='lat' dir='ltr'><strong>serenitati</strong></span> <span class='ocrx_word' id='word_1_236' title='bbox 1702 3804 1930 3866; x_wconf 89' lang='lat' dir='ltr'><strong>vestre</strong></span> <span class='ocrx_word' id='word_1_237' title='bbox 1975 3805 2116 3866; x_wconf 90' lang='lat' dir='ltr'><strong>tam</strong></span> <span class='ocrx_word' id='word_1_238' title='bbox 2169 3796 2261 3868; x_wconf 90' lang='lat' dir='ltr'><strong>ad</strong></span> <span class='ocrx_word' id='word_1_239' title='bbox 2309 3818 2543 3868; x_wconf 88' lang='lat' dir='ltr'><strong>casum</strong></span> <span class='ocrx_word' id='word_1_240' title='bbox 2597 3807 2992 3892; x_wconf 89' lang='lat' dir='ltr'><strong>presentem</strong></span> <span class='ocrx_word' id='word_1_241' title='bbox 3038 3817 3249 3891; x_wconf 89' lang='lat' dir='ltr'><strong>quam</strong></span> <span class='ocrx_word' id='word_1_242' title='bbox 3305 3796 3398 3867; x_wconf 91' lang='lat' dir='ltr'><strong>ad</strong></span> <span class='ocrx_word' id='word_1_243' title='bbox 3452 3794 3890 3868; x_wconf 89' lang='lat' dir='ltr'><strong>incommoda</strong></span> 
     </span>
     <span class='ocr_line' id='line_1_26' title="bbox 1067 3917 3892 4014; baseline 0 -27"><span class='ocrx_word' id='word_1_244' title='bbox 1067 3939 1206 4010; x_wconf 88' lang='lat' dir='ltr'><strong>que</strong></span> <span class='ocrx_word' id='word_1_245' title='bbox 1251 3917 1454 3989; x_wconf 90' lang='lat' dir='ltr'><strong>nobis</strong></span> <span class='ocrx_word' id='word_1_246' title='bbox 1485 3917 1890 3989; x_wconf 86' lang='lat' dir='ltr'><strong>acciderunt</strong></span> <span class='ocrx_word' id='word_1_247' title='bbox 1926 3939 2052 4013; x_wconf 92' lang='lat' dir='ltr'><strong>per</strong></span> <span class='ocrx_word' id='word_1_248' title='bbox 2083 3919 2407 3991; x_wconf 88' lang='lat' dir='ltr'><strong>comitem</strong></span> <span class='ocrx_word' id='word_1_249' title='bbox 2445 3920 2749 3991; x_wconf 91' lang='lat' dir='ltr'><strong>Marchie</strong></span> <span class='ocrx_word' id='word_1_250' title='bbox 2787 3929 2857 3990; x_wconf 90' lang='lat' dir='ltr'><strong>et</strong></span> <span class='ocrx_word' id='word_1_251' title='bbox 2888 3918 3261 4014; x_wconf 89' lang='lat' dir='ltr'><strong>complices</strong></span> <span class='ocrx_word' id='word_1_252' title='bbox 3286 3939 3482 4007; x_wconf 88' lang='lat' dir='ltr'><strong>suos,</strong></span> <span class='ocrx_word' id='word_1_253' title='bbox 3523 3918 3892 4010; x_wconf 82' lang='lat' dir='ltr'><strong>diligenter</strong></span> 
     </span>
     <span class='ocr_line' id='line_1_27' title="bbox 1068 4041 3889 4137; baseline 0 -26"><span class='ocrx_word' id='word_1_254' title='bbox 1068 4041 1455 4136; x_wconf 89' lang='lat' dir='ltr'><strong>respicere,</strong></span> <span class='ocrx_word' id='word_1_255' title='bbox 1506 4052 1578 4113; x_wconf 90' lang='lat' dir='ltr'><strong>et</strong></span> <span class='ocrx_word' id='word_1_256' title='bbox 1625 4041 1695 4112; x_wconf 93' lang='lat' dir='ltr'><strong>in</strong></span> <span class='ocrx_word' id='word_1_257' title='bbox 1748 4041 1950 4113; x_wconf 92' lang='lat' dir='ltr'><strong>nobis</strong></span> <span class='ocrx_word' id='word_1_258' title='bbox 1996 4042 2373 4114; x_wconf 91' lang='lat' dir='ltr'><strong>voluntatis</strong></span> <span class='ocrx_word' id='word_1_259' title='bbox 2428 4053 2658 4114; x_wconf 90' lang='lat' dir='ltr'><strong>vestre</strong></span> <span class='ocrx_word' id='word_1_260' title='bbox 2706 4042 3148 4137; x_wconf 90' lang='lat' dir='ltr'><strong>beneplacito</strong></span> <span class='ocrx_word' id='word_1_261' title='bbox 3194 4043 3477 4114; x_wconf 89' lang='lat' dir='ltr'><strong>omnino</strong></span> <span class='ocrx_word' id='word_1_262' title='bbox 3533 4041 3889 4112; x_wconf 86' lang='lat' dir='ltr'><strong>submissis</strong></span> 
     </span>
     <span class='ocr_line' id='line_1_28' title="bbox 1067 4164 3892 4261; baseline 0.001 -27"><span class='ocrx_word' id='word_1_263' title='bbox 1067 4164 1431 4235; x_wconf 89' lang='lat' dir='ltr'><strong>consilium</strong></span> <span class='ocrx_word' id='word_1_264' title='bbox 1468 4186 1851 4261; x_wconf 90' lang='lat' dir='ltr'><strong>apponere,</strong></span> <span class='ocrx_word' id='word_1_265' title='bbox 1889 4166 2082 4260; x_wconf 90' lang='lat' dir='ltr'><strong>quod</strong></span> <span class='ocrx_word' id='word_1_266' title='bbox 2116 4166 2317 4238; x_wconf 90' lang='lat' dir='ltr'><strong>vobis</strong></span> <span class='ocrx_word' id='word_1_267' title='bbox 2356 4166 2447 4238; x_wconf 91' lang='lat' dir='ltr'><strong>ad</strong></span> <span class='ocrx_word' id='word_1_268' title='bbox 2477 4166 2768 4258; x_wconf 90' lang='lat' dir='ltr'><strong>gloriam</strong></span> <span class='ocrx_word' id='word_1_269' title='bbox 2800 4177 2870 4238; x_wconf 86' lang='lat' dir='ltr'><strong>et</strong></span> <span class='ocrx_word' id='word_1_270' title='bbox 2900 4167 3132 4257; x_wconf 76' lang='lat' dir='ltr'><strong>nobiS,</strong></span> <span class='ocrx_word' id='word_1_271' title='bbox 3172 4166 3286 4237; x_wconf 91' lang='lat' dir='ltr'><strong>cui</strong></span> <span class='ocrx_word' id='word_1_272' title='bbox 3331 4165 3421 4237; x_wconf 92' lang='lat' dir='ltr'><strong>de</strong></span> <span class='ocrx_word' id='word_1_273' title='bbox 3456 4166 3617 4257; x_wconf 88' lang='lat' dir='ltr'><strong>jure</strong></span> <span class='ocrx_word' id='word_1_274' title='bbox 3647 4164 3892 4236; x_wconf 88' lang='lat' dir='ltr'><strong>deesse</strong></span> 
     </span>
     <span class='ocr_line' id='line_1_29' title="bbox 1066 4288 3893 4380; baseline 0 -22"><span class='ocrx_word' id='word_1_275' title='bbox 1066 4308 1208 4359; x_wconf 91' lang='lat' dir='ltr'><strong>non</strong></span> <span class='ocrx_word' id='word_1_276' title='bbox 1263 4288 1569 4380; x_wconf 76' lang='lat' dir='ltr'><strong>debetiS,</strong></span> <span class='ocrx_word' id='word_1_277' title='bbox 1628 4289 1832 4361; x_wconf 91' lang='lat' dir='ltr'><strong>cedat</strong></span> <span class='ocrx_word' id='word_1_278' title='bbox 1886 4288 1979 4361; x_wconf 88' lang='lat' dir='ltr'><strong>ad</strong></span> <span class='ocrx_word' id='word_1_279' title='bbox 2041 4288 2405 4361; x_wconf 89' lang='lat' dir='ltr'><strong>honorem.</strong></span> <span class='ocrx_word' id='word_1_280' title='bbox 2460 4290 2701 4361; x_wconf 89' lang='lat' dir='ltr'><strong>Velitis</strong></span> <span class='ocrx_word' id='word_1_281' title='bbox 2757 4290 2965 4361; x_wconf 90' lang='lat' dir='ltr'><strong>etiam</strong></span> <span class='ocrx_word' id='word_1_282' title='bbox 3011 4290 3230 4362; x_wconf 91' lang='lat' dir='ltr'><strong>verba</strong></span> <span class='ocrx_word' id='word_1_283' title='bbox 3284 4288 3504 4360; x_wconf 80' lang='lat' dir='ltr'><strong>felicis</strong></span> <span class='ocrx_word' id='word_1_284' title='bbox 3557 4288 3893 4359; x_wconf 91' lang='lat' dir='ltr'><strong>memorie</strong></span> 
     </span>
     <span class='ocr_line' id='line_1_30' title="bbox 1068 4411 3893 4508; baseline 0.001 -27"><span class='ocrx_word' id='word_1_285' title='bbox 1068 4411 1357 4483; x_wconf 87' lang='lat' dir='ltr'><strong>lsabelle</strong></span> <span class='ocrx_word' id='word_1_286' title='bbox 1402 4413 1753 4505; x_wconf 90' lang='lat' dir='ltr'><strong>quondam</strong></span> <span class='ocrx_word' id='word_1_287' title='bbox 1797 4412 2247 4508; x_wconf 89' lang='lat' dir='ltr'><strong>imperatricis</strong></span> <span class='ocrx_word' id='word_1_288' title='bbox 2294 4414 2631 4486; x_wconf 89' lang='lat' dir='ltr'><strong>consortis</strong></span> <span class='ocrx_word' id='word_1_289' title='bbox 2665 4425 2927 4505; x_wconf 91' lang='lat' dir='ltr'><strong>vestre,</strong></span> <span class='ocrx_word' id='word_1_290' title='bbox 2965 4414 3222 4485; x_wconf 92' lang='lat' dir='ltr'><strong>sororis</strong></span> <span class='ocrx_word' id='word_1_291' title='bbox 3257 4422 3521 4502; x_wconf 88' lang='lat' dir='ltr'><strong>nostre,</strong></span> <span class='ocrx_word' id='word_1_292' title='bbox 3557 4433 3694 4504; x_wconf 91' lang='lat' dir='ltr'><strong>que</strong></span> <span class='ocrx_word' id='word_1_293' title='bbox 3730 4422 3893 4483; x_wconf 88' lang='lat' dir='ltr'><strong>ante</strong></span> 
     </span>
     <span class='ocr_line' id='line_1_31' title="bbox 1067 4532 3894 4632; baseline 0 -27"><span class='ocrx_word' id='word_1_294' title='bbox 1067 4534 1336 4606; x_wconf 89' lang='lat' dir='ltr'><strong>obitum</strong></span> <span class='ocrx_word' id='word_1_295' title='bbox 1360 4558 1561 4607; x_wconf 91' lang='lat' dir='ltr'><strong>suum</strong></span> <span class='ocrx_word' id='word_1_296' title='bbox 1582 4558 1710 4632; x_wconf 92' lang='lat' dir='ltr'><strong>pro</strong></span> <span class='ocrx_word' id='word_1_297' title='bbox 1732 4532 1933 4607; x_wconf 89' lang='lat' dir='ltr'><strong>nobis</strong></span> <span class='ocrx_word' id='word_1_298' title='bbox 1954 4535 2198 4608; x_wconf 92' lang='lat' dir='ltr'><strong>ultimo</strong></span> <span class='ocrx_word' id='word_1_299' title='bbox 2230 4537 2431 4608; x_wconf 87' lang='lat' dir='ltr'><strong>vobis</strong></span> <span class='ocrx_word' id='word_1_300' title='bbox 2454 4537 2660 4626; x_wconf 79' lang='lat' dir='ltr'><strong>dixit,</strong></span> <span class='ocrx_word' id='word_1_301' title='bbox 2682 4537 2773 4609; x_wconf 92' lang='lat' dir='ltr'><strong>ad</strong></span> <span class='ocrx_word' id='word_1_302' title='bbox 2791 4537 3195 4608; x_wconf 89' lang='lat' dir='ltr'><strong>memoriam</strong></span> <span class='ocrx_word' id='word_1_303' title='bbox 3216 4557 3545 4608; x_wconf 89' lang='lat' dir='ltr'><strong>revocare</strong></span> <span class='ocrx_word' id='word_1_304' title='bbox 3578 4545 3648 4606; x_wconf 92' lang='lat' dir='ltr'><strong>et</strong></span> <span class='ocrx_word' id='word_1_305' title='bbox 3679 4554 3894 4629; x_wconf 89' lang='lat' dir='ltr'><strong>opere</strong></span> 
     </span>
     <span class='ocr_line' id='line_1_32' title="bbox 1068 4657 3893 4755; baseline -0.001 -25"><span class='ocrx_word' id='word_1_306' title='bbox 1068 4659 1126 4730; x_wconf 88' lang='lat' dir='ltr'><strong>si</strong></span> <span class='ocrx_word' id='word_1_307' title='bbox 1177 4661 1406 4753; x_wconf 89' lang='lat' dir='ltr'><strong>placet</strong></span> <span class='ocrx_word' id='word_1_308' title='bbox 1451 4660 1862 4755; x_wconf 90' lang='lat' dir='ltr'><strong>adimplere.</strong></span> <span class='ocrx_word' id='word_1_309' title='bbox 1909 4659 2131 4753; x_wconf 89' lang='lat' dir='ltr'><strong>Super</strong></span> <span class='ocrx_word' id='word_1_310' title='bbox 2171 4659 2305 4731; x_wconf 92' lang='lat' dir='ltr'><strong>hiis</strong></span> <span class='ocrx_word' id='word_1_311' title='bbox 2346 4672 2417 4733; x_wconf 92' lang='lat' dir='ltr'><strong>et</strong></span> <span class='ocrx_word' id='word_1_312' title='bbox 2449 4662 2601 4733; x_wconf 89' lang='lat' dir='ltr'><strong>aliis</strong></span> <span class='ocrx_word' id='word_1_313' title='bbox 2652 4661 3164 4755; x_wconf 91' lang='lat' dir='ltr'><strong>beneplacitum</strong></span> <span class='ocrx_word' id='word_1_314' title='bbox 3212 4672 3522 4732; x_wconf 91' lang='lat' dir='ltr'><strong>vestrum</strong></span> <span class='ocrx_word' id='word_1_315' title='bbox 3575 4657 3779 4730; x_wconf 88' lang='lat' dir='ltr'><strong>nobis</strong></span> <span class='ocrx_word' id='word_1_316' title='bbox 3818 4657 3893 4728; x_wconf 91' lang='lat' dir='ltr'><strong>in</strong></span> 
     </span>
     <span class='ocr_line' id='line_1_33' title="bbox 1068 4782 3065 4878; baseline 0.001 -26"><span class='ocrx_word' id='word_1_317' title='bbox 1068 4782 1391 4855; x_wconf 90' lang='lat' dir='ltr'><strong>omnibus</strong></span> <span class='ocrx_word' id='word_1_318' title='bbox 1426 4784 1697 4878; x_wconf 89' lang='lat' dir='ltr'><strong>placere</strong></span> <span class='ocrx_word' id='word_1_319' title='bbox 1729 4782 2204 4878; x_wconf 89' lang='lat' dir='ltr'><strong>cupientibus,</strong></span> <span class='ocrx_word' id='word_1_320' title='bbox 2244 4785 2624 4858; x_wconf 90' lang='lat' dir='ltr'><strong>rescribere</strong></span> <span class='ocrx_word' id='word_1_321' title='bbox 2658 4783 3065 4878; x_wconf 86' lang='lat' dir='ltr'><strong>dignemini.</strong></span> 
     </span>
    </p>
   </div>
  </div>
 </body>
</html>
