4525 6031
776 657 979 722 tamer.
1011 657 1104 739 6.]
1666 655 2061 722 msa-oum
2108 655 2704 725 mrtoMArrcA.
3479 663 3601 726 (345

939 847 1129 927 (mn.
1153 850 1216 910 m
1231 813 1400 907 Pom·
1424 845 1493 906 aa
1526 846 1658 907 vin.
1686 849 1879 927 epm„
1913 848 2015 912 ub.
2039 848 2092 922 1,
2124 848 2456 929 cap.xv1;
2483 851 2619 912 0011.
2646 867 2784 912 cum
2811 851 2945 913 coa.
2974 852 3129 914 Bibt.
3160 854 3356 916 cesar.
3382 854 3601 930 Parim„

1000 952 1186 1034 fonds
1212 953 1691 1016 saint-Germia
1717 951 1968 1033 Hau-lay,
1997 965 2065 1015 n·
2091 954 2258 1033 455.)

869 1165 1220 1250 Quantum
1254 1174 1325 1236 et
1357 1163 1656 1258 qualiter
1690 1163 2029 1235 hactenus
2062 1185 2190 1256 pro
2222 1165 2531 1254 generali
2560 1166 2747 1237 bono
2777 1166 3147 1239 christiane
3176 1166 3367 1258 fidei,
3396 1170 3605 1241 Terre

773 1299 1010 1362 sancte
1054 1288 1421 1382 precipue,
1463 1287 1557 1360 ad
1604 1288 1804 1378 cujus
1856 1286 2456 1380 recuperationem
2507 1288 2993 1360 universorum
3035 1290 3601 1381 christianorum,

773 1412 900 1486 sed
940 1412 1272 1508 precipue
1310 1432 1555 1505 regum
1605 1421 1676 1482 et
1722 1410 2111 1506 principum
2148 1419 2317 1482 vota
2353 1410 2739 1505 suspirant,
2779 1411 2872 1483 ad
2905 1412 3095 1508 pacis
3126 1413 3612 1487 universaliter

775 1545 1145 1631 expectate
1192 1535 1637 1607 dulcedinem
1686 1533 1868 1605 inter
1900 1555 2028 1605 nos
2058 1543 2132 1604 et
2162 1532 2372 1605 istum
2406 1541 2477 1604 et
2508 1534 2682 1606 alios
2708 1534 3013 1606 Ecclesie
3039 1537 3346 1609 Romane
3372 1539 3608 1633 ponti-

768 1657 936 1732 fices
964 1659 1471 1754 procurandam
1491 1710 1509 1746 ,
1545 1656 1955 1730 humilitatis
1983 1667 2216 1728 nostre
2249 1657 2430 1728 colla
2463 1658 2907 1730 submisimus
2928 1712 2946 1748 ,
2980 1659 3421 1732 serenitatem
3452 1682 3609 1734 ves·

777 1792 955 1853 tram
988 1782 1164 1852 scire
1192 1783 1339 1873 J’am
1375 1779 1752 1870 credimus,
1787 1802 1921 1851 nec
1955 1779 2256 1851 mundus
2286 1780 2583 1871 ignorat.
2612 1779 2972 1853 Voluimus
2997 1782 3338 1874 siquidem
3361 1805 3608 1877 pacem

771 1915 1173 1977 reverenter
1198 1914 1557 1999 expetere,
1592 1925 1682 1976 ne
1713 1903 1784 1976 in
1811 1901 2151 1975 mundum
2178 1901 2476 1996 grassari
2514 1903 2812 1975 dissidiis
2836 1905 3240 1997 videamur;
3260 1907 3607 1979 voluimus

686 2106 705 2123 ⁶
771 2029 967 2098 illum
1005 2029 1370 2121 antiquum
1398 2035 1793 2123 serpentem
1826 2026 2158 2123 patientia
2210 2035 2449 2099 nostra
2495 2036 2919 2123 temperare,
2962 2038 3035 2099 et
3071 2027 3368 2120 rigorem
3397 2053 3606 2127 quem

776 2151 1147 2223 nonnullos
1173 2150 1652 2245 progenitores
1678 2159 1952 2222 nostros
1970 2148 2169 2221 divos
2189 2152 2537 2223 Romanos
2565 2160 2894 2242 augustos
2918 2150 2988 2221 in
3016 2151 3350 2223 similibus
3378 2152 3608 2225 forsan

773 2275 1094 2346 novimus
1146 2273 1511 2363 habuisse,
1548 2273 1922 2345 moderari.
1960 2272 2199 2366 Nuper
2243 2271 2334 2343 ad
2374 2274 2893 2366 requisitionem
2941 2285 3010 2345 et
3049 2297 3290 2369 preces
3327 2276 3612 2350 illustris

774 2397 958 2488 regis
996 2397 1419 2469 Francorum
1465 2397 1703 2469 dilecti
1753 2396 1954 2468 amici
2000 2397 2247 2485 nostri,
2297 2419 2509 2489 quem
2560 2398 2631 2468 in
2673 2399 2881 2469 Terre
2933 2408 3172 2471 sancte
3225 2400 3609 2473 subsidium

771 2522 1229 2615 personaliter
1249 2522 1671 2592 etinstanter
1686 2521 2071 2591 accinctum
2098 2520 2559 2613 percepimus,
2585 2516 2684 2616 [et
2703 2519 2940 2618 quem]
2960 2522 3404 2616 desperatum
3432 2545 3608 2615 quo-

774 2643 1149 2716 dammodo
1176 2643 1366 2737 pacis
1398 2644 1770 2736 negocium
1807 2663 2160 2714 resumere
2194 2641 2613 2733 delectabat,
2649 2666 3049 2735 quanquam
3077 2667 3205 2716 nos
3241 2646 3607 2738 preterito·

775 2789 930 2837 rum
968 2766 1452 2861 experimento
1480 2765 1854 2863 perterriti,
1894 2765 1984 2838 de
2012 2765 2202 2860 pacis
2235 2764 2554 2837 dubitare
2583 2766 2872 2858 negocio
2899 2766 3289 2839 necessario
3322 2788 3609 2861 cogere-

774 2911 956 2980 mur,
1011 2887 1183 2961 dum
1219 2890 1492 2984 quoties
1529 2889 1940 2962 humilitatis
1977 2887 2067 2960 ad
2111 2909 2355 2984 pacem
2395 2888 2743 2960 evidentia
2784 2890 2979 2982 signa
3029 2891 3606 2983 monstravimuS,

774 3012 979 3086 toties
1007 3014 1441 3087 voluntatem
1470 3014 1687 3110 partis
1713 3015 2007 3086 adverse
2036 3011 2426 3085 invenimus
2457 3011 2844 3103 duriorem3
2884 3013 2973 3086 de
3006 3036 3335 3109 processu
3381 3027 3609 3107 tamen

774 3137 959 3230 regis
990 3138 1303 3229 ejusdem
1337 3138 1427 3211 ad
1461 3160 1707 3233 pacem
1738 3136 2251 3211 reformandam
2288 3136 2567 3229 qualem
2609 3139 2889 3231 qualem
2931 3135 3255 3210 fiduciam
3291 3139 3613 3212 obtinen-

776 3271 907 3352 tes,
937 3315 955 3333 .
989 3317 1006 3333 .
1040 3315 1058 3333 .
1091 3316 1109 3333 .
1134 3271 1207 3333 et
1213 3316 1425 3334 .....
1446 3260 1690 3335 fideles
1708 3272 2007 3352 nostrOS,
2029 3265 2374 3334 solemnes
2394 3260 2805 3333 excellentie
2829 3271 3063 3334 nostre
3084 3264 3374 3355 legatos,
3406 3264 3615 3359 plena

773 3393 1009 3455 nostre
1037 3369 1416 3457 voluntatis
1447 3385 1866 3457 authoritate
1900 3384 2215 3457 suffultos
2247 3384 2636 3479 specialiter
2670 3386 3096 3479 providimus
3124 3386 3608 3482 destinandOS,

775 3507 893 3600 qui
922 3528 1050 3604 pro
1085 3507 1349 3580 honore
1377 3508 1684 3581 Ecclesie
1717 3509 1958 3582 matris
1985 3516 2220 3580 nostre
2248 3530 2333 3580 ac
2364 3508 2680 3580 felicibus
2708 3508 3225 3582 christianitatis
3260 3512 3607 3607 auspiciiS‚

775 3631 970 3703 salvo
1007 3630 1273 3704 honore
1307 3654 1585 3730 semper
1611 3634 1881 3728 imperii
1910 3643 1981 3706 et
2007 3653 2410 3724 regnorum,
2441 3632 2697 3725 quibus
2734 3632 3025 3706 authore
3057 3635 3355 3707 Domino
3393 3636 3614 3731 presi·

775 3752 1050 3844 demus,
1090 3757 1523 3828 voluntatem
1555 3766 1865 3829 nostram
1890 3755 1984 3828 ad
2012 3776 2258 3851 pacem
2295 3764 2607 3851 paratam
2642 3766 3114 3851 exponerent,
3148 3766 3220 3828 et
3251 3758 3615 3830 manifesta

774 3877 1092 3971 presagia
1119 3879 1349 3951 future
1380 3880 1861 3953 satisfactionis
1891 3880 2246 3963 offerrent,
2284 3900 2422 3972 que
2453 3900 2579 3949 rex
2607 3878 2755 3972 ipse
2788 3878 3198 3951 sufficientia
3213 3878 3607 3976 reputabat.

762 3998 911 4074 ‘Sed
938 4003 1067 4073 iste
1099 4003 1325 4075 bonus
1356 4012 1595 4098 pastor
1623 4000 1929 4076 Ecclesie
1962 4004 2235 4075 nullum
2273 4003 2366 4074 ad
2393 4002 2508 4093 jus
2546 4010 2618 4072 et
2649 4000 2986 4073 honorem
3020 4003 3292 4097 imperii
3349 4025 3481 4075 nec
3521 4003 3615 4075 ad

773 4144 903 4196 nos
926 4125 1150 4198 voluit
1171 4126 1434 4199 habere
1464 4139 1884 4223 respectum,
1922 4128 2046 4200 sed
2086 4137 2308 4199 totum
2341 4147 2466 4197 sue
2495 4124 2838 4215 subjicere
2870 4126 3220 4219 potestati,
3243 4147 3372 4220 pro
3409 4126 3611 4197 Lom-

773 4249 1154 4321 bardorum
1186 4250 1506 4344 negocio,
1541 4251 1661 4345 qui
1697 4252 1888 4349 pacis
1922 4251 2245 4324 tractatui
2278 4270 2553 4344 semper
2590 4247 2927 4319 hactenus
2958 4247 3456 4342 impedimenta
3486 4269 3612 4345 pa-

768 4381 1037 4464 rarant,
1075 4385 1149 4445 et
1190 4396 1434 4468 pacem
1470 4397 1682 4468 quam
1725 4375 2026 4448 debebat
2059 4374 2457 4467 exquirere,
2501 4371 2796 4467 turpiter
2836 4372 3232 4466 profugavit
3275 4371 3606 4444 oblatam.

772 4495 950 4569 Ecce
978 4497 1213 4590 itaque
1247 4500 1671 4592 quesivimus
1706 4522 1974 4596 pacem,
2009 4509 2079 4571 et
2110 4521 2251 4571 non
2286 4494 2717 4585 invenimus;
2749 4496 3154 4567 vocavimus
3190 4516 3372 4588 eam,
3395 4506 3466 4568 et
3494 4518 3616 4569 vo-

774 4629 931 4692 cata
962 4640 1105 4693 non
1135 4624 1517 4717 respoudit.
1556 4626 1796 4697 Restat
1827 4624 2039 4717 igitur
2070 4632 2150 4694 ut
2181 4623 2282 4694 sic
2316 4629 2553 4694 nostra
2584 4629 2656 4691 et
2684 4616 2955 4715 imperii
2984 4620 3204 4692 nostri
3231 4621 3391 4713 jura
3439 4621 3611 4694 alio-

771 4764 1070 4839 rumque
1104 4767 1348 4838 regum
1391 4758 1463 4821 et
1502 4748 1897 4844 principum
1928 4748 2001 4819 in
2033 4768 2243 4820 causa
2274 4756 2511 4819 nostra
2539 4744 2832 4818 viriliter
2864 4752 3206 4836 tueamur,
3251 4744 3443 4840 quod
3486 4769 3615 4819 nos

932 4868 1038 4931 VI.
1085 4900 1196 4945 pm
1217 4892 1261 4934 2.
3217 4876 3291 4929 82
