4525 6031
1021 668 1144 731 624
2018 670 2447 732 Fulnssmcl
2498 667 2848 731 SECUNDI
3469 665 3634 745 [Ama.
3670 667 3852 763 1248.ν

1020 826 1306 876 nensem
1354 806 1708 900 applicant
1743 804 2132 896 civitatem,
2172 806 2436 877 vexilla
2472 802 2799 876 Friderici
2841 800 3196 895 quondam
3240 800 3677 896 imperatoris
3718 794 3880 875 ex?

1022 938 1217 1000 tensa
1250 937 1528 1023 portare
1556 929 1844 1023 ipsaque
1875 928 1945 999 in
1980 929 2289 1001 ecclesiis
2317 929 2388 999 in
2421 926 2973 1000 solemnitatibus
3005 946 3266 1019 ponere
3298 940 3740 1019 presumant,
3775 931 3849 999 in

1017 1052 1406 1123 animarum
1434 1073 1716 1122 suarum
1744 1053 2128 1147 periculum
2166 1060 2237 1123 et
2272 1052 2679 1123 scandalum
2718 1050 3202 1144 plurimorum,
3230 1048 3643 1143 mandamus
3677 1070 3852 1142 qua·

1023 1183 1223 1245 tenus
1246 1173 1381 1246 hoc
1405 1176 1688 1247 omnino
1711 1174 1862 1247 fieri
1891 1176 2270 1271 prohibens
2298 1175 2649 1270 predictos
2682 1182 2754 1244 et
2783 1173 2957 1245 alios
2987 1172 3182 1265 quod
3210 1171 3298 1243 de
3336 1181 3569 1245 cetero
3597 1174 3688 1245 ab
3715 1173 3850 1244 hu·

1011 1298 1320 1388 jusmodi
1366 1300 1888 1393 presumptione
1939 1301 2224 1372 omnino
2265 1299 2604 1371 desistant
2644 1297 3024 1370 monitione
3066 1298 3306 1391 previa
3356 1318 3483 1390 per
3523 1318 3852 1369 censuras

1020 1422 1518 1493 ecclesiasticas
1549 1424 2016 1517 appellatione
2056 1433 2322 1495 remota
2372 1442 2810 1517 compescaS,
2846 1421 3172 1492 invocato
3212 1420 3306 1492 ad
3345 1420 3447 1511 id,
3481 1420 3539 1491 si
3566 1442 3848 1493 necesse

1019 1545 1251 1636 fuerit,
1284 1546 1548 1616 auxilio
1576 1546 1840 1616 brachii
1872 1547 2231 1617 secularis·
2577 1548 2580 1549 ⁷

1112 1670 1393 1758 Datum,
1430 1680 1767 1761 utsupra.

1113 1794 1593 1882 Innocentius,
1639 1802 1808 1881 etc.,
1845 1792 2177 1884 magistro
2232 1802 2305 1863 et
2348 1791 2722 1863 conventui
2772 1790 3057 1861 militiae
3110 1789 3347 1884 templi
3396 1790 3842 1885 lerosolymi-

1018 1917 1189 2006 tani,
1227 1926 1362 1988 etc.
1402 1917 1599 2007 Cum,
1638 1917 1815 1987 sicut
1851 1917 2274 2011 accepimus,
2311 1914 2597 2008 quidam
2626 1914 2715 1987 de
2743 1914 3060 2009 partibus
3093 1914 3342 1985 vestris
3371 1923 3512 1985 tam
3543 1914 3844 2006 religiosi

1014 2061 1227 2133 quam
1257 2040 1376 2110 alii
1407 2040 1732 2111 seditiose
1761 2047 2137 2134 procurent
2166 2039 2466 2131 qualiter
2496 2060 2791 2130 regnum
2822 2037 3477 2133 ⁴ierosolymitanum
3509 2038 3724 2133 possit
3753 2037 3847 2110 ad

1014 2185 1263 2234 manus
1300 2164 1629 2235 Friderici
1667 2163 2021 2256 quondam
2069 2162 2505 2256 imperatoris
2555 2171 2626 2233 et
2666 2161 2962 2235 Conradi
3007 2161 3153 2233 nati
3203 2163 3354 2254 ejus
3411 2162 3846 2234 inimicorum

1012 2287 1319 2357 Ecclesie
1360 2286 1763 2380 pervenire,
1805 2285 2330 2357 universitatem
2370 2294 2676 2356 vestram
2719 2305 3072 2377 rogamus,
3110 2306 3474 2357 monemus
3505 2282 3576 2357 et
3607 2284 3844 2357 horta·

1015 2432 1173 2481 mur
1205 2419 1470 2481 attente
1503 2407 1791 2480 firmiter
1822 2409 2270 2504 precipiendo
2303 2409 2717 2480 mandantes
2750 2417 3099 2500 quatenus
3131 2408 3580 2502 persistentes
3611 2409 3682 2480 in
3717 2409 3842 2480 de·

1011 2534 1294 2605 votione
1325 2536 1632 2605 Romane
1662 2512 1970 2604 Ecclesie
2003 2533 2392 2605 constantia
2422 2533 2862 2623 inconcussa,
2887 2554 3029 2604 non
3065 2532 3444 2602 immutetis
3470 2553 3602 2603 uec
3627 2553 3845 2624 quan-

1015 2667 1160 2728 tum
1186 2657 1256 2727 in
1275 2657 1476 2729 vobis
1514 2666 1619 2727 est
1654 2657 1743 2727 ab
1775 2657 2010 2749 aliquo
2042 2655 2461 2750 permittatis
2501 2654 2718 2749 ipsius
2749 2655 2942 2747 regni
2977 2654 3365 2727 dominium
3401 2655 3842 2748 aliquatenus

1012 2781 1387 2852 immutari.
1434 2779 1763 2873 Alioquin
1811 2789 1952 2851 tam
1998 2801 2127 2852 vos
2167 2800 2378 2873 quam
2423 2778 2542 2849 alii
2593 2778 3008 2872 privilegiati
3059 2779 3148 2851 de
3195 2779 3509 2874 partibus
3549 2779 3684 2851 illis
3721 2780 3840 2873 qui

1012 2915 1252 2976 contra
1290 2902 1863 2998 presumpserint,
1901 2911 2232 2996 poterunt
2267 2902 2514 2974 merito
2552 2902 2923 2974 formidare
2961 2902 3154 2994 quod
3188 2903 3509 2974 omnibus
3545 2904 3843 2997 privile-

1010 3031 1167 3122 giis,
1189 3028 1623 3100 libertatibus
1652 3036 1722 3098 et
1748 3027 2300 3098 immunitatibus
2320 3027 2521 3100 vobis
2539 3035 2611 3098 et
2642 3027 2743 3098 eis
2765 3028 2856 3098 ab
2877 3026 3278 3122 Apostolica
3298 3028 3478 3099 Sede
3498 3029 3841 3102 concessis

1011 3153 1081 3223 in
1113 3161 1526 3247 perpetuum
1558 3151 2042 3244 privabuntur.
2074 3152 2359 3240 Datum,
2401 3162 2477 3221 ut
2505 3172 2741 3242 supra.
3383 3138 3387 3141 Α

1108 3277 1186 3346 ln
1216 3274 1541 3346 eumdem
1574 3271 1856 3344 modum
1882 3272 2368 3363 vicemagistro
2398 3282 2470 3343 et
2495 3272 2870 3344 conventui
2907 3271 3159 3345 domus
3187 3273 3547 3368 hospitalis
3563 3276 3837 3347 Jeroso-

1014 3397 1357 3494 lymitani.

1110 3522 1440 3612 Magistro
1472 3529 1545 3591 et
1575 3529 1961 3591 conventus
1996 3517 2354 3612 hospitalis
2387 3519 2680 3590 Sanctae
2708 3518 2961 3590 Mariae
2994 3517 3603 3593 Theutonicorum.

1109 3641 1690 3737 ArchiepiscopiS,
1721 3640 2061 3735 episcopis
2095 3661 2179 3711 ac
2216 3640 2613 3730 abbatibus,
2638 3640 3011 3734 prioribuS,
3038 3640 3542 3714 archidiaconis
3578 3653 3648 3715 et
3681 3643 3836 3715 aliis

1016 3755 1462 3839 ecclesiarum
1490 3763 1773 3859 prelatis
1800 3785 1928 3857 per
1959 3785 2249 3856 regnum
2274 3763 2926 3858 ⁴ierosolymitanum
2962 3764 3377 3836 constitutis·

1114 3890 1465 3963 Universis
1492 3887 1869 3959 baronibus
1902 3897 1974 3958 et
2002 3887 2336 3958 militibus
2368 3887 2564 3979 regni
2594 3886 3174 3980 lerosolymitani.

1111 4011 1523 4085 Consulibus
1550 4019 1621 4081 et
1648 4010 2124 4082 communitati
2153 4010 2604 4081 Ianuensium
2637 4009 2710 4081 in
2743 4030 2961 4101 regno
2997 4011 3610 4083 commorantibus

1109 4135 1518 4208 Consulibus
1552 4143 1623 4205 et
1652 4133 2007 4205 communi
2033 4134 2458 4205 Venetorum
2488 4131 2562 4205 in
2596 4154 2813 4225 regno
2846 4133 3460 4205 commorantibus.

1110 4259 1519 4332 Consulibus
1552 4268 1625 4328 et
1655 4256 2007 4328 communi
2037 4256 2442 4329 Pisanorum
2474 4257 2545 4327 in
2575 4278 2794 4349 regno
2821 4257 3435 4329 commorantibus.

1108 4382 1373 4477 Populo
1403 4379 1700 4452 civitatis
1733 4378 2183 4451 Acconeusis.
