4525 6031
655 660 856 719 lunum.
888 656 980 736 6.]
1542 649 1939 711 ms'romA
1987 650 2583 716 nlpLOMATch.
3359 656 3482 719 583

653 792 995 889 presentis
1041 787 1386 886 privilegii
1437 795 1680 859 tenore
1733 783 2024 857 firmiter
2066 786 2463 861 inhibemus
2505 800 2585 862 ut
2624 792 2860 864 nullus
2908 791 3094 883 dux,
3132 792 3475 886 marchio,

654 917 1005 1012 princeps,
1043 934 1305 1001 comes,
1335 911 1749 999 vicecomes»,
1781 918 2115 1004 potestaS,
2141 923 2398 1002 rector,
2429 914 2791 985 consilium
2822 916 2934 986 vel
2960 937 3325 988 commune
3358 937 3484 989 seu

649 1041 884 1133 aliqua
930 1058 1228 1134 persona
1270 1037 1413 1108 alta
1449 1036 1565 1107 vel
1608 1033 1924 1125 humilis,
1963 1033 2427 1107 ecclesiastica
2460 1039 2572 1110 vel
2617 1038 3008 1128 mundana,
3043 1050 3283 1111 contra
3317 1062 3480 1135 pre·

656 1164 874 1236 sentis
906 1160 1248 1257 privilegii
1282 1158 1500 1230 nostri
1533 1156 1854 1229 culminis
1869 1155 1972 1252 (a)
1998 1178 2251 1252 penam
2281 1160 2786 1254 quinquaginta
2816 1162 3147 1233 librarum
3177 1162 3330 1234 auri
3361 1186 3487 1257 pu-

657 1287 906 1358 rissimi
957 1307 1033 1357 se
1088 1285 1529 1356 incursurum
1583 1292 1951 1373 agnoscat,
1995 1276 2494 1381 [medietatem]
2547 1286 2726 1379 parti
2779 1306 2980 1379 passe
3040 1284 3362 1375 injuriam
3414 1297 3485 1358 et

656 1412 862 1482 aliam
899 1409 1344 1480 medietatem
1375 1416 1612 1477 nostre
1647 1425 1922 1475 camere
1949 1406 2330 1478 soluturus.
2362 1406 2474 1478 Ad
2509 1407 2718 1500 hujus
2726 1460 3479 1482 ..........

654 1534 1013 1626 gratieque
1043 1541 1278 1603 nostre
1307 1528 1712 1601 memoriam
1744 1538 1816 1599 et
1846 1528 2059 1599 robur
2085 1542 2427 1624 perpetuo
2461 1531 2859 1621 valiturum,
2898 1553 3186 1626 presens
3211 1532 3491 1626 privile·

657 1657 847 1749 gium
880 1655 1031 1727 fieri
1070 1651 1170 1752 [et
1199 1655 1392 1725 bulla
1417 1674 1632 1724 aurea
1645 1650 1751 1748 (⁴)
1789 1648 2088 1748 tprario
2115 1662 2350 1725 nostre
2382 1656 2762 1747 majestatis
2793 1655 3128 1751 impressa
3152 1657 3486 1749 jussimus

658 1780 1095 1853 communiri.

754 1906 963 1997 Cujus
993 1904 1092 1974 rei
1127 1912 1335 1974 testes
1370 1898 1565 1998 [sunt
1594 1894 1913 1993 ill]ustris
1939 1920 2072 1969 rex
2098 1900 2413 1972 Sardinie
2442 1902 2619 1973 sacri
2650 1902 2920 1996 imperii
2950 1904 3218 1995 legatus
3250 1904 3320 1974 in
3349 1905 3485 1976 Ita·

658 2029 749 2101 lia
776 2026 1458 2119 generaliS,dilectus
1482 2022 1664 2094 filius
1691 2031 1953 2112 noster,
1971 2017 2429 2120 [Maanredus
2456 2025 2761 2097 marchio
2788 2028 3081 2119 Lancee,
3103 2011 3488 2121 Diopoldus

659 2151 968 2223 marchio
1001 2150 1091 2239 de
1122 2145 1632 2235 Fohembruch,
1671 2145 1997 2237 magister
2032 2146 2276 2217 Petrus
2308 2147 2399 2219 de
2430 2148 2649 2219 Vinea
2681 2150 2840 2220 aule
2874 2162 3108 2222 nostre
3156 2161 3486 2246 protono·

661 2276 874 2346 tarius
924 2283 996 2344 et
1038 2272 1237 2364 regni
1282 2271 1510 2343 Sicilie
1563 2268 1956 2359 logotheta,
2007 2269 2250 2339 Petrus
2299 2269 2390 2341 de
2444 2269 2756 2342 Calabria
2804 2273 3198 2344 marestalle
3250 2286 3487 2346 nostre

658 2399 1013 2490 magister,
1049 2396 1373 2469 Thadeus
1421 2395 1509 2467 de
1558 2394 1811 2465 Suessa
1854 2413 2105 2486 magne
2150 2393 2343 2465 curie
2387 2404 2635 2465 nostre·
2662 2394 2928 2486 judex,
2966 2395 3202 2469 dilecti
3244 2396 3487 2470 fideles

660 2521 906 2607 nostri,
948 2530 1021 2590 et
1049 2518 1166 2589 alii
1200 2517 1674 2611 quamplures.

758 2645 1046 2735 Signum
1097 2641 1361 2713 domini
1409 2640 1629 2711 nostri
1678 2636 2004 2709 Friderici
2065 2637 2355 2708 secundi
2407 2637 2844 2732 imperatoris
2888 2660 3167 2734 semper
3209 2642 3487 2732 augusti

657 2769 1124 2839 Romanorum
1154 2765 1280 2837 Dei
1313 2762 1537 2855 gratia
1568 2759 2023 2849 invictissimi,
2062 2760 2492 2831 Hierusalem
2521 2770 2593 2831 et
2619 2761 2847 2832 Sicilie
2880 2762 3112 2854 regis:

757 2890 929 2961 Acta
975 2898 1138 2959 sunt
1185 2887 1319 2959 hec
1366 2907 1553 2959 anno
1598 2880 1997 2981 [dominice]
2033 2884 2526 2956 incarnationis
2582 2885 2947 2957 millesimo
3007 2887 3483 2962 ducentesimo

659 3012 1190 3108 quadragesimo
1226 3005 1860 3106 septimo,[mense]
1882 3007 2213 3101 januarii,
2245 3019 2444 3080 sexte
2474 3007 2902 3101 indictionis,
2938 3009 3318 3107 imperante
3350 3011 3480 3084 do·

660 3139 850 3209 mino
883 3148 1123 3209 nostro
1148 3135 1498 3207 Friderico
1537 3135 1619 3205 11⁰
1645 3132 1769 3203 Dei
1813 3133 2036 3225 gratia
2074 3132 2525 3205 invictissimo
2557 3133 3027 3205 Romanorum
3065 3133 3481 3229 imperatore

663 3283 940 3357 semper
969 3269 1264 3353 augusto
1282 3255 1405 3355 (b),
1439 3257 1869 3328 Hierusalem
1904 3255 2100 3348 regni
2130 3256 2461 3328 vicesimo
2497 3255 2834 3347 secundo,
2877 3256 3072 3349 regni
3102 3278 3274 3330 vero
3305 3258 3479 3332 Sici·

661 3386 752 3457 lie
784 3383 1320 3478 quadragesimo
1353 3402 1567 3472 nono,
1604 3380 1919 3452 feliciter.
1951 3378 2205 3451 Amen.

757 3509 1010 3580 Datum
1041 3504 1233 3601 apud
1262 3503 1637 3576 Victoriam
1665 3502 1738 3574 in
1770 3502 2129 3575 obsidione
2160 3504 2439 3594 Parme,
2471 3523 2695 3592 anno,
2731 3525 2970 3576 mense
3004 3514 3074 3576 et
3105 3505 3481 3579 indictione

661 3632 1014 3726 predictis,

747 3834 829 3914 (a)
872 3837 983 3895 Hic
1010 3833 1226 3894 desunt
1252 3830 1433 3891 verba
1460 3831 1708 3909 aliquot.

746 3941 826 4020 (b)
870 3943 1048 4003 Deest
1069 3943 1303 4001 ‘notatio
1329 3956 1625 3999 annorum
1652 3939 1902 4013 imperil.

666 4138 2526 4160 ’ψῃ-Μ

728 4283 795 4358 (4)
828 4283 953 4342 Νοιι
984 4279 1341 4339 dubitandum
1376 4278 1508 4352 quin
1543 4277 1618 4337 ita
1655 4276 2013 4351 supplendum
2040 4275 2131 4347 sit,
2151 4291 2321 4350 quum
2353 4275 2409 4331 in
2440 4273 2894 4334 authenticatione
2932 4276 3276 4335 describatur
3306 4294 3474 4340 aurea

659 4381 807 4439 bulla
832 4380 937 4439 filis
961 4379 1149 4437 soricis
1172 4378 1358 4436 rubeis
1378 4383 1434 4435 et
1458 4375 1718 4433 viridibus
1741 4375 2004 4449 pendens,
2033 4375 2238 4431 scilicet
2259 4374 2329 4431 ab
2352 4388 2464 4431 uno
2489 4372 2661 4431 latere
2687 4373 2862 4448 imago
2885 4374 3222 4448 imperatoris
3240 4375 3478 4436 sedentis

659 4478 717 4534 in
747 4477 939 4536 throno
962 4492 1087 4533 cum
1122 4475 1294 4534 solitis
1327 4473 1626 4547 insignibus
1652 4477 1709 4530 et
1743 4472 1999 4546 legenda,
2040 4471 2111 4529 ab
2153 4471 2325 4529 altero
2363 4476 2543 4529 autem
2585 4469 2759 4545 figura
2800 4472 3032 4531 civitatis
3069 4488 3195 4530 cum
3229 4473 3477 4532 circum-.

656 4573 947 4647 scriptione
977 4590 994 4629 ι
1023 4574 1175 4630 Rom
1201 4587 1376 4630 uror
1401 4587 1584 4629 unum
1611 4586 1783 4629 uon·
1808 4584 1971 4628 omns
1998 4584 2181 4629 rma
2206 4584 2475 4628 nomm.
