4525 6031
647 640 850 700 lumcr.
885 631 974 720 7.]
1544 636 1941 699 HISTORIA
1989 637 2584 701 DIPLOMATICA.
3353 638 3472 698 745

757 1095 1183 1179 Fridericus
1200 1157 1224 1202 ,
1266 1095 1784 1179 Romanorum
1830 1096 2270 1204 imperator,
2310 1093 2689 1178 Ludovico
2743 1094 2908 1203 regi
2963 1092 3437 1177 Francorum
3452 1154 3477 1202 ,

654 1227 998 1311 existenti
1046 1230 1127 1309 in
1172 1227 1517 1337 partibus
1551 1228 2104 1336 ultramariniS,
2149 1227 2502 1312 condolet
2535 1227 2631 1309 de
2667 1227 3227 1335 disgregatione
3272 1227 3480 1309 clas—

657 1358 764 1441 sis
826 1359 1029 1468 ejuS,
1093 1369 1599 1470 precaturque
1660 1371 1745 1443 ut
1796 1360 1939 1443 sibi
1995 1363 2092 1444 de
2143 1359 2606 1445 continentia
2661 1369 2904 1441 status
2957 1368 3032 1441 et
3081 1383 3481 1467 processus

654 1491 1045 1575 rescribat.

820 1692 1011 1772 (Edit.
1058 1696 1123 1755 in
1160 1694 1329 1756 Petri
1354 1691 1423 1754 de
1461 1694 1595 1755 vin.
1627 1694 1820 1774 epist„
1859 1695 1962 1756 lib.
2000 1695 2123 1770 111,
2162 1711 2295 1772 cap.
2344 1693 2549 1769 XXIl;
2602 1693 2736 1754 coll.
2785 1709 2922 1753 cum
2960 1692 3151 1774 codic.
3198 1692 3478 1753 Biblioth.

894 1800 1092 1862 Cesar.
1135 1803 1355 1878 Paris,
1399 1817 1532 1863 ane.
1567 1797 1755 1880 fonds
1801 1797 1977 1880 latin,
2017 1810 2086 1862 ιι·
2129 1810 2310 1878 8567,
2369 1807 2430 1862 et
2462 1796 2649 1879 fonds
2682 1797 3194 1861 Scine-Germa&
3229 1798 3483 1880 Har-lay,

895 1914 965 1965 n⁰
996 1905 1167 1984 455.)

752 2082 1197 2175 Fredericus,
1235 2094 1405 2176 etc„
1439 2085 1514 2156 L.
1563 2084 1812 2156 illustri
1843 2084 1990 2178 regi
2005 2084 2423 2156 Francorum
2447 2134 2466 2172 ,
2501 2091 2638 2154 etc.
2676 2081 2997 2154 Generali
3027 2103 3167 2174 qua
3200 2091 3489 2155 cunctos

658 2205 1141 2298 amplectimur
1187 2206 1352 2279 fidei
1399 2207 1925 2304 participatione
1970 2206 2398 2279 christicolas
2421 2260 2442 2293 ,
2493 2206 2620 2277 sed
2663 2205 2945 2299 speciali
2992 2226 3129 2297 qua
3180 2214 3485 2277 vestram

659 2349 831 2424 pura
867 2329 1220 2421 diligimus
1262 2330 1627 2402 affectione
1667 2351 2038 2426 personam
2062 2382 2083 2417 ,
2139 2330 2323 2399 inter
2367 2329 2642 2400 diversa
2682 2337 2784 2399 tot
2818 2337 2888 2399 et
2930 2336 3124 2398 tanta
3163 2349 3485 2399 curarum

660 2472 954 2543 genera,
988 2473 1127 2546 que
1159 2453 1691 2545 cogitationibus
1727 2453 1980 2524 nostris
2007 2452 2482 2524 indesinenter
2513 2460 2930 2539 occurrunt,
2964 2450 3294 2544 precipua
3321 2452 3484 2525 red-

660 2572 890 2645 dimur
931 2574 1159 2645 cordis
1209 2575 1564 2647 anxietate
1613 2575 1932 2662 solliciti,
1977 2583 2049 2646 et
2086 2575 2488 2646 affectamus
2520 2573 2858 2644 instanter
2892 2573 2982 2645 de
3013 2572 3213 2645 vobis
3239 2574 3483 2646 audire

660 2696 964 2769 veridica
997 2719 1181 2770 nova
1221 2721 1360 2792 que
1396 2700 1746 2793 placeant,
1782 2709 1854 2770 et
1885 2699 2063 2770 scire
2104 2698 2416 2795 plenarie
2459 2697 2530 2767 in
2568 2699 2777 2768 Terre
2807 2698 3056 2769 Sancte
3096 2698 3482 2770 subsidium

658 2831 888 2893 vestre
924 2821 1500 2915 peregrinationis
1537 2833 1901 2911 eventum,
1945 2823 2143 2893 velut
2174 2821 2297 2915 qui
2343 2820 2562 2918 (teste
2596 2842 2868 2892 summo
2899 2820 3175 2917 judice)
3209 2843 3484 2916 semper

660 2943 881 3040 ipsam
931 2966 1169 3018 amore
1226 2945 1498 3039 negocii
1558 2945 2109 3019 desideravimus
2158 2966 2564 3042 prosperam
2590 2997 2610 3034 ,
2654 2954 2725 3015 et
2777 2943 3139 3017 affectione
3185 2966 3482 3040 persone

662 3090 938 3164 semper
964 3079 1288 3143 votorum
1321 3070 1802 3142 conformitate
1839 3070 2137 3141 felicem.
2179 3072 2283 3141 De
2314 3070 2515 3161 cujus
2551 3068 2761 3140 etiam
2811 3069 3127 3160 ingressu
3170 3069 3479 3161 negocii,

663 3194 856 3265 velut
892 3195 966 3264 in
1002 3203 1144 3265 tam
1174 3194 1409 3265 valida
1452 3214 1687 3264 rerum
1734 3202 1804 3265 et
1850 3203 2241 3289 temporum
2282 3201 2692 3287 tempestate
2732 3201 2995 3263 tentato
3017 3245 3038 3283 ,
3083 3213 3194 3264 res
3224 3193 3484 3289 quippe

663 3315 935 3387 solliciti
962 3315 1173 3409 plena
1201 3316 1488 3408 timoriS,
1516 3336 1713 3387 amor
1736 3337 1945 3411 quem
1973 3314 2066 3388 ad
2092 3316 2571 3410 progenitores
2597 3325 2870 3387 vestros
2901 3324 2973 3387 et
3002 3337 3130 3388 vos
3161 3315 3486 3388 habuisse

666 3439 972 3511 suaviter
1011 3459 1480 3510 memoramur
1522 3440 1794 3512 illesum
1813 3492 1834 3530 ,
1880 3438 2156 3512 timidos
2195 3461 2326 3512 nos
2367 3440 2614 3512 crebro
2661 3439 2933 3530 reddit,
2976 3451 3048 3512 et
3090 3441 3489 3513 multotiens

668 3562 875 3635 etiam
929 3562 1249 3634 dubitare
1293 3563 1522 3656 coegit
1565 3585 1656 3634 ne
1700 3563 1883 3635 votis
1938 3563 2425 3635 communibus
2471 3563 2812 3635 absonum
2864 3563 3130 3635 infestis
3166 3564 3493 3658 auspiciis

668 3686 934 3757 exitum
969 3687 1356 3758 sortiretur.
1409 3687 1597 3758 Inter
1627 3686 1754 3758 has
1804 3687 2147 3780 siquidem
2186 3687 2577 3757 anxietates
2613 3696 2685 3757 et
2728 3686 3228 3758 sollicitudines
3251 3740 3272 3778 ,
3319 3708 3494 3780 quas

668 3819 960 3882 eventus
990 3811 1204 3881 futuri
1233 3810 1552 3882 dubietas
1582 3811 1834 3882 nostris
1867 3810 2228 3881 affectibus
2258 3809 2658 3902 ingerebat,
2696 3809 2998 3880 volatilis
3035 3810 3215 3881 fame
3244 3831 3491 3902 garru-

665 3932 825 4004 litas
847 3985 867 4023 ,
904 3932 1115 4004 variis
1163 3934 1474 4006 discussa
1518 3933 1883 4023 relatibus,
1927 3932 2333 4027 supervenit
2370 3957 2389 4001 :
2422 3952 2560 4023 que
2591 3931 2903 4002 veritatis
2938 3932 3204 4002 utinam
3236 3952 3494 4004 vacuas

668 4055 1105 4129 recitationes
1140 4067 1499 4148 eructanS,
1532 4056 1772 4128 classis
1811 4056 2001 4147 regie
2037 4055 2319 4128 stolium
2340 4110 2360 4148 ,
2396 4052 2709 4126 fidelium
2749 4053 3016 4125 dudum
3052 4064 3293 4126 sancto
3325 4076 3490 4148 pro-

669 4178 895 4273 posito
931 4199 1074 4250 non
1107 4180 1257 4251 sine
1309 4179 1581 4272 magnis
1628 4180 1945 4250 laborum
1996 4188 2068 4249 et
2117 4186 2519 4274 sumptuum
2559 4176 3073 4273 profusionibus
3107 4199 3490 4271 congrega·

673 4313 821 4373 tum
844 4355 865 4393 ,
902 4302 975 4372 in
1016 4311 1426 4396 tempestate
1467 4302 1679 4373 maris
1723 4311 1793 4374 et
1822 4301 2193 4392 fluctuum,
2236 4302 2490 4393 quibus
2519 4321 2661 4372 non
2691 4300 2827 4372 nisi
2860 4301 3095 4373 divine
3133 4301 3494 4396 potestatis

671 4424 1006 4496 autoritas
1035 4425 1373 4519 imperat,
1409 4425 1899 4497 colluctatione
1926 4435 2301 4496 ventorum
2346 4423 2640 4496 asseruit
2679 4423 3151 4515 disgregatum
3192 4422 3326 4522 (l).
3379 4425 3492 4495 Ex

750 4645 835 4720 (η’
856 4646 953 4705 Illa
989 4653 1278 4721 tempestas
1312 4663 1454 4720 quae
1485 4648 1626 4721 regis
1656 4647 1907 4705 Ludovici
1938 4646 2166 4705 classem
2205 4647 2488 4721 dissipavit
2522 4647 2653 4704 dum
2693 4662 2725 4704 e
2765 4646 2941 4720 Cypro
2975 4646 3045 4704 ad
3083 4646 3234 4704 littus
3263 4646 3491 4721 Aegypti

675 4742 950 4812 tenderet,
976 4743 1119 4801 circa
1144 4742 1306 4801 flnem
1333 4743 1534 4801 mensis
1560 4744 1688 4801 maii
1711 4744 1924 4801 accidit.

3619 1087 3801 1146 [mm
