4525 6031
1099 652 1219 716 796
2102 646 2533 712 Flunsslucl
2581 648 2931 711 SECUNDI
3544 644 3712 724 [Anu.
3747 644 3924 710 1250.

1099 782 1429 869 Scalioni
1468 782 1564 862 de
1601 777 1890 888 Foggia
1928 778 2228 860 statutis
2269 806 2497 888 super
2546 778 2891 863 custodia
2937 774 3210 885 Trojae
3260 775 3575 861 mandat
3629 788 3717 860 ut
3760 788 3930 886 post

1100 915 1670 1026 inquisitionem
1727 910 2008 992 factam
2059 911 2516 1020 prohibeant
2576 938 2674 994 ne
2733 909 3282 993 monasterium
3338 908 3788 993 Cassinense
3847 912 3925 992 in

1101 1047 1432 1131 ecclesiis
1486 1056 1562 1127 et
1620 1042 2229 1152 possessionibus
2284 1071 2479 1153 quas
2549 1042 2779 1125 habet
2831 1042 3037 1151 apud
3091 1040 3399 1149 Trojam
3453 1042 3922 1148 molestetur,

1103 1180 1208 1261 ita
1246 1189 1500 1260 tamen
1539 1178 1749 1286 quod
1787 1201 2014 1283 super
2050 1176 2172 1257 his
2216 1174 2718 1284 procurandis
2770 1175 3074 1256 nullum
3124 1174 3456 1257 incolam
3491 1173 3611 1259 vel
3647 1176 3927 1258 oriun-

1103 1313 1292 1393 dum
1329 1313 1426 1392 de
1462 1308 1690 1417 Troja
1724 1334 2117 1390 remanere
2155 1308 2437 1391 ibidem
2476 1308 2948 1417 permittant.

1268 1524 1498 1604 (Edidit
1523 1524 1836 1598 Gutum,
1866 1523 2088 1585 Hister.
2111 1522 2308 1585 abbat.
2347 1524 2601 1599 Cassia„
2624 1539 2765 1601 pars
2789 1524 2842 1601 1,
2871 1520 3192 1601 supplem„
3221 1539 3285 1600 p.
3318 1521 3489 1602 280.)

1205 1715 1284 1786 In
1333 1712 1616 1784 nomine
1655 1711 1929 1782 Domini
1984 1711 2204 1783 nostri
2253 1712 2465 1783 Jhesu
2513 1711 2784 1783 Christi.
2836 1709 3042 1782 Anno
3083 1708 3574 1781 incarnationis
3622 1707 3933 1799 ejusdem

1109 1838 1475 1909 millesimo
1534 1835 2014 1907 ducentesimo
2069 1836 2648 1929 quinquagesimo
2677 1889 2699 1925 ‚
2755 1836 3141 1931 imperante
3181 1856 3352 1907 vero
3385 1832 3668 1905 domino
3701 1841 3934 1904 nostro

1109 1961 1395 2033 domino
1427 1959 1758 2031 Federico
1793 1959 1917 2030 Dei
1950 1959 2174 2051 gratia
2210 1959 2666 2030 invictissimo
2698 1959 3168 2031 Romanorum
3217 1958 3634 2053 imperatore
3666 1978 3938 2051 semper

1110 2094 1407 2176 augusto
1458 2103 1644 2154 anno
1698 2082 2045 2154 tricesimo
2070 2135 2090 2170 ‚
2145 2103 2309 2174 rege
2352 2082 2734 2155 Jerusalem
2783 2103 2970 2154 anno
3005 2082 3338 2154 vicesimo
3374 2081 3618 2176 quinto
3664 2090 3736 2151 et
3774 2099 3933 2170 rege

1112 2208 1340 2280 Sicilie
1386 2228 1572 2278 anno
1620 2206 2196 2301 quinquagesimo
2254 2206 2494 2295 tertio,
2545 2206 2660 2277 die
2709 2207 2890 2298 jovis
2937 2206 3274 2299 vigesimo
3301 2205 3560 2276 mensis
3586 2203 3930 2293 octubris,

1111 2353 1296 2404 none
1339 2329 1736 2401 indictionis
1759 2382 1779 2419 ,
1824 2329 2014 2424 apud
2051 2330 2352 2420 Trojam.
2389 2330 2531 2400 Nos
2565 2329 2945 2401 Palmerius
2977 2328 3354 2424 imperialis
3384 2328 3585 2418 Troje
3611 2326 3840 2418 judex
3870 2336 3937 2397 et

1109 2455 1447 2546 Rogerius
1499 2453 1587 2524 (16
1633 2452 1967 2525 Giliberto
2000 2452 2316 2544 ejusdem
2363 2461 2544 2523 terre
2594 2452 2919 2546 publicus
2960 2451 3274 2525 notarius
3319 2450 3663 2546 presentis
3704 2448 3936 2544 scripti

1115 2580 1292 2651 serie
1334 2579 1769 2650 declaramus
1812 2575 2006 2669 quod
2037 2578 2251 2648 frater
2301 2577 2719 2648 Benedictus
2769 2577 2859 2649 de
2904 2577 3090 2647 Luco
3126 2575 3510 2650 monachus
3541 2571 3938 2646 monasterii

1112 2702 1570 2790 CassinensiS‚
1603 2722 1732 2795 pro
1763 2709 1958 2794 parte
1993 2700 2210 2794 ipsius
2241 2699 2670 2790 monasterii,
2720 2699 2980 2772 domno
3025 2700 3283 2772 Iacobo
3325 2699 3414 2771 de
3461 2698 3802 2790 Rigniano
3850 2694 3937 2767 de

1114 2825 1332 2898 Casali
1384 2827 1584 2895 Novo
1640 2834 1710 2894 et
1743 2823 1962 2913 judici
1996 2823 2293 2894 Scalioni
2329 2823 2417 2894 de
2444 2823 2825 2895 Jerusalem
2864 2824 2953 2895 de
2984 2823 3196 2916 Fogia
3233 2822 3509 2895 statutis
3540 2841 3755 2915 super
3779 2841 3934 2890 cus-

1116 2949 1307 3022 todia
1342 2949 1581 3040 Troje,
1632 2947 1890 3040 egregii
1930 2945 2062 3018 viri
2095 2946 2335 3019 domni
2374 2945 2685 3019 Riccardi
2732 2946 2821 3019 de
2856 2947 3130 3020 Roccha
3176 2945 3552 3042 imperialis
3589 2942 3938 3037 justitiarii

1117 3074 1516 3167 Capitanate
1541 3071 1806 3143 litteras
1824 3071 2299 3166 infrascriptas
2324 3068 2425 3167 (a)
2452 3069 2730 3159 detulit,
2771 3091 3066 3164 quarum
3100 3068 3525 3142 continentia
3558 3089 3686 3162 per
3712 3065 3937 3139 omnia

1120 3196 1277 3267 talis
1311 3205 1462 3266 erat
1502 3223 1519 3266 :

1216 3316 1683 3388 Prudentibus
1725 3317 1892 3388 viris
1927 3315 2186 3388 domno
2217 3317 2476 3389 Iacobo
2510 3317 2598 3388 de
2629 3316 2970 3408 Rigniano
3004 3315 3093 3386 de
3125 3316 3343 3387 Casali
3374 3315 3573 3387 Novo
3617 3322 3690 3385 et
3725 3312 3941 3406 judici

1122 3441 1422 3513 Scalioni
1447 3441 1536 3511 de
1553 3440 1762 3531 Fogia
1793 3440 2069 3510 statutis
2091 3461 2302 3534 super
2329 3440 2643 3512 custodia
2671 3442 2871 3532 Troje
2892 3491 2911 3529 ,
2959 3439 3201 3512 amicis
3228 3439 3397 3529 suis,
3441 3437 3816 3510 Riccardus
3854 3436 3940 3508 de

1122 3565 1352 3635 Rocca
1405 3563 1782 3657 imperialis
1830 3562 2240 3653 justitiarius
2281 3559 2682 3656 Capitanate
2727 3565 3021 3635 salutem
3081 3571 3150 3634 et
3199 3583 3509 3634 amorem
3564 3562 3932 3633 sincerum.

1125 3689 1376 3759 Sacras
1414 3707 1641 3780 nuper
1669 3686 2059 3778 recepimus
2089 3686 2485 3779 imperiales
2530 3687 2795 3757 litteras
2826 3687 2898 3757 in
2948 3686 3081 3758 bac
3134 3686 3355 3758 forma
3389 3712 3407 3756 ε
3445 3724 3546 3737 -
3578 3685 3942 3758 Federicus

1125 3809 1252 3881 Dei
1279 3810 1526 3900 gratia,
1548 3817 1718 3899 etc„
1740 3809 2114 3900 justitiario
2140 3810 2543 3903 Capitanate
2561 3861 2580 3899 ,
2612 3819 2748 3883 etc.
2782 3807 2894 3882 Ad
2922 3809 3244 3901 religiosa
3271 3810 3424 3882 loca
3456 3809 3756 3881 cultibus
3779 3808 3947 3882 divi·

1123 3933 1232 4004 nis
1269 3934 1588 4028 exposita
1633 3933 2016 4025 benignum
2049 3955 2329 4028 semper
2365 3933 2691 4005 habendo
2734 3942 3123 4027 respectum
3149 3985 3169 4024 ‚
3213 3931 3530 4005 fidelitati
3580 3943 3699 4005 tue
3723 3933 3943 4028 preci-

1127 4057 1382 4153 piendo
1436 4057 1848 4128 mandamus
1893 4064 2238 4148 quatenus
2281 4057 2645 4128 occasione
2677 4057 2989 4129 mandati
3039 4057 3257 4128 nostri
3305 4056 3394 4128 (16
3431 4055 3945 4128 exhabitatione

1126 4182 1325 4271 Troje
1357 4180 1624 4275 pridem
1659 4180 1887 4251 emissi
1915 4178 2021 4275 (l)
2043 4234 2062 4271 ,
2097 4201 2308 4275 super
2345 4179 2638 4251 ecclesia
2668 4179 2903 4252 Sancti
2932 4179 3183 4271 Angeli
3211 4180 3300 4252 de
3335 4179 3650 4271 Rodingo
3683 4193 3754 4250 et
3784 4200 3943 4276 pos-

1211 4368 1293 4447 (α)
1337 4369 1411 4428 In
1435 4371 1718 4447 impresso
1745 4370 2047 4448 capitaneo
2083 4366 2313 4430 litteras
2339 4368 2658 4450 infr-aptas,
2692 4369 2861 4430 male.

1202 4655 1276 4728 (l)
1315 4654 1469 4713 Unde
1496 4655 1878 4728 suspicandum
1911 4660 1996 4711 est
2027 4659 2226 4712 statum
2249 4657 2480 4729 Apuliae
2513 4663 2644 4714 tunc
2671 4658 2928 4731 temporis
2958 4672 3068 4715 non
3094 4658 3264 4715 multo
3293 4657 3458 4715 fuisse
3485 4657 3757 4716 diversum
3786 4656 3856 4715 ab
3883 4670 3948 4715 63

1130 4752 1432 4810 conditione
1455 4769 1560 4825 qua
1580 4751 1738 4809 fuerit
1760 4758 1883 4825 post
1906 4767 2216 4824 regressum
2242 4753 2582 4827 imperatoris
2606 4770 2640 4812 6
2663 4756 2827 4813 Terra
2849 4755 3041 4814 Sancta
3063 4756 3220 4813 annis
3243 4757 3380 4812 ⁴229
3405 4762 3461 4814 et
3487 4758 3645 4814 ⁴230.
