4525 6031
1007 664 1131 725 980
1941 663 2192 722 INDEX
2241 658 2940 721 uocum-:monuit

1036 864 1261 939 1244-

1032 989 1263 1072 [julio]
1325 1032 1756 1052 .......
1790 1023 1868 1035 -
1910 991 2127 1051 Scribit
2151 988 2562 1050 Brixiensibus
2586 1004 2652 1048 se
2681 1001 2821 1046 cum
2850 990 2978 1046 tota
3014 986 3296 1047 comitiva
3330 983 3581 1044 fratrum
3617 1001 3862 1046 suorum

1867 1090 2218 1164 applicuisse
2252 1087 2541 1159 Januam,
2571 1091 2632 1145 et
2656 1101 2794 1144 cum
2809 1086 2939 1160 jam
2967 1085 3045 1143 sit
3078 1085 3142 1142 in
3179 1083 3309 1143 loco
3347 1081 3451 1141 ubi
3487 1098 3559 1141 ea
3597 1098 3751 1157 quae
3786 1082 3863 1142 ad

1868 1186 2352 1261 tranquillitatem
2382 1183 2581 1258 popuii
2603 1182 2911 1241 christiani
2935 1182 3253 1257 pertinent,
3284 1180 3469 1256 possit
3495 1178 3677 1238 iibere
3701 1187 3859 1239 trac-

1868 1290 1993 1343 tare
2007 1325 2024 1354 ,
2055 1299 2155 1342 eos
2199 1282 2467 1341 bortatur
2505 1287 2576 1341 nt
2611 1282 2676 1339 in
2713 1279 2889 1340 solita
2921 1279 3293 1355 Apostolicae
3332 1277 3505 1339 SedIs
3544 1277 3863 1338 devotione

1869 1381 2202 1455 persistant.
3743 1382 3855 1433 201

1028 1490 1105 1542 24
1127 1496 1269 1540 nov.
1324 1485 1438 1559 Ap.
1494 1483 1761 1559 Burgum
1790 1508 1869 1520 —
1909 1475 2335 1535 Wencezlaum
2376 1489 2571 1551 regem
2609 1472 2925 1532 Bobemiae
2952 1472 3164 1532 liberat
3191 1487 3228 1531 a
3262 1472 3476 1548 quavis
3512 1485 3859 1530 excommu-

1345 1580 1614 1640 Camheri
1632 1625 1650 1656 ‚
1674 1583 1737 1640 in
1869 1574 2180 1631 nicationis
2204 1571 2298 1631 vel
2336 1570 2633 1629 interdicti
2676 1572 2967 1629 sententia
2991 1571 3055 1628 in
3088 1584 3223 1628 eum
3250 1574 3356 1628 aut
3381 1570 3445 1627 in
3485 1574 3702 1626 terram
3731 1571 3862 1645 ejus

1421 1676 1676 1736 vallibus
1872 1667 2322 1745 promulganda.
3509 1671 3625 1723 243
3654 1669 3715 1723 et
3742 1672 3861 1723 912

964 1870 973 1886 ’
1056 1875 1091 1926 8
1118 1865 1248 1924 dec.
1366 1773 1709 1946 ἵῖἑῖῗιιιὶιῗ.
1792 1895 1870 1907 -
1911 1861 2240 1921 Wladislao
2277 1862 2431 1937 regis
2455 1859 2772 1921 Bobemiae
2806 1858 2927 1918 filio
2962 1858 3257 1918 licentiam
3282 1855 3389 1915 dat
3421 1861 3659 1932 neptem
3691 1854 3863 1916 ducis

1871 1958 2143 2018 Austriae
2186 1957 2610 2033 desponsandi,
2652 1970 2932 2015 concessa
2976 1955 3032 2013 ei
3079 1969 3186 2029 pro
3211 1951 3516 2029 parentela
3542 1950 3861 2027 dispensa-

1039 2013 1261 2088 1245
1869 2056 2053 2116 tione.
3462 2054 3604 2121 274,
3634 2052 3762 2107 not.
3796 2054 3855 2105 2.

1067 2159 1100 2209 3
1123 2153 1248 2226 jan.
1395 2142 1693 2220 Lugduni·
1794 2182 1874 2194 —
1912 2149 2287 2227 Encyclicam
2321 2150 2504 2208 mittit
2541 2147 2616 2207 de
2657 2147 2909 2225 generali
2943 2145 3193 2206 concilio
3220 2145 3381 2221 apud
3405 2144 3766 2222 Lugdunum
3794 2146 3858 2203 in

1873 2247 2023 2307 festo
2052 2246 2252 2306 Sancti
2277 2245 2312 2303 J
2316 2246 2563 2305 ohannis
2594 2246 2893 2319 Baptistae
2917 2243 3287 2304 celebrando.
3740 2248 3855 2300 247

1049 2349 1120 2400 16
1133 2343 1263 2417 jan.
1396 2333 1692 2409 Lugduni·
1792 2376 1875 2387 —
1912 2345 2150 2403 Fratres
2195 2342 2501 2424 hospitalis
2557 2342 2808 2402 Sanctae
2848 2341 3072 2400 Mariae
3119 2339 3620 2399 Theutonicornm
3663 2341 3865 2396 monet

1871 2439 2033 2517 quod
2069 2438 2395 2498 Gerardum
2435 2437 2513 2497 de
2552 2436 2852 2513 Malberg,
2890 2436 3188 2512 quondam
3232 2451 3437 2495 eorum
3476 2436 3857 2512 magistrum,

1872 2537 1950 2597 ad
1978 2537 2444 2611 'templariorum
2470 2534 2737 2594 ordinem
2766 2535 3013 2593 transire
3035 2533 3336 2593 sustinuit.
3741 2538 3859 2590 248

1023 2641 1094 2692 18
1120 2632 1292 2707 april.
1393 2625 1689 2704 Lugduni.
1792 2665 1875 2677 —
1913 2633 2277 2692 Fridericum
2312 2633 2715 2691 Romanorum
2758 2632 3168 2706 imperatorem
3204 2631 3348 2688 citat
3389 2626 3466 2687 ad
3504 2642 3862 2703 comparen-

1872 2730 2028 2790 dum
2047 2732 2109 2787 in
2137 2729 2388 2788 concilio
2415 2727 2819 2804 Lugdunensi.
3742 2731 3859 2782 270

1021 2833 1095 2885 3ο
1119 2825 1290 2900 april.
1393 2819 1689 2897 Lugduni.
1794 2859 1874 2871 —
1914 2825 2290 2886 Patriarchae
2327 2824 2693 2884 Antiocheno
2731 2829 2940 2883 notum
2985 2821 3127 2882 facit
3167 2821 3386 2898 quibus
3423 2820 3861 2880 conditionibus

1123 2932 1186 2985 et
1874 2938 2076 2998 pacem
2131 2921 2329 2981 adbuc
2375 2937 2512 2980 cum
2566 2922 2918 2995 imperatore
2968 2918 3266 2979 Friderico
3319 2923 3623 2993 acceptare
3676 2915 3857 2989 velit,

1043 3034 1080 3084 6
1101 3025 1267 3084 maii.
1875 3019 2195 3078 dummodo
2222 3019 2517 3077 restitutio
2541 3020 2907 3093 captivorum
2936 3023 2995 3075 et
3019 3023 3206 3075 terrae
3232 3014 3525 3075 Ecclesiae
3551 3020 3687 3074 ante
3715 3030 3859 3074 con-

1875 3116 2074 3175 cilium
2116 3113 2250 3187 ssat,
2287 3121 2349 3174 et
2389 3131 2451 3174 se
2488 3115 2731 3190 principi
2774 3129 2994 3172 munus
3030 3111 3415 3172 absolutionis
3452 3114 3860 3188 impensurum

1873 3213 2164 3288 promittit
2191 3213 2242 3269 si
2266 3210 2339 3269 de
2364 3209 2688 3269 manifestis
2715 3209 2959 3268 offensis
2987 3190 3365 3279 satisfecerit,
3394 3213 3508 3267 etc.
3742 3214 3853 3267 271

1026 3319 1096 3370 13
1136 3312 1292 3386 Julii.
1395 3303 1688 3381 Lugduni.
1793 3340 1873 3353 —
1913 3307 2229 3385 Privilegia
2264 3308 2565 3366 Romanae
2608 3306 2905 3365 Ecclesiae
2946 3305 3023 3365 ab
3069 3304 3518 3380 imperatoribus
3556 3309 3617 3362 et
3654 3304 3862 3363 multis

1873 3402 2108 3479 regibus
2135 3401 2246 3461 sub
2273 3402 2518 3461 diversis
2544 3401 2911 3478 temporibus
2938 3417 3240 3473 concessa,
3271 3403 3334 3459 in
3363 3416 3547 3460 unum
3574 3400 3774 3477 colligi
3800 3406 3864 3461 et

1879 3498 2187 3558 transcribi
2210 3498 2416 3573 jubet3
2446 3498 2663 3575 quibus
2692 3499 3071 3573 transumptis
3099 3497 3488 3574 quadraginta
3507 3496 3751 3573 praelati
3788 3500 3855 3556 in

1873 3595 2120 3655 concilio
2146 3593 2533 3672 Lugdunensi
2560 3601 2891 3671 praesentes
2921 3594 3110 3670 sigilla
3138 3610 3245 3653 sna
3273 3598 3592 3670 apponunt.
3696 3592 3711 3617 “⁷
3740 3601 3853 3652 317

1025 3705 1094 3755 17
1135 3695 1292 3772 julii.
1394 3691 1692 3770 Lugduni.
1796 3722 1875 3737 —-
1914 3692 1983 3751 In
2014 3692 2374 3751 Fridericum
2399 3693 2799 3752 Romanorum
2833 3695 3244 3767 imperatorem
3286 3693 3634 3751 sententiam
3663 3690 3860 3766 depo-

1875 3791 2104 3849 sitionis
2130 3789 2499 3866 promulgat,
2529 3806 2634 3864 pro
2663 3806 2732 3849 eo
2761 3789 2921 3865 quod
2947 3789 3297 3865 dejci-averit
3324 3789 3623 3848 multoties
3649 3803 3857 3864 pacem

1874 3890 2026 3945 inter
2067 3886 2391 3946 Ecclesiam
2451 3892 2509 3945 et
2551 3888 2866 3962 imperium
2915 3886 3288 3945 reformatam
3334 3884 3612 3944 violando
3630 3926 3649 3956 ‚
3694 3883 3855 3961 quod

1873 3982 2244 4060 sacrilegium
2272 3985 2707 4058 perpetraverit,
2736 3982 2897 4058 quod
2925 3982 2998 4042 de
3024 3982 3252 4042 haeresi
3278 3981 3649 4041 evidentibus
3673 3997 3852 4058 argu·

1872 4081 2084 4139 mentis
2109 4086 2414 4155 suspectus
2444 4078 2754 4151 habeatur,
2783 4085 2901 4139 ete.
3740 4087 3854 4139 319

1049 4193 1081 4243 3
1127 4199 1267 4260 aug,
1393 4173 1689 4251 Lugduni.
1794 4208 1874 4220 —
1914 4177 2269 4254 Episcopum
2307 4177 2738 4253 Frisingensem
2771 4193 2807 4237 a
2847 4177 3149 4237 sententiis
3183 4177 3858 4235 excommunicationum

1873 4280 1932 4333 et
1960 4276 2405 4348 suspensionum
2438 4275 2503 4331 in
2531 4275 2723 4348 ipsum
2752 4274 3136 4351 promulgatis
3162 4274 3514 4333 auctoritate
3541 4273 3861 4351 apostolica

2019 4369 2101 4427 lvi
2136 4413 2150 4430 .

1038 4480 1109 4531 21
1138 4487 1275 4547 aug.
1399 4463 1695 4542 Lugduni.
1794 4370 2020 4525 -Ἓῗ
2046 4375 2295 4525 fratitrum
2340 4481 2583 4525 suorum
2623 4466 2863 4525 consilio
2902 4480 3100 4543 regem
3136 4465 3475 4541 Hungariae
3518 4376 3859 4524 abaciam:

1874 4562 2187 4622 denuntiat
2225 4579 2261 4621 a
2301 4565 2632 4639 juramento
2676 4563 2936 4640 homagii
2979 4563 3140 4639 quod
3182 4564 3516 4637 imperatori
3560 4561 3859 4622 Friderico

1875 4660 2178 4734 quondam
2226 4659 2337 4720 sub
2399 4661 2730 4721 conditione
2782 4660 3157 4738 postmodum
3208 4676 3330 4719 non
3385 4665 3615 4719 servata
3672 4674 3858 4735 prae-

1876 4756 2046 4814 stitit.
3738 4762 3853 4814 3⁴5
