4525 6031
978 684 1138 746 1054

1115 815 1254 872 4488

1112 1201 1250 1256 4489

1114 1488 1244 1542 4494

1117 2061 1256 2118 4492

1119 2348 1257 2402 4493

1121 2917 1260 2973 4495

1129 4643 1271 4699 4496

1979 679 2229 741 INDEX
2279 680 2998 747 CHRONOLOGICUS.

1495 815 1564 870 23
1591 809 1726 884 julii.
1817 810 1975 886 Apud
1990 811 2450 888 Theyseonacnm.
2595 814 2865 871 Hom-ioue
2902 813 2974 869 VI
2990 856 3005 885 ‚
3062 810 3424 869 Romanorum
3439 823 3556 879 rex,
3582 821 3684 880 pro
3710 806 4008 866 flamberto

3056 906 3126 964 de
3151 906 3362 963 Thoiria
3389 904 3573 962 nobili.
3601 905 3665 960 T.
3692 904 3761 975 V,
3789 920 3848 977 p.
3876 906 4005 962 246.

1496 1007 1564 1060 49
1588 1011 1726 1078 sept.
1927 1004 2081 1078 Apud
2107 1011 2347 1064 castrum
2593 993 2913 1066 Fru‘dmouff
2955 1005 3013 1076 1,
3052 1005 3412 1062 Romanorum
3433 1002 3741 1073 imperator,
3762 1014 3860 1073 pro
3876 998 4009 1057 bur-

2031 1101 2266 1160 Liznich.
3058 1099 3311 1174 gensibus
3326 1097 3394 1155 de
3410 1096 3636 1154 Lubeck.
3653 1098 3714 1153 Τ.
3728 1096 3798 1167 11,
3811 1114 3866 1168 p.
3879 1096 4004 1152 578.

1493 1201 1553 1252 40
1576 1196 1722 1254 maii.
1897 1197 2056 1271 Apud
2080 1199 2363 1257 Werdam.
2737 1231 2808 1243 -
3055 1198 3412 1255 Romanorum
3434 1194 3743 1266 imperator,
3766 1208 3869 1265 pro
3895 1209 4009 1250 mo·

3055 1293 3287 1350 nasterio
3319 1290 3389 1349 de
3422 1290 3559 1347 Owe
3596 1290 3651 1345 in
3696 1287 4008 1362 episcopatu

3059 1386 3386 1444 Tridentino.
3417 1386 3480 1441 T.
3510 1385 3579 1451 V,
3606 1401 3663 1457 p.
3690 1385 3784 1440 70.

1494 1484 1560 1540 47
1582 1484 1737 1558 junii.
1896 1484 2052 1558 Apud
2086 1485 2403 1559 Neapolim..
2604 1487 2870 1544 Hmriout
2917 1485 3029 1555 Vl,
3064 1484 3417 1540 Romanorum
3442 1480 3750 1552 imperator,
3778 1493 3880 1551 pro
3905 1476 4007 1535 ab·

3063 1578 3206 1636 batia
3277 1576 3457 1634 Sancti
3519 1574 3739 1632 Gisleni.
3789 1575 3854 1630 T.
3911 1573 4004 1644 lv,

3056 1693 3112 1750 p.
3142 1675 3270 1732 750.

1530 1776 1563 1830 9
1589 1777 1697 1829 oct.
1829 1815 1841 1828 .
1901 1813 1915 1827 .
1970 1812 2457 1829 .........
2744 1804 2815 1816 -
3059 1772 3420 1829 Romanorum
3446 1768 3751 1841 imperator,
3779 1780 3880 1839 pro
3905 1761 4008 1821 ab·

3058 1868 3202 1926 batia
3219 1866 3399 1923 Sancti
3417 1864 3710 1922 Salvatoris
3723 1863 3792 1921 de
3808 1863 4004 1920 Iuenna.

3057 1965 3120 2022 T.
3148 1965 3239 2030 v1,
3266 1980 3324 2036 p.
3356 1965 3446 2018 88.

1495 2061 1566 2117 24
1591 2065 1728 2133 sept.
1915 2060 2067 2135 Apud
2091 2060 2360 2119 Leodinm.
2748 2093 2816 2105 —
3063 2062 3421 2119 Romanorum
3439 2059 3749 2131 imperator,
3768 2072 3870 2130 pro
3884 2056 4010 2112 bur-

3021 2231 3027 2236 ,
3063 2153 3840 2230 gensibusConetantiensibue.
3856 2152 3921 2209 T.
3938 2154 4007 2222 V,

3067 2255 3315 2326 p.⁴⁴oa.

1496 2348 1564 2400 48
1594 2344 1739 2401 maii.
1874 2344 2029 2419 Apud
2059 2347 2423 2421 wurceburg.
2755 2377 2829 2391 —
3075 2349 3436 2406 Romanorum
3455 2346 3761 2418 imperator,
3781 2359 3881 2419 pro
3902 2359 4011 2400 mo-

3064 2443 3298 2500 nasterio
3343 2439 3749 2514 Tegernseenei.
3800 2439 3864 2495 T.
3915 2439 4004 2505 111,

3061 2554 3118 2612 p.
3149 2542 3243 2595 484
3261 2580 3274 2592 .

1488 2634 1557 2689 28
1578 2633 1738 2706 junii.
1859 2632 2014 2707 Apud
2042 2634 2418 2692 wormatiam.
2747 2665 2821 2679 —
3069 2636 3428 2693 Romanorum
3454 2635 3762 2707 imperator,
3791 2646 3887 2705 pro
3916 2646 4012 2687 ec-

3064 2731 3224 2788 clesia
3243 2729 3675 2804 archiepiscopali
3693 2726 4008 2786 Coloniensi.

3060 2828 3125 2883 T.
3157 2828 3203 2897 1,
3233 2843 3293 2900 p.
3324 2829 3450 2902 453.

1485 2921 1522 2976 4
1548 2918 1750 2991 aprilis.
2080 2922 2219 2980 Bari.
2759 2952 2833 2966 —
3072 2923 3434 2981 Romanorum
3461 2922 3770 2995 imperator,
3799 2934 3899 2993 pro
3922 2933 4009 2975 ec-

3064 3019 3227 3076 clesia
3249 3015 3535 3091 episcopali
3550 3015 3831 3074 Pennenei.
3847 3014 3910 3072 T.
3938 3014 4005 3085 11,

3060 3132 3117 3189 p.
3149 3118 3270 3174 492.

1499 3210 1560 3262 4ο
1593 3207 1738 3266 maii.
1881 3209 2039 3283 Apud
2062 3207 2317 3268 Eectssum
2342 3210 2414 3269 de
2753 3240 2825 3254 —
3069 3211 3430 3269 Romanorum
3455 3211 3765 3285 imperator,
3794 3226 3892 3283 pro
3916 3224 4012 3266 ec-

2037 3307 2235 3366 Mareu.
3061 3307 3221 3365 cleeia
3246 3306 3532 3381 episcopali
3556 3306 3800 3363 Teatina.
3832 3306 3895 3361 T.
3917 3304 4007 3375 111,

3066 3420 3126 3478 p.
3156 3405 3243 3461 47.

1492 3496 1564 3552 24
1592 3495 1738 3552 maii.
2068 3497 2237 3570 Regii.
2752 3529 2823 3543 —
3069 3500 3429 3557 Romanorum
3455 3497 3766 3571 imperator,
3795 3511 3895 3571 pro
3924 3513 4011 3554 ec·

1503 3600 1510 3607 '
3065 3595 3229 3654 cleeia
3245 3594 3534 3669 episcopali
3544 3594 3849 3668 Reginenei.
3864 3595 3925 3650 T.
3940 3594 4008 3662 11,

3064 3708 3121 3765 p.
3155 3692 3281 3748 4⁴8.

1531 3782 1569 3838 7
1592 3788 1699 3841 oct.
1963 3783 2326 3842 wirtzburch.
2745 3816 2818 3829 -
3063 3787 3422 3844 Romanorum
3440 3785 3750 3859 imperator,
3767 3802 3867 3860 pro
3899 3802 4013 3844 mo-

3067 3881 3303 3938 nasterio
3311 3880 3832 3954 Reichersbergensi.
3843 3883 3906 3938 T.
3919 3881 3990 3939 ΙΙΙ
3999 3926 4015 3951 ,

3066 3991 3123 4049 p.
3154 3978 3282 4033 488.

1513 4073 1582 4125 48
1614 4073 1723 4126 oet.
1888 4070 2045 4144 Apud
2070 4068 2411 4143 Haguntiam.
2712 4118 2717 4123 .
2756 4099 2825 4114 —
3071 4072 3436 4130 Romanorum
3459 4073 3766 4146 imperator,
3794 4088 3893 4148 pro
3919 4072 4014 4130 ab·

3060 4166 3207 4225 batia
3251 4169 3319 4226 de
3360 4171 3540 4227 flente
3578 4169 3782 4229 Veteri.
3824 4171 3888 4226 T.
3918 4167 4011 4239 IV,

3069 4281 3126 4338 p.
3155 4265 3281 4323 768.

1558 4370 1684 4413 nov.
1836 4397 1850 4412 .
1907 4399 1920 4413 .
1975 4396 2404 4416 ........
2424 4402 2429 4409 .
2446 4398 2460 4414 .
2622 4356 2947 4417 Constantia
2976 4403 2991 4432 ‚
3059 4360 3415 4418 Romanorum
3432 4360 3746 4435 imperatrix
3760 4366 3816 4417 et
3832 4358 4015 4432 regina

3066 4455 3274 4513 Siciliae
3291 4498 3306 4525 ‚
3347 4472 3446 4530 pro
3484 4455 3883 4530 archiepiscopo
3916 4455 4013 4511 Ba—

3060 4552 3223 4608 renei.
3260 4553 3320 4608 T.
3346 4553 3414 4623 11,
3439 4569 3497 4626 p.
3528 4555 3649 4609 843.

1503 4644 1573 4701 23
1594 4643 1747 4716 junii.
2025 4644 2291 4703 Panormi.
2759 4676 2819 4690 —
3066 4647 3427 4704 Romanorum
3474 4646 3786 4722 imperatrix
3828 4650 3886 4702 et
3921 4660 4017 4701 re-

2992 4767 3004 4781 ·
3066 4742 3192 4815 gina
3217 4742 3445 4815 Siciliae,
3475 4758 3572 4817 pro
3617 4742 4015 4816 archiepiscopo

3071 4838 3376 4903 Cueentino.
3400 4840 3465 4895 T.
3493 4840 3560 4911 11,
3588 4855 3645 4912 p.
3679 4841 3803 4896 394.
