4525 6031
684 660 882 720 umor.
918 609 1006 740 72]
1573 650 1968 716 msroma
2016 651 2611 720 mrtoua'ncs.
3380 647 3495 710 691
3525 634 3538 644 ·

685 793 933 867 nobilis
974 791 1111 863 tuis
1155 786 1606 883 beneplacitis
1655 788 2003 883 obligetur
2038 810 2308 885 nosque
2347 790 2640 885 proinde
2680 797 2796 861 tue
2830 785 3241 861 sinceritatis
3277 784 3503 857 zelum

686 919 930 990 merito
960 914 1553 989 commendemus.

779 1044 1031 1114 Datum
1062 1038 1409 1133 Lugduni,
1434 1038 1492 1109 11
1520 1037 1851 1111 kalendas
1882 1038 2241 1131 februarii,
2277 1060 2465 1114 anno
2489 1040 2607 1114 VI.

788 1596 1271 1682 Innocentius
1306 1625 1504 1709 papa
1539 1601 1853 1683 mandat
1896 1598 2247 1709 episcopo
2301 1598 2827 1709 Ratisponensi
2872 1608 2958 1681 ut
3001 1597 3274 1680 ducem
3329 1596 3499 1680 Ba-

686 1731 934 1814 variae
1005 1743 1270 1815 contra
1334 1732 1859 1843 juramentum
1924 1759 2153 1816 suum
2224 1732 2603 1816 Friderico
2675 1731 3111 1841 imperatori
3198 1730 3504 1813 assidue

686 1864 1222 1948 adhaerentem
1278 1880 1353 1948 et
1395 1865 1561 1976 ejus
1619 1867 1697 1948 in
1768 1867 2074 1950 Austria
2125 1867 2324 1950 vices
2379 1877 2807 1977 gerentem,
2869 1865 3501 1948 excommunica-

685 2009 850 2080 tum
899 2001 1293 2085 denuntiet
1338 2011 1412 2084 et
1459 2002 1537 2083 in
1586 2001 1840 2112 ipsum
1886 2001 2202 2085 verbum
2252 2001 2499 2085 crucis
2536 2001 2914 2110 praedicet
2957 2012 3033 2085 et
3075 2000 3304 2085 faciat
3347 2027 3504 2110 pu-

685 2133 986 2243 blicari,
1028 2136 1270 2219 donec
1304 2135 1680 2220 Ecclesiae
1715 2136 2137 2247 plenariam
2173 2136 2764 2221 satisfactionem
2804 2135 3122 2219 dederit.

845 2363 1045 2443 (Edld.
1071 2367 1335 2443 Horma,
1364 2363 1632 2428 Biblioeh.
1665 2364 1763 2427 des
1790 2363 1943 2428 liter.
1984 2366 2215 2427 Vereins
2240 2365 2308 2425 in
2334 2365 2656 2447 Stuttqart,
2680 2372 2729 2429 t.
2754 2364 2922 2438 XVI,
2943 2382 3008 2443 p.
3044 2374 3175 2427 17⁷.
3205 2364 3504 2444 Integrlus

919 2490 1082 2534 nunc
1106 2474 1457 2536 exhibemus
1496 2492 1569 2535 ex
1607 2477 1813 2554 regist.
1851 2477 2019 2552 epist.
2053 2474 2261 2536 Innoc.
2293 2473 2404 2550 IV,
2433 2490 2591 2535 anno
2617 2472 2735 2546 Ἦ,
2768 2475 2833 2533 in
2861 2473 3010 2534 Bibl.
3046 2473 3249 2536 Cesar.
3279 2473 3499 2551 Paris„

919 2578 1253 2658 anasonds
1278 2576 1454 2658 latin,
1489 2589 1668 2656 4039,
1698 2591 1766 2641 n·
1796 2579 1964 2659 341.)

776 2780 1242 2874 Innocentius,
1279 2792 1450 2873 etc.,
1482 2783 1809 2879 episcopo
1834 2781 2346 2879 Ratisponensi,
2382 2789 2519 2854 etc.
2557 2782 2727 2854 Cum
2760 2780 2883 2852 tibi
2910 2780 3227 2853 dicamur
3250 2781 3505 2854 nostris

683 2903 956 2977 dedisse
991 2905 1237 2978 litteris
1268 2907 1339 2978 in
1369 2908 1717 2981 mandatis
1755 2918 1834 2980 ut
1842 2961 2123 2981 .....
2169 2907 2422 2979 ducem
2464 2905 2787 2996 Bavarie,
2834 2905 2966 2977 nisi
3006 2926 3049 2976 a
3089 2915 3156 2977 te
3200 2906 3505 2979 monitus

681 3028 859 3102 infra
907 3033 1157 3103 festum
1204 3032 1714 3128 Assumptionis
1768 3034 1971 3105 beate
2016 3032 2230 3106 Marie
2277 3029 2593 3128 proxime
2648 3030 3054 3126 preteritum
3104 3030 3363 3103 rediret
3410 3033 3506 3105 ad

682 3156 1215 3229 ecclesiasticam
1250 3158 1621 3248 unitatem,
1651 3157 1891 3250 gratiis
1926 3167 1997 3230 et
2027 3155 2475 3249 indulgentiis
2507 3154 2639 3227 sibi
2679 3177 2721 3228 a
2757 3154 2978 3228 felicis
3009 3156 3506 3230 recordationis

680 3278 1010 3372 Gregorio
1042 3303 1223 3377 papa
1260 3282 1750 3377 predecessore
1784 3293 2023 3356 nostro
2058 3282 2407 3355 concessis
2446 3280 2854 3353 auctoritate
2886 3289 3119 3353 nostra
3158 3281 3500 3376 privares,

681 3401 841 3475 licet
881 3404 1069 3476 idem
1113 3407 1262 3479 dux
1306 3417 1464 3502 post
1507 3406 1959 3479 monitionem
2006 3416 2197 3478 tuam
2237 3407 2432 3499 quod
2477 3414 2719 3477 contra
2764 3405 3142 3478 Ecclesiam
3193 3406 3263 3478 in
3311 3408 3507 3480 nullo

680 3540 1107 3622 processerat
1138 3531 1420 3626 proprio
1451 3532 1844 3622 juramento
1885 3530 2176 3603 firmarit
2206 3552 2289 3603 ac
2330 3552 2406 3603 se
2436 3529 2843 3626 ‘promiserit
2883 3551 3009 3625 per
3032 3532 3508 3623 juramentum

680 3650 1073 3743 hujusmodi
1120 3676 1605 3748 processurum
1638 3656 2033 3727 nullatenus
2068 3666 2311 3727 contra
2344 3677 2534 3748 eam;
2577 3656 2725 3750 ipse
2763 3665 2993 3727 tamen
3030 3655 3208 3728 sicut
3234 3656 3509 3752 accepi-

682 3796 862 3864 mus,
894 3777 1274 3869 juramenti
1302 3778 1633 3871 religione
1673 3788 2100 3875 contempta,
2134 3779 2483 3874 prioribus
2514 3781 2755 3875 pejora
2776 3779 3217 3852 committens
3248 3790 3319 3852 et
3342 3782 3506 3853 Fre-

679 3898 891 3971 derici
954 3901 1307 3994 quondam
1366 3903 1803 3999 imperatoris
1858 3905 2323 4000 persecutoris
2375 3905 2682 3978 Ecclesia
2738 3905 2807 3975 in
2864 3905 3178 3999 partibus
3232 3904 3509 3979 Austris

677 4043 928 4114 gerens
961 4024 1181 4098 vicem
1203 4078 1224 4118 ,
1264 4026 1393 4121 ipsi
1437 4028 1745 4101 Ecclesia
1786 4049 1871 4100 ac
1924 4050 2077 4100 eam
2121 4027 2617 4120 adjuvantibus
2650 4028 3025 4122 plurimum
3064 4026 3501 4100 adversatur.

678 4146 979 4241 Ideoque
1011 4147 1326 4222 fidelitati
1361 4160 1476 4224 tue
1509 4173 1636 4247 per
1666 4153 2043 4248 apostolica
2081 4153 2336 4247 scripta
2369 4152 2442 4223 in
2481 4151 2736 4224 virtute
2768 4150 3164 4223 obedientie
3196 4150 3507 4227 districte

678 4273 1126 4368 precipiendo
1167 4277 1580 4349 mandamus
1616 4288 1989 4370 quatenuS,
2040 4278 2099 4350 si
2141 4289 2247 4350 est
2277 4278 2399 4369 ita,
2438 4277 2761 4349 eumdem
2798 4276 3052 4349 ducem
3097 4276 3506 4349 auctoritate

677 4410 912 4470 nostra
926 4399 1274 4494 privatum
1290 4422 1442 4474 esse
1470 4401 1889 4474 denuntians
1905 4402 2144 4495 gratiis
2168 4411 2239 4474 et
2256 4400 2705 4493 indulgentiis
2720 4423 2801 4471 su
2807 4399 3162 4495 pradictis,
3189 4401 3262 4472 in
3277 4400 3506 4496 ipsum

678 4533 749 4596 et
782 4523 855 4596 in
886 4546 1015 4598 sua
1061 4526 1513 4622 perversitate
1547 4527 1965 4601 adherentes
1994 4529 2224 4602 eidem
2253 4526 2992 4602 excommunicationis
3032 4536 3105 4599 et
3144 4526 3505 4602 interram

677 4646 829 4738 ejus
881 4648 1227 4723 interdicti
1256 4652 1637 4725 sententias
1668 4674 1809 4725 non
1842 4652 2120 4727 differas
2153 4653 2636 4748 promulgare,
2678 4672 2935 4746 easque
2973 4651 3237 4725 tamdiu
3273 4650 3508 4744 singu-

675 4771 759 4843 lis
790 4772 1041 4847 diehus
1072 4775 1438 4852 dominicis
1467 4786 1541 4851 et
1575 4778 1860 4870 festivis,
1882 4778 2174 4874 pulsatis
2199 4778 2558 4877 campanis
2584 4786 2660 4852 et
2687 4776 2997 4852 candelis
3021 4775 3359 4870 accensis,
3379 4798 3509 4872 per

3596 1599 3881 1700 etssgffffii.
