4525 6031
667 673 868 733 ῑηυιοτ.
901 672 994 748 7.]
1572 671 1969 735 HISTORIA
2017 671 2609 735 DIPLOMATICA.
3373 675 3497 739 749

667 803 801 875 bus
855 801 1189 899 precipua
1244 822 1376 874 nos
1415 822 1585 873 cura
1630 804 2038 902 sollicitat),
2089 813 2230 877 tam
2273 804 2573 875 libenter
2615 823 2823 895 quam
2872 802 3163 875 viriliter
3220 826 3493 879 assum-

667 926 885 1021 psisse
915 926 1262 998 videmus.
1290 923 1401 997 Ad
1435 926 1627 1019 quod
1658 928 1874 1000 vellet
1904 928 2363 1022 personaliter
2388 937 2460 998 et
2485 935 2807 1021 potenter
2834 948 2976 998 una
3009 927 3370 1001 vobiscum
3402 932 3496 1005 ad

668 1066 956 1140 presens
994 1042 1199 1141 (teste
1232 1065 1557 1140 supremo
1588 1044 1859 1141 Iudice)
1902 1047 2213 1140 potentie
2256 1054 2495 1118 nostre
2537 1045 2762 1117 virtus
2792 1044 3152 1137 insurgere
3175 1099 3196 1137 ,
3243 1056 3322 1119 ut
3372 1049 3497 1121 uhi

669 1169 975 1240 maxime
1022 1190 1134 1239 res
1178 1179 1415 1241 nostra
1453 1170 1708 1261 agitur,
1766 1179 2117 1242 tantorum
2168 1169 2557 1265 principum
2609 1168 2938 1240 societate
2995 1177 3133 1239 tam
3182 1168 3495 1262 gratifica

669 1292 995 1364 comitiva
1038 1292 1333 1381 suffulti,
1382 1292 1688 1385 gaudere
1722 1314 2120 1387 possemus,
2161 1293 2295 1365 nisi
2326 1302 2662 1385 concepta
2694 1289 2957 1362 dudum
2991 1293 3107 1363 vel
3136 1293 3494 1386 antiquata

670 1415 840 1508 quin
885 1416 1116 1511 potius
1148 1437 1328 1512 pape
1374 1417 1593 1489 nostri
1645 1418 1998 1511 nequitia,
2052 1427 2191 1489 tam
2238 1417 2308 1486 in
2349 1415 2459 1487 his
2499 1435 2709 1508 quam
2743 1414 2816 1485 in
2856 1414 3048 1504 aliis,
3093 1425 3303 1509 prout
3332 1416 3492 1488 uni-

668 1540 960 1611 versalis
1004 1541 1154 1633 jam
1202 1540 1396 1613 notio
1445 1541 1796 1636 publicat,
1838 1541 2093 1614 nostris
2133 1538 2496 1613 desideriis
2535 1538 2853 1609 obviaret
2888 1538 3004 1610 vel
3043 1549 3485 1633 repugnaret.

668 1661 1023 1736 Vellemus
1053 1663 1537 1755 nihilominus,
1587 1665 1754 1736 dum
1788 1664 2178 1762 personalia
2203 1684 2350 1734 non
2377 1662 2718 1767 possimus
2748 1661 3242 1752 adjuvamenta
3271 1663 3496 1758 porri-

668 1805 833 1877 gere
885 1787 1087 1859 vobis
1133 1796 1205 1859 et
1249 1788 1439 1881 genti
1483 1796 1752 1878 vestre,
1795 1789 1887 1860 de
1944 1786 2286 1880 suffragiis
2335 1786 2488 1857 aliis
2533 1795 2605 1856 et
2647 1785 3000 1881 opulentia
3052 1786 3246 1876 regni
3277 1788 3496 1859 nostri

669 1908 1035 2004 magnifice
1084 1910 1456 2007 providere
1479 1964 1499 2002 ,
1544 1912 1603 1983 si
1649 1912 1924 1984 caristia
1954 1890 2360 1984 victualium
2394 1931 2531 2002 que
2563 1909 2637 1980 in
2682 1930 2900 2000 regno
2941 1917 3182 1981 nostro
3221 1908 3496 1982 duobus

662 2035 806 2126 jam
832 2036 1180 2129 preteritis
1194 2036 1396 2109 annis
1414 2036 1732 2128 invaluit,
1759 2046 1830 2108 et
1852 2045 2267 2133 potestatem
2291 2034 2570 2105 inclusit
2592 2032 2971 2104 voluntatis
2986 2042 3248 2123 nostre,
3283 2056 3494 2126 quam

669 2180 879 2255 snper
934 2157 1069 2231 hoc
1119 2172 1512 2255 promptam
1563 2170 1634 2232 et
1676 2170 1990 2254 paratam
2047 2158 2439 2248 offerimus,
2492 2178 2636 2229 non
2685 2156 3020 2228 obstaret.
3080 2159 3489 2249 Quanquam

668 2281 878 2374 igitur
920 2283 1121 2355 vobis
1171 2294 1242 2354 et
1280 2284 1565 2374 vestris,
1636 2283 1863 2355 causis
1906 2304 2081 2377 quas
2124 2281 2468 2368 diximuS,
2508 2288 2743 2351 nostre
2777 2278 3169 2350 serenitatis
3218 2279 3492 2353 affectio

575 2401 582 2405 ’
670 2425 811 2477 non
870 2405 1205 2497 valuerit,
1257 2406 1435 2477 sicut
1478 2405 1739 2495 voluit,
1787 2404 2242 2476 amicabiliter
2293 2401 2697 2499 providere;
2750 2401 3199 2472 nihilominus
3260 2411 3491 2475 tamen

663 2540 894 2602 vestra
931 2529 1304 2601 dilectione
1341 2530 1668 2601 commoti
1702 2538 1772 2601 et
1812 2537 1953 2599 tam
1990 2527 2251 2600 salubri
2308 2525 2676 2599 commodo
2714 2524 3069 2620 persuasi,
3118 2525 3489 2596 maluimus

668 2654 868 2725 nobis
900 2653 1066 2748 ipsis
1113 2662 1184 2725 et
1214 2652 1536 2725 fidelibus
1581 2652 1836 2724 nostris
1877 2650 2244 2744 regnicolis
2284 2650 2356 2720 in
2402 2649 2554 2743 ipsa
2580 2646 2981 2719 victualium
3024 2646 3490 2719 subtractione

670 2777 912 2850 deesse
932 2830 952 2868 ,
987 2798 1198 2872 quam
1235 2777 1435 2849 vobis
1486 2786 1557 2847 et
1595 2775 1919 2848 fidelihus
1977 2774 2228 2847 vestris
2283 2782 2355 2845 et
2415 2773 2565 2843 aliis
2621 2770 2817 2863 regni
2863 2771 3076 2842 vestri
3141 2770 3490 2842 nobilibus

668 2902 790 2996 qui
826 2924 954 2997 per
994 2923 1288 2994 regnum
1337 2910 1652 2973 nostrum
1701 2899 2062 2970 transitum
2100 2896 2497 2970 habuerunt
2516 2949 2536 2987 ,
2591 2895 2664 2966 in
2721 2904 2864 2967 tam
2908 2895 3096 2966 utilis
3150 2904 3219 2966 et
3267 2894 3489 2966 sancti

667 3026 1002 3122 propositi
1029 3025 1512 3122 persecutione
1545 3022 1883 3112 deficere,
1914 3022 1986 3091 in
2019 3021 2274 3117 quibus
2305 3020 2554 3093 vestris
2589 3028 2662 3091 et
2687 3039 2925 3090 eorum
2962 3017 3488 3089 necessitatibus

655 3159 904 3234 *nostra
961 3160 1198 3246 posset
1254 3147 1630 3219 liberalitas
1673 3145 2070 3218 subvenire.
2118 3146 2358 3240 Nuper
2402 3143 2588 3215 enim
2625 3143 2718 3214 ad
2757 3141 3270 3215 ostendendum
3313 3161 3487 3236 pure

664 3274 1054 3346 dilectionis
1084 3272 1457 3363 indicium,
1503 3291 1714 3363 quam
1746 3267 1839 3341 ad
1868 3290 1996 3342 vos
2032 3278 2104 3341 et
2127 3278 2402 3340 vestros
2436 3288 2713 3363 semper
2753 3266 3122 3337 habuimus
3163 3275 3235 3336 et
3269 3263 3486 3336 habe-

665 3420 820 3469 mus
851 3398 1116 3470 illesam
1135 3450 1155 3488 ,
1201 3394 1499 3469 Iohanni
1544 3394 1635 3467 de
1663 3393 1894 3464 Trecis
1943 3390 2074 3489 (a),
2124 3391 2385 3464 nuncio
2414 3389 2502 3462 A.
2555 3390 2825 3461 comitis
2856 3385 3354 3486 [pictaviensis]
3382 3386 3484 3485 (b)

665 3520 1049 3593 charissimi
1082 3520 1313 3591 fratris
1343 3518 1605 3608 vestri,
1653 3517 1842 3588 mille
1884 3538 2161 3588 saumas
2215 3514 2305 3587 de
2343 3514 2759 3586 victualibus
2807 3513 2997 3584 curie
3033 3521 3267 3584 nostre
3316 3521 3387 3585 et
3434 3512 3488 3583 L

657 3644 1052 3732 ‚dextrarios
1094 3644 1386 3716 fecimus
1432 3642 1813 3714 liberaliter
1844 3639 2216 3731 assignari,
2253 3639 2441 3711 dicto
2478 3638 2713 3711 comiti
2755 3658 2882 3733 pro
2920 3636 3152 3728 viagio
3203 3656 3333 3709 suo
3376 3633 3486 3732 (1)

668 3790 760 3840 ex
794 3779 992 3865 parte
1039 3778 1275 3840 nostre
1325 3765 1757 3839 celsitudinis
1804 3763 2342 3860 presentandos;
2388 3782 2718 3834 concessa
2756 3760 2889 3833 sibi
2947 3759 3397 3832 nihilominus
3442 3780 3484 3830 a

662 3894 1026 3985 majestate
1082 3901 1318 3963 nostra
1368 3888 1646 3961 licentia
1710 3887 1901 3981 quod
1942 3886 2035 3958 ad
2071 3907 2247 3981 opus
2292 3883 2610 3976 ejusdem
2654 3882 2925 3955 comitis
2968 3882 3357 3954 necessaria
3411 3882 3484 3952 in

748 4121 834 4203 (a)
875 4122 947 4183 In
973 4124 1257 4199 impresso
1280 4116 1351 4178 de
1376 4118 1545 4193 Loco,
1578 4117 1763 4195 male3
1790 4117 1857 4176 in
1881 4115 2017 4176 cod.
2048 4112 2349 4175 Guelferb.
2379 4110 2450 4172 de
2480 4109 2674 4173 Grecis
2679 4130 2715 4187 ,·
2734 4113 2798 4172 ln
2826 4111 2961 4171 cod.
2991 4110 3376 4171 Mediomont.
3409 4107 3483 4172 de

672 4230 885 4290 Trecis.
914 4228 1049 4288 Vid.
1080 4242 1281 4302 supra,
1314 4241 1373 4300 p.
1409 4232 1549 4296 748,
1579 4229 1703 4283 not.
1738 4231 1795 4282 1.

747 4345 829 4428 (b)
873 4347 945 4406 In
974 4347 1259 4421 impresso
1293 4337 1617 4412 Thalamai,
1646 4339 1863 4400 menda
1885 4338 2159 4410 evidens3
2189 4352 2405 4397 nomen
2441 4336 2508 4395 in
2533 4337 2776 4395 caeteris
2799 4334 3100 4396 codicibus
3125 4334 3306 4395 deest.

733 4694 811 4767 (4)
846 4692 1094 4750 Alfonsus
1127 4703 1310 4747 comes
1341 4686 1692 4745 Pictaviensis
1729 4685 1872 4760 apud
1895 4685 2082 4757 Aquas
2113 4683 2357 4774 Mortuus
2383 4670 2578 4738 navem
2609 4679 2850 4737 ascendit
2873 4681 2945 4738 25
2990 4678 3200 4751 augusti
3237 4682 3379 4737 ⁴249
3423 4687 3481 4737 et

659 4792 959 4849 Damiatam
981 4787 1239 4846 advectus
1265 4790 1349 4842 est
1369 4785 1456 4842 die
1480 4783 1746 4853 dominica
1767 4789 1892 4839 aute
1917 4780 2113 4838 festum
2141 4777 2240 4836 SS.
2270 4777 2502 4835 Simonis
2525 4783 2582 4835 et
2603 4777 2775 4834 Judae
2803 4775 2889 4849 (24
2918 4775 3189 4848 octobris).

818 4887 926 4951 VI.
966 4910 1084 4956 Pu·
1102 4911 1147 4955 π.
3083 4881 3158 4935 95
