4525 6031
619 617 825 676 Im.
855 612 955 695 6.]
1512 610 1907 671 HISTORIA
1957 607 2559 672 DIPLOMATICA.
3337 603 3461 675 579

622 757 800 821 tare.
841 747 1111 833 Quibus
1147 742 1478 817 exhibitis
1510 766 1745 817 coram
1778 744 2016 833 vobis,
2051 745 2506 836 quantitatem
2534 745 2844 816 omnium
2873 746 3356 821 mandatomm
3388 758 3460 820 et

618 870 1159 967 responsalium,
1194 869 1375 941 sicut
1401 868 1494 942 ad
1518 869 1904 963 quemlibet
1934 868 2223 961 singulis
2254 869 2611 940 mensibus
2637 879 2801 940 sunt
2825 868 3115 961 directa,
3144 870 3463 944 discretis

618 995 731 1071 bis
764 1015 903 1088 que
943 992 1202 1065 fiscalia
1242 1013 1437 1064 mere
1476 992 1840 1064 continent
1879 1013 1921 1063 a
1966 992 2295 1087 privatiS,
2330 993 2630 1083 faciatis,
2668 993 2946 1066 officiali
2987 1004 3310 1099 presente
3332 1047 3353 1085 ,
3385 996 3459 1066 in

619 1126 967 1211 quaterno
996 1116 1233 1211 aliquo
1255 1116 1753 1188 memorialiter
1778 1116 2123 1188 annotari.
2160 1117 2414 1209 Sicque
2441 1116 2804 1207 instanter,
2839 1118 2897 1187 si
2927 1116 3101 1188 hora
3130 1120 3246 1189 vel
3278 1127 3455 1190 tem·

619 1261 757 1334 pns
808 1239 1073 1334 patitur
1123 1250 1198 1311 et
1246 1240 1384 1311 alia
1436 1249 1673 1311 nostra
1729 1241 1957 1331 maj0r
2003 1239 2273 1311 utilitas
2330 1261 2474 1311 non
2527 1249 2912 1333 repugnat,
2977 1241 3230 1331 legatis
3294 1262 3456 1313 cum

619 1384 892 1434 summa
925 1362 1286 1453 diligentia
1319 1363 1556 1433 literas
1592 1383 1731 1455 que
1762 1362 1856 1435 ad
1885 1362 2217 1434 officiales
2259 1363 2652 1456 specialiter
2694 1385 2823 1456 pro
2861 1362 3122 1434 nostris
3158 1364 3456 1436 servitiis

619 1495 783 1558 sunt
822 1486 1128 1575 directe,
1163 1485 1410 1559 ordine
1452 1485 1832 1575 mensium,
1868 1486 2047 1557 sicut
2090 1485 2433 1576 diximus,
2475 1484 2840 1575 ordinat0,
2882 1487 2996 1557 vel
3037 1487 3128 1557 ab
3179 1486 3455 1563 officiali

618 1620 943 1705 presente
964 1662 984 1700 ,
1022 1610 1113 1682 de
1156 1609 1571 1681 executione
1622 1610 1901 1680 illorum
1953 1631 2093 1704 que
2142 1608 2462 1682 videritis
2502 1630 2629 1703 per
2661 1630 2792 1679 nos
2831 1609 3161 1680 mandata
3202 1606 3451 1701 fuisse,

617 1755 746 1828 per
773 1734 1010 1805 literas
1036 1732 1515 1825 exquirendo:
1544 1754 1685 1825 que
1713 1733 1772 1804 si
1797 1732 2114 1805 videritis
2139 1754 2269 1827 per
2294 1753 2453 1803 eum
2484 1731 2882 1803 executioni
2907 1732 3141 1804 debite
3171 1733 3456 1806 deman-

615 1857 821 1946 data,
855 1856 1356 1929 commendetis
1397 1856 1738 1946 eundem,
1771 1866 1844 1928 et
1886 1856 2149 1928 bonum
2191 1877 2595 1950 processum
2640 1856 2790 1946 ejus
2832 1856 2905 1925 in
2949 1856 3232 1951 speciali
3277 1878 3446 1951 qua-

616 1988 845 2070 terno,
876 2001 1089 2073 quem
1122 1982 1351 2051 facere
1379 2001 1511 2052 vos
1540 1980 1706 2052 inde
1739 1980 2189 2073 precipimuS,
2221 1979 2446 2072 redigi
2481 1980 2784 2070 faciatiS,
2820 1990 3058 2051 nostre
3091 1982 3452 2053 conscien—

615 2103 711 2174 tie
735 2103 1179 2197 postmodum
1205 2103 1726 2198 applicandum.
1748 2103 1953 2190 Quod
1980 2104 2039 2174 si
2066 2103 2268 2175 vobis
2293 2103 2383 2174 de
2415 2104 2727 2198 ipsorum
2757 2104 3170 2176 executione
3199 2105 3452 2177 idonea

614 2246 761 2298 non
786 2226 1555 2320 constaret,requiratis
1573 2227 1667 2297 ab
1704 2247 1790 2299 eo
1824 2247 2041 2319 quare
2069 2226 2205 2298 hoc
2236 2227 2539 2321 potuerit
2562 2227 2924 2299 accidisse.
2944 2229 3078 2314 Qui
3107 2229 3165 2299 si
3184 2230 3447 2320 justam

617 2349 1086 2421 excusationis
1115 2370 1241 2421 sue
1273 2370 1554 2420 causam
1582 2349 2041 2444 pretenderit,
2073 2349 2375 2420 audiatis
2401 2349 2705 2421 eundem
2734 2360 2805 2421 et
2827 2351 3140 2424 similiter
3165 2363 3451 2425 annote-

615 2471 742 2562 tis3
793 2472 855 2544 si
893 2493 1062 2544 vero
1097 2493 1239 2543 non
1273 2474 1536 2564 justam
1581 2485 1705 2543 aut
1730 2473 1994 2544 nullam
2029 2472 2552 2546 excusationem
2590 2474 3010 2567 pretendere
3040 2476 3331 2569 poterit,
3373 2476 3444 2546 in

612 2604 905 2690 peccato
963 2595 1391 2686 negligentis
1446 2598 1563 2668 vel
1618 2597 1823 2690 culpe
1884 2618 2009 2667 sue
2059 2596 2340 2670 defectu
2394 2617 2522 2690 per
2564 2616 2693 2667 vos
2740 2606 2980 2667 nostre
3025 2598 3445 2670 conscientie

614 2718 1035 2812 applicetur3
1071 2718 1193 2788 ubi
1224 2739 1396 2791 vero
1429 2719 1765 2791 damnum
1793 2718 2083 2792 evidens
2114 2720 2324 2790 fuerit
2351 2740 2478 2814 per
2509 2718 2821 2790 officialis
2851 2719 3236 2810 defectum,
3270 2721 3445 2795 illud

611 2863 740 2937 per
785 2842 1154 2915 officialem
1200 2843 1506 2916 eundem
1559 2854 1702 2915 tam
1771 2841 1941 2915 fisco
1994 2864 2204 2935 quam
2250 2843 2575 2915 fidelibus
2618 2845 2873 2915 nostris
2913 2845 3074 2915 lesis
3117 2846 3443 2917 volumus

611 2966 1013 3040 restaurari.
1051 2966 1303 3061 Sicque
1335 2967 1663 3040 discussis
1694 2967 2041 3039 mandatis
2073 2976 2146 3038 et
2176 2967 2717 3063 responsalibus,
2756 2967 2979 3062 primo
3013 2989 3149 3060 que
3183 2966 3441 3041 fiscalia

611 3110 803 3162 mere
831 3091 1218 3182 continent,
1250 3091 1439 3164 idem
1464 3113 1594 3164 vos
1623 3093 1854 3163 facere
1879 3092 2204 3164 volumus
2231 3092 2321 3163 de
2353 3101 2588 3163 nostre
2617 3091 2835 3162 literis
2866 3093 3267 3182 majestatis,
3301 3115 3438 3186 que

611 3213 704 3286 ad
735 3235 897 3287 eum
933 3215 1222 3309 privatis
1251 3215 1871 3310 supplicationibus
1900 3225 2065 3285 sunt
2094 3215 2359 3287 directe
2394 3237 2411 3278 ε
2451 3215 2951 3308 responsalium
2983 3214 3076 3286 ad
3108 3215 3241 3286 hoc
3271 3237 3437 3288 nos-

613 3342 878 3407 trarum
906 3343 1148 3407 tenore
1175 3343 1247 3406 et
1277 3334 1512 3407 verbis
1543 3334 1856 3426 diligenti
1888 3334 2285 3427 provisione
2321 3335 2663 3429 pensatiS,
2701 3356 2839 3427 que
2867 3335 3086 3405 multa
3115 3337 3316 3407 vobis
3348 3336 3437 3408 de

610 3457 995 3530 commodis
1031 3457 1285 3530 nostris
1312 3457 1667 3553 aperient,
1706 3457 2073 3551 presertim
2098 3457 2169 3527 in
2196 3455 2787 3530 notificationibus
2824 3479 3292 3551 expensarum
3311 3511 3332 3547 ,
3366 3469 3439 3528 et

610 3581 689 3654 in
723 3580 879 3655 aliis
915 3579 1315 3652 officialium
1350 3590 1748 3652 nostrorum
1782 3580 2258 3674 processibuS,
2292 3580 2381 3652 de
2422 3581 2678 3674 quibus
2702 3580 2904 3652 vobis
2939 3581 3144 3651 aliter
3172 3581 3244 3649 in
3272 3600 3436 3673 pro-

611 3724 815 3778 cassu
848 3704 1192 3798 ratiocinii
1221 3726 1367 3776 non
1402 3712 1779 3778 constaret.
1812 3703 2178 3775 Generalis
2220 3725 2392 3776 vero
2427 3702 2757 3776 mandata
2798 3713 3072 3795 nostra,
3105 3725 3241 3796 que
3276 3725 3435 3797 spe-

613 3826 879 3898 cialiter
906 3827 978 3895 in
1011 3828 1322 3898 favorem
1352 3825 1717 3916 fiscalium,
1750 3837 1993 3897 contra
2021 3836 2381 3920 suspectos
2410 3827 2615 3898 nobis
2642 3826 3017 3920 aliquando
3048 3827 3438 3920 proditores

610 3962 884 4023 nostros
913 3961 1252 4022 eteorum
1281 3951 1868 4041 consanguineos,
1900 3950 2020 4042 qui
2051 3950 2121 4020 in
2152 3952 2585 4043 majestatem
2619 3959 2927 4020 nostram
2956 3951 3230 4021 noviter
3256 3949 3434 4020 deli·

612 4087 948 4167 querunt,
981 4074 1402 4164 direximuS,
1430 4095 1639 4167 super
1666 4072 2228 4165 inquisitionibus
2268 4072 2600 4143 faciendis
2642 4072 2730 4144 de
2781 4071 3112 4143 fidelitate
3159 4072 3433 4141 illorum

611 4197 867 4295 quibus
909 4197 1111 4270 litere
1149 4218 1192 4267 a
1232 4198 1435 4270 nobis
1466 4196 1555 4268 de
1589 4217 1779 4267 mera
1812 4195 2031 4288 gratia
2065 4195 2549 4289 impetrantur,
2597 4194 2686 4265 de
2718 4194 3153 4266 ordinatione
3186 4194 3433 4267 feudo·

608 4340 800 4410 rum,
832 4319 922 4391 de
964 4320 1281 4392 tenendis
1322 4331 1392 4391 et
1438 4319 1816 4391 reddendis
1836 4319 2207 4410 jumentiS,
2247 4319 2336 4391 de
2367 4319 2915 4389 immunitatibus
2940 4314 3039 4414 (a)
3069 4338 3205 4409 que
3252 4337 3435 4388 anno

610 4443 935 4535 proximo
966 4441 1298 4538 preterito
1334 4443 1574 4536 quinte
1603 4441 1999 4515 indictionis
2027 4441 2295 4514 indulte
2324 4453 2485 4514 sunt
2511 4463 2554 4514 a
2581 4443 2936 4533 majestate
2963 4452 3198 4513 nostra
3225 4440 3438 4514 eccle·

697 4703 781 4787 (a)
828 4706 899 4768 In
927 4709 1126 4771 codice
1150 4706 1669 4771 immutationibus.
