4525 6031
1041 583 1165 647 864
2095 584 2461 648 CONRADI
2509 586 2813 662 QUAR'rl
3479 582 3641 667 [Anu.
3676 582 3857 645 1245.

1045 729 1185 790 tam
1242 718 1554 791 debitum
1599 740 1810 811 quam
1866 731 2181 813 paratum
2230 745 2354 794 sue
2408 722 2882 818 possibilitatis
2933 721 3365 793 famulatum.
3432 719 3866 790 Excellentie

1040 852 1273 913 vestre
1343 841 1747 913 mandatum
1825 842 2079 915 devote
2140 847 2528 941 recepimus
2581 867 2791 941 super
2857 843 3427 917 transscribendis
3489 842 3868 937 privilegiis

1043 964 1441 1035 libertatum
1488 965 1778 1036 ecclesie
1824 967 2074 1039 Sancte
2112 969 2325 1040 Marie
2373 970 2443 1041 in
2475 969 2710 1041 Veteri
2738 971 2997 1057 Monte,
3038 966 3526 1062 cysterciensis
3558 965 3860 1056 ordinis,

1045 1088 1133 1160 de
1184 1109 1326 1158 non
1368 1089 1705 1161 solvendo
1748 1089 2110 1182 theloneo,
2152 1094 2344 1186 quod
2386 1093 2708 1165 devotius
2739 1091 3296 1187 adimplevimus.
3331 1089 3645 1162 Vidimus
3681 1089 3865 1160 enim

1044 1213 1192 1307 ipsa
1236 1213 1595 1306 privilegia
1643 1214 1912 1306 integra
1941 1226 2009 1287 et
2037 1216 2606 1307 incontaminata,
2646 1224 2716 1288 et
2744 1216 2990 1287 eadem
3025 1214 3421 1286 transscribi
3460 1213 3746 1284 fecimus
3777 1213 3867 1284 de

1043 1337 1260 1407 verbo
1308 1335 1399 1407 ad
1443 1338 1733 1408 verbum
1783 1360 1909 1433 per
1956 1341 2222 1431 omnia,
2253 1341 2457 1412 'sicut
2494 1350 2724 1413 vestra
2757 1340 3091 1412 serenitas
3116 1337 3533 1434 postulavit,
3570 1357 3867 1428 quorum

1046 1470 1247 1531 tenor
1276 1460 1432 1531 talis
1461 1468 1567 1531 est
1599 1487 1617 1531 ε

1145 1580 1573 1678 (Sequuntur
1607 1584 2047 1679 privilegium
2083 1586 2410 1659 Friderici
2448 1588 2774 1678 secundi,
2820 1588 3290 1658 Romanorum
3347 1584 3565 1676 regis,
3628 1584 3868 1655 datum

1044 1706 1372 1797 Nussiae,
1423 1729 1609 1780 anno
1650 1708 2038 1788 dominicae
2077 1711 2572 1783 incarnationis
2596 1711 2998 1800 M.CC.XV,
3029 1719 3279 1803 quarto
3303 1729 3527 1781 nonas
3556 1707 3865 1800 augusti,

1048 1832 1424 1904 indictione
1475 1833 1598 1922 III,
1644 1833 1834 1925 quod
1857 1834 2236 1906 videndum
2274 1846 2326 1906 t.
2369 1837 2432 1926 I,
2475 1859 2545 1930 p.
2588 1833 2765 1925 4⁴23
2801 1874 2903 1888 -
2937 1833 3375 1929 privilegium
3402 1831 3679 1904 Henrici
3707 1851 3869 1927 sep·

1047 1957 1231 2047 timi,
1269 1945 1740 2030 Romanorum
1768 1959 1949 2052 regis
1969 2013 1990 2050 ‚
2033 1960 2274 2032 datum
2309 1960 2499 2054 apud
2526 1961 2866 2051 Werden,
2908 1980 3094 2031 anno
3125 1958 3616 2031 incarnationis
3646 1957 3870 2030 domi-

1050 2082 1250 2154 nicae
1266 2082 1360 2154 Μ.
1382 2081 1504 2154 CC.
1519 2083 1732 2173 XXV,
1753 2084 2000 2176 quinto
2024 2084 2359 2155 kalendas
2384 2084 2689 2156 octobris
2708 2138 2729 2174 ,
2766 2083 3144 2155 indictione
3166 2083 3386 2172 XIIII,
3419 2081 3612 2175 quod
3625 2080 3872 2153 viden-

1049 2206 1219 2278 dum
1276 2216 1329 2277 t.
1366 2205 1461 2295 II,
1506 2229 1579 2301 p.
1623 2203 1804 2298 8573
1843 2248 1943 2261 ——
1980 2207 2419 2302 privilegium
2469 2228 2750 2301 quoque
2812 2207 3089 2278 Henrici
3152 2206 3336 2278 sexti
3398 2204 3870 2301 imperatoris,

1049 2328 1289 2401 datum
1340 2330 1528 2423 apud
1574 2332 2040 2423 Maguntiam,
2103 2352 2291 2404 anno
2336 2331 2611 2403 Domini
2664 2331 3065 2419 M.CXC.V,
3116 2330 3491 2402 indictione
3524 2328 3717 2420 XIII,
3752 2327 3876 2400 XV

1047 2452 1384 2524 kalendas
1427 2455 1825 2526 novembris
1843 2508 1863 2546 ,
1912 2466 1983 2527 et
2029 2476 2071 2526 a
2116 2455 2464 2528 Friderico
2504 2455 2814 2527 secundo
2844 2453 3332 2527 confirmatum
3352 2506 3372 2545 ,
3405 2453 3599 2547 quod
3626 2452 3875 2525 viden-

1049 2576 1217 2648 dum
1248 2588 1302 2648 t.
1335 2579 1448 2667 IV,
1484 2600 1556 2672 p.
1591 2572 1801 2676 767.)

1135 2700 1478 2774 Predictis
1510 2702 1745 2794 itaque
1772 2703 2097 2774 omnibus
2118 2702 2486 2775 intellectis
2514 2714 2586 2776 et
2608 2704 2978 2795 diligenter
2998 2700 3361 2797 inspectis,
3394 2699 3561 2794 quia
3577 2698 3880 2771 vidimus

1052 2844 1266 2919 opera
1301 2825 1576 2920 pietatis
1621 2837 1702 2898 et
1741 2827 2211 2898 misericordie
2252 2826 2511 2899 debere
2559 2849 2686 2921 per
2729 2848 2860 2899 nos
2894 2826 3045 2899 fieri
3078 2836 3150 2899 et
3194 2824 3486 2917 exequi,
3510 2823 3645 2920 piis
3670 2821 3880 2894 etiam

1051 2949 1234 3021 votis
1275 2958 1347 3021 et
1385 2951 1714 3045 operibus
1754 2951 2280 3047 progenitorum
2325 2961 2717 3024 nostrorum
2767 2950 3087 3022 inherere
3144 2951 3491 3039 volenteS‚
3518 2945 3883 3044 privilegia

1058 3073 1369 3168 predicta
1403 3074 1583 3146 sicut
1613 3076 1704 3147 de
1735 3077 1952 3147 verbo
1979 3076 2072 3146 ad
2101 3076 2397 3146 verbum
2429 3097 2556 3170 pro
2595 3075 3148 3146 immunitatibus
3180 3084 3252 3145 et
3280 3073 3603 3144 libertate
3630 3070 3883 3168 prefati

1060 3197 1458 3268 monasterii
1505 3218 1547 3268 a
1589 3198 1872 3292 prefatis
1918 3199 2477 3293 progenitoribus
2522 3199 2774 3268 nostris
2818 3198 3090 3269 indulta
3137 3206 3334 3285 sunt,
3390 3193 3778 3266 astantibus
3814 3202 3887 3266 et

1059 3321 1591 3412 suggerentibus
1632 3321 1834 3392 nobis
1870 3322 2276 3394 consiliariis
2313 3331 2383 3393 et
2413 3321 2866 3393 familiaribus
2897 3321 3183 3411 nostris,
3216 3318 3545 3399 videlicet
3574 3314 3886 3391 Gotffido

1059 3441 1148 3513 de
1184 3439 1619 3530 Hohenloch‚
1662 3442 1978 3515 Conrado
2018 3443 2349 3538 pincerna
2383 3444 2472 3516 de
2504 3444 2999 3536 Clingenburc,
3038 3441 3401 3514 Walthero
3426 3436 3760 3535 pincerna
3780 3438 3883 3512 'de

1058 3563 1416 3658 Limpurc,
1468 3562 1782 3636 Conrado
1834 3564 1922 3636 de
1978 3565 2420 3658 Smidelvelt,
2466 3566 2784 3639 Conrado
2826 3566 3159 3661 pincerna
3201 3563 3292 3636 de
3326 3562 3743 3656 Smalnegge
3774 3558 3882 3658 (t)

1061 3699 1133 3760 et
1160 3688 1458 3759 Henrico
1499 3689 1589 3761 de
1632 3689 1899 3761 Rivello
1938 3687 2075 3784 (2),
2138 3689 2372 3761 divine
2421 3690 2695 3785 pietatis
2739 3690 2995 3761 intuitu
3036 3686 3562 3777 confirmamus;
3598 3682 3887 3757 firmiter

1061 3812 1454 3885 inhibentes
1496 3821 1844 3906 quatenus
1877 3815 2112 3884 nullus
2151 3813 2242 3885 sit
2285 3814 2407 3908 qui
2459 3815 2813 3885 libertates
2854 3822 2925 3886 et
2949 3811 3426 3883 immunitates
3459 3802 3888 3905 inpredibt'rs

1061 3937 1441 4033 privilegiis
1484 3946 1849 4009 contentas
1890 3937 2267 4031 infringere
2301 3938 2739 4032 aliquatenus
2788 3959 2912 4009 seu
2962 3938 3227 4009 violare
3272 3924 3890 4033 presumatoudd

1061 4060 1186 4156 qui
1226 4060 1750 4156 presumpserit,
1785 4061 2334 4155 indignationem
2358 4061 2777 4133 serenissimi
2820 4061 3085 4134 Cesaris
3121 4058 3386 4133 domini
3416 4052 3889 4156 patris‘nos‘tri

1139 4408 1217 4479 (4)
1254 4408 1316 4462 In
1347 4407 1666 4464 documento
1703 4408 1772 4464 de
1798 4424 1939 4465 anno
1974 4410 2143 4481 ⁴243,
2184 4425 2370 4468 menso
2404 4409 2693 4483 februario,
2733 4411 2968 4468 secunde
3007 4410 3339 4481 indictionis,
3390 4408 3494 4467 iste
3518 4406 3801 4466 conradus
3826 4406 3893 4462 de

1066 4504 1383 4563 Smalnecke
1417 4519 1476 4560 se
1501 4504 1737 4560 intitulat
1765 4508 2033 4579 pincerna
2064 4506 2296 4564 ducatus
2334 4507 2556 4576 Suavis,
2596 4522 2689 4581 ap.
2743 4509 3191 4580 Hmssnunmn,
3231 4505 3473 4581 Diplom.
3514 4506 3766 4562 Bcwct'ss.
3800 4502 3891 4560 des

1063 4604 1238 4659 Hans.
1271 4600 1520 4672 Hohenl„
1548 4607 1590 4658 t.
1620 4601 1686 4671 11,
1707 4619 1764 4675 p.
1795 4604 1922 4660 2⁴6.

1135 4699 1211 4770 (2)
1250 4698 1329 4755 Cf.
1353 4697 1760 4769 Introduction,
1787 4714 1845 4773 p.
1877 4714 2041 4756 cxnu.
2064 4707 2117 4757 et
2139 4716 2265 4757 ccx.
