4525 6031
1600 658 1856 722 INDEX
1905 656 2599 719 uocumssm'rouuu.
3401 657 3525 720 965

684 983 957 1067 W
1093 975 1323 1061 Batou?
1457 1021 1538 1036 —
1574 988 1804 1066 Angelo
1838 987 1913 1049 de
1949 987 2131 1048 Pavia
2167 989 2530 1064 procuratori
2560 989 2758 1049 euriae
2801 973 2944 1049 suae
2980 989 3046 1048 in
3084 993 3241 1049 terra
3283 987 3528 1049 Bai-ensi

1537 1084 1886 1146 mandatum
1931 1083 2233 1162 quoddam
2285 1087 2633 1145 transmittit
2670 1102 2777 1161 pro
2812 1085 3251 1163 archiepiscopo
3280 1086 3523 1145 Barensi

733 1294 918 1371 [eirea
995 1328 1012 1346 ⁰
1075 1324 1428 1347 '''''
1459 1181 1856 1339 *ᾓὲἶὲιῖἕέ
1879 1293 1983 1353 1³⁰¹·
2005 1277 2314 1354 privilegia
2340 1293 2379 1337 a
2406 1294 2470 1337 se
2495 1278 2775 1338 ecclesiae
2801 1278 3001 1339 Sancti
3029 1277 3255 1339 Nicolai
3282 1277 3355 1337 de
3375 1190 3527 1338 13ss

697 1386 965 1472 octobr-J
1540 1392 1818 1437 concessa
1839 1375 1987 1435 nihii
2015 1374 2195 1435 fuisse
2225 1373 2570 1452 derogatum
2591 1376 2826 1452 juribus
2846 1376 3278 1452 parochialibus
3297 1381 3359 1435 et
3381 1392 3527 1436 con-

1543 1490 1724 1553 gruae
1749 1473 2094 1550 subjectioni
2116 1488 2273 1549 quae
2298 1471 2574 1533 eeclesiae
2599 1473 3074 1550 archiepiscopali
3093 1475 3335 1535 Barensi
3362 1490 3530 1534 com-

1542 1577 1774 1650 petunt.
3409 1580 3525 1632 462

685 1685 962 1745 novemb.
1058 1674 1360 1737 Luceriae.
1462 1701 1546 1715 -
1577 1668 1887 1729 Universis
1916 1666 2268 1728 officialibus
2301 1683 2406 1744 per
2440 1683 2686 1746 reguum
2721 1665 2956 1729 Siciliae
2990 1657 3329 1728 constitutis
3354 1685 3528 1730 man·

1541 1767 1649 1828 dat
1687 1771 1758 1825 ut
1790 1781 2009 1842 equos,
2046 1781 2242 1836 arma,
2284 1765 2568 1825 victualia
2610 1771 2671 1826 et
2717 1767 3042 1825 necessaria
3079 1765 3379 1842 quaelibet
3423 1783 3531 1843 pro

1540 1862 1845 1923 Ludovico
1910 1860 2279 1920 Francorum
2343 1876 2479 1938 rege
2538 1860 2918 1922 transfretare
2986 1862 3333 1937 disponente
3350 1905 3367 1933 ,
3426 1879 3531 1938 per

1543 1973 1790 2036 regnum
1815 1971 1992 2018 suum
2020 1958 2169 2033 emi,
2198 1956 2432 2016 extrahi
2459 1963 2520 2016 et
2547 1957 2625 2018 ad
2652 1963 2849 2034 partes
2875 1958 3292 2021 ultramarinas
3316 1960 3531 2021 deferri

1542 2056 1726 2116 libere
1751 2056 2114 2131 permittant.
3410 2068 3527 2119 ⁴65

687 2167 963 2228 novemb.
1059 2156 1360 2220 Luceriae.
1462 2186 1542 2199 -
1580 2153 1803 2213 Notum
1826 2150 1967 2212 iacit
1990 2167 2053 2211 se
2080 2150 2505 2210 mercatoribus
2529 2152 2758 2227 imperii
2784 2156 2844 2210 et
2864 2153 3030 2229 reg-ni
3056 2154 3148 2212 sui
3176 2156 3531 2216 concessisse

1540 2256 1613 2311 ut
1635 2249 1877 2310 Francis
1904 2249 2326 2325 crucesignatis
2352 2246 2593 2307 bladum
2625 2253 2685 2307 et
2707 2248 2825 2308 alia
2850 2249 3130 2310 victualia
3155 2250 3531 2326 supwditare

1543 2350 1800 2427 possint,
1830 2346 2040 2406 idonea
2078 2346 2190 2407 sibi
2219 2347 2495 2422 praestita
2526 2347 2795 2405 cautione
2825 2346 2986 2424 quod
3020 2348 3224 2408 eadem
3255 2349 3532 2411 victualia

1543 2446 1626 2515 ad
1642 2446 2019 2505 necessitates
2044 2443 2373 2503 infidelium
2396 2458 2640 2502 suorum
2661 2459 2779 2501 non
2801 2442 3054 2506 debeant
3075 2449 3366 2506 converti.
3411 2455 3529 2507 466

741 2558 922 2634 [cirea
1001 2590 1433 2612 .......
1468 2576 1546 2589 -
1581 2542 1801 2604 Scribit
1834 2541 2102 2611 Ezelino,
2146 2539 2448 2600 Saracenis
2486 2538 2716 2599 Siciliae
2751 2538 2829 2599 ad
2864 2540 3142 2600 mandata
3189 2558 3296 2602 sua
3340 2543 3531 2603 redire

744 2653 918 2737 nov.]
1546 2641 1793 2711 coactis,
1823 2655 1944 2699 non
1965 2640 2094 2717 jam
2126 2637 2331 2698 adesse
2364 2636 2787 2712 impedimenta
2813 2653 2966 2713 quae
2998 2653 3176 2698 suum
3203 2639 3268 2698 in
3294 2639 3530 2700 Italiam

1122 2748 1136 2769 ⁸
1547 2738 1802 2799 reditum
1826 2735 2144 2796 retardent.
3412 2745 3486 2797 47
3499 2748 3522 2798 1

747 2848 911 2934 [nov.
1005 2884 1021 2901 .
1075 2885 1091 2902 .
1137 2881 1158 2902 .
1206 2885 1225 2903 .
1272 2882 1289 2900 .
1342 2882 1359 2900 .
1418 2884 1437 2902 .
1468 2869 1550 2882 —
1590 2835 1804 2897 Scribit
1828 2836 1951 2911 regi
1979 2833 2261 2894 Franciae
2293 2832 2454 2909 quod
2488 2848 2624 2892 cum
2658 2831 2853 2892 nuntii
2883 2832 3071 2907 ipsius
3098 2833 3162 2890 in
3189 2837 3532 2894 communi-

695 2931 972 3036 'fflmtd
1520 2932 1660 3008 'bus
1706 2931 1955 3008 negotiis
2000 2928 2158 3006 apud
2207 2932 2433 2990 curiam
2476 2927 2806 2988 Romanam
2849 2928 3094 2990 minime
3141 2927 3492 3004 profecerint
3509 2973 3527 3002 ,

1546 3031 1876 3091 communis
1900 3030 2121 3106 injuria
2145 3034 2466 3103 utrumque
2491 3026 2710 3086 arctius
2736 3028 3059 3103 conjungat
3083 3026 3160 3086 ad
3186 3028 3531 3103 temporalia

1540 3131 1680 3205 jura
1708 3126 1918 3186 acriter
1939 3123 2367 3185 conservanda.
3410 3132 3525 3184 472

739 3250 772 3302 3
799 3239 933 3303 dee.
1077 3229 1357 3307 Poggiae.
1468 3256 1547 3269 --
1587 3223 1906 3283 Ademario
1949 3221 2025 3281 de
2068 3221 2296 3292 Trano,
2338 3219 2621 3296 magistro
2667 3220 3031 3294 procuratori
3075 3220 3273 3280 curiae
3298 3236 3439 3281 suae
3464 3223 3528 3281 in

1545 3321 1881 3397 Principatu
1907 3325 1969 3379 et
1989 3325 2145 3378 terra
2169 3318 2609 3387 Beneventana,
2639 3315 2881 3376 mandat
2904 3321 2976 3377 ut
3002 3316 3275 3376 abbatem
3301 3323 3363 3379 et
3374 3334 3526 3379 con-

1547 3425 1793 3479 ventum
1822 3415 2150 3477 cavensem
2178 3422 2385 3475 contra
2418 3414 2705 3474 stallerios
2741 3413 2817 3474 ab
2857 3415 2984 3491 ipso
3010 3419 3263 3475 statutos
3297 3417 3357 3476 in
3388 3432 3524 3493 pos-

1546 3517 1805 3577 sessione
1827 3513 2139 3590 eujusdam
2166 3511 2472 3573 tenimenti
2497 3511 2562 3570 iu
2588 3512 2878 3572 territorio
2909 3510 3107 3573 Pollae
3137 3512 3296 3588 apud
3321 3514 3528 3575 Rusti-

1543 3612 1771 3673 lianum
1795 3616 2087 3689 protegat.
3407 3618 3524 3672 ⁴75

743 3726 929 3803 [anno
1007 3751 1434 3774 .......
1468 3742 1551 3754 -
1586 3709 1886 3770 Invective
1922 3705 2128 3766 scribit
2160 3704 2448 3766 Romanis
2476 3702 2582 3779 qui
2620 3707 2966 3778 receperunt
2985 3702 3313 3778 proditores
3349 3720 3521 3782 suos,

706 3815 976 3901 aeuum]
1545 3807 1865 3868 adhortans
1890 3808 1960 3862 ut
1983 3803 2062 3863 ad
2087 3818 2291 3862 eorum
2319 3802 2739 3862 exterminium
2762 3799 3101 3875 procedant.
3405 3810 3523 3863 ⁴78

746 3910 929 3995 [anno
1005 3944 1437 3968 .......
1464 3937 1550 3951 -
1585 3902 1893 3965 Fran-ibus
1944 3897 2451 3959 Praedicatoribus
2503 3895 2707 3956 scribit
2751 3895 2915 3973 quod
2976 3896 3262 3973 quosdam
3313 3895 3526 3961 fratr-es

696 4011 974 4086 exeunt.]
1547 4000 1727 4077 hujus
1752 3995 1979 4057 ordinis
2002 3995 2067 4053 in
2092 4009 2156 4053 se
2177 3999 2238 4053 et
2257 4008 2495 4052 sacrum
2513 3991 2829 4068 imperium
2854 3988 3078 4066 ubique
3096 3990 3525 4055 debacchantes

1544 4098 1609 4157 in
1634 4100 1933 4173 posterum
1957 4093 2353 4165 compescant.
3402 4098 3521 4152 ⁴79

748 4199 926 4285 [anno
1007 4237 1434 4261 .......
1466 4229 1549 4241 -
1588 4193 1882 4256 Friderieo
1921 4188 1998 4249 de
2030 4186 2349 4248 Antiochia
2384 4183 2509 4245 filio
2548 4198 2658 4244 suo
2699 4188 2907 4242 notum
2945 4182 3092 4243 facit
3127 4185 3289 4261 quod
3323 4189 3521 4265 regni..

697 4298 976 4374 exeunt.]
1155 4296 1162 4301 ’
1545 4292 1711 4354 colae
1734 4290 1839 4367 qui
1866 4300 2048 4365 regno
2073 4286 2393 4345 exiverunt
2424 4282 2572 4341 etin
2606 4280 2924 4357 peregrinis
2956 4279 3225 4355 partibus
3258 4298 3519 4347 commo.

1546 4394 1775 4467 rantur,
1810 4384 2078 4447 securius
2109 4382 2325 4442 reverti
2359 4379 2615 4456 possint,
2644 4375 2736 4437 his
2772 4378 3034 4454 exceptis
3068 4379 3172 4456 qui
3206 4378 3282 4439 de
3313 4381 3521 4458 prod}-

1545 4490 1705 4548 tione
1727 4482 1917 4544 notati
1943 4477 2040 4539 vel
2064 4476 2387 4537 forbanniti
2412 4479 2574 4535 sunt.
3400 4485 3509 4538 ⁴81

746 4584 927 4663 [anno
1005 4624 1028 4645 .
1071 4622 1094 4646 .
1139 4620 1162 4646 .
1203 4624 1240 4647 .,
1269 4622 1302 4646 ..
1341 4625 1374 4645 .,
1415 4626 1440 4644 .
1467 4615 1549 4630 -
1583 4579 1833 4644 Cuidam
1861 4576 2082 4637 vicario
2104 4590 2214 4635 suo
2238 4578 2300 4632 et
2323 4570 2595 4649 potestati
2621 4567 2799 4629 castri
2824 4566 3016 4628 Plebis
3042 4567 3287 4629 mandat
3310 4576 3381 4632 ut
3410 4588 3520 4649 pro

695 4682 977 4760 amnt-J
1545 4679 1757 4741 salario
1789 4679 2147 4752 potestatum
2191 4669 2341 4731 nihii
2381 4668 2637 4744 amplius
2677 4665 2952 4744 exigatur
2989 4664 3144 4726 ultra
3182 4666 3416 4728 solitam
3458 4675 3520 4729 et

1543 4772 1927 4853 approbatam
1952 4768 2203 4833 formam
2228 4765 2410 4828 castri
2431 4762 2723 4841 ejusdem.
3397 4772 3516 4831 4⁸2

851 4885 960 4950 VI.
1000 4901 1113 4947 Para
1132 4901 1179 4945 8.
3077 4875 3103 4928 1
3117 4877 3193 4929 22
