4525 6031
1022 664 1149 727 974
1945 662 2198 722 INDEX
2249 662 2951 726 DOCUMENTORUM.

1055 862 1287 938 1249

1880 989 1959 1047 rit
1974 1029 1993 1058 ,
2041 987 2342 1051 Bonifacio
2392 991 2471 1050 de
2514 990 2837 1051 Camerana
2885 993 2949 1049 in
3003 990 3604 1066 recompensationem
3648 989 3878 1050 confert

1881 1087 2072 1146 casale
2107 1094 2167 1147 et
2192 1095 2457 1149 castrum
2492 1089 2749 1150 Militem
2776 1093 2837 1149 in
2868 1089 3021 1150 valle
3045 1090 3206 1160 Neti,
3238 1090 3350 1149 sub
3385 1089 3721 1150 conditione
3746 1106 3871 1149 ser·

1122 1258 1125 1261 ἦ
1878 1185 2011 1244 vitii
2036 1185 2328 1255 militaris,
2356 1187 2709 1264 juribusque
2737 1187 3039 1264 regalibus
3063 1185 3173 1245 sibi
3196 1188 3528 1246 reservatis.
3757 1195 3874 1247 995

1047 1287 1302 1348 februar.
1341 1323 1360 1340 .
1407 1320 1422 1341 .
1471 1319 1490 1340 .
1538 1322 1555 1340 .
1602 1320 1619 1340 .
1678 1319 1698 1341 .
1753 1326 1770 1342 .
1802 1311 1885 1327 -
1923 1282 2137 1342 Comiti
2164 1284 2484 1345 Thomasio
2510 1285 2586 1344 de
2622 1283 2918 1345 sabaudia
2943 1290 3005 1344 et
3036 1283 3390 1343 haeredibus
3425 1285 3556 1360 ejus
3595 1282 3876 1361 legitimis

1881 1381 2188 1456 utriusque
2213 1398 2394 1441 sexus
2418 1381 2647 1441 confert
2667 1384 2732 1441 in
2749 1381 2994 1441 feudum
3018 1385 3276 1440 castrum
3302 1380 3741 1447 Montuxolum,
3765 1380 3874 1439 sub

1884 1477 2218 1537 conditione
2245 1479 2502 1556 homagii
2535 1478 2943 1539 Romanorum
2970 1479 3310 1553 imperatori
3339 1476 3617 1537 faciendi.
3757 1485 3872 1537 698

1081 1575 1254 1661 [febr.
1365 1569 1739 1651 Cremonae]
1802 1603 1885 1619 —
1923 1573 2173 1635 Mandat
2196 1576 2454 1637 Aretinis
2477 1575 2750 1637 fidelibus
2778 1579 2902 1636 suis
2928 1582 2997 1636 ut
3022 1582 3233 1653 parent
3260 1591 3324 1635 se
3362 1576 3543 1634 armis
3581 1580 3643 1634 et
3676 1577 3874 1652 equis,

1882 1687 2020 1733 cum
2047 1674 2337 1749 expeditis
2357 1679 2484 1752 jam
2517 1679 2769 1752 negotiis
2790 1674 3202 1744 Lombardiae,
3225 1673 3494 1733 intendat
3522 1675 3611 1732 ire
3629 1674 3692 1732 in
3721 1673 3876 1733 Tus-

1030 1850 1033 1853 *
1881 1771 2038 1829 ciam
2065 1770 2143 1829 ad
2168 1778 2496 1831 extremam
2527 1772 2933 1831 confusionem
2960 1787 3204 1832 suorum
3240 1770 3574 1830 rebellium.
3753 1777 3871 1829 698

1060 1867 1285 1952 [mart.]
1343 1905 1767 1927 .......
1802 1897 1884 1911 -
1922 1867 2171 1927 Mandat
2203 1870 2402 1927 comiti
2431 1869 2746 1928 Casertano
2775 1874 2844 1928 ut
2878 1869 2953 1928 de
2987 1868 3426 1928 turbationibus
3460 1866 3696 1926 Siciliae
3722 1865 3875 1926 iide-

1880 1962 2015 2020 liter
2054 1963 2339 2039 inquirat,
2387 1964 2498 2024 sibi
2556 1966 2950 2040 rescripturus
3001 1969 3137 2040 post
3189 1964 3638 2039 inquisitionem
3688 1977 3873 2039 quam

1879 2073 2069 2134 aequo
2103 2061 2304 2118 animo
2327 2059 2456 2119 fleri
2483 2059 2677 2137 jubet,
2714 2063 3088 2137 injungitque
3126 2065 3196 2118 ut
3231 2060 3294 2118 in
3322 2058 3535 2118 fratres
3561 2059 3874 2120 Praedica-

1880 2162 2040 2216 tores
2072 2163 2133 2216 et
2171 2157 2433 2217 Minores
2469 2158 2584 2217 sibi
2619 2160 2947 2218 contrarios
2992 2159 3174 2217 etiam
3221 2173 3330 2232 per
3367 2158 3613 2234 igneum
3654 2156 3876 2232 suppli-

1881 2255 2039 2312 cium
2068 2254 2316 2312 saeviat.
3758 2260 3875 2312 699

1054 2345 1281 2427 [mart.]
1344 2393 1360 2410 .
1404 2391 1421 2409 .
1472 2395 1488 2410 .
1538 2389 1556 2411 .
1598 2391 1614 2409 .
1676 2393 1695 2411 .
1753 2392 1769 2409 .
1803 2380 1884 2392 -·
1927 2348 2175 2409 Mandat
2216 2351 2527 2426 capitaneo
2575 2352 2747 2427 regni
2791 2349 3023 2409 Siciliae
3063 2353 3131 2408 ut
3173 2348 3451 2425 procedat
3494 2354 3699 2408 contra
3736 2350 3876 2408 reli-

1882 2450 2078 2524 giosos
2131 2453 2432 2523 portantes
2486 2448 2710 2507 litteras
2756 2446 2991 2524 papales
3040 2448 3103 2505 in
3161 2462 3413 2521 reguum
3464 2462 3567 2521 per
3616 2446 3880 2506 incendii

1882 2558 2163 2618 poenam,
2201 2542 2522 2620 fidelesque
2558 2561 2698 2603 suos
2737 2546 2842 2618 qui
2885 2542 3120 2603 eosdem
3149 2559 3268 2602 non
3306 2548 3617 2617 expectato
3647 2542 3877 2619 judicio

1883 2639 2202 2699 occiderint
2229 2641 2504 2715 impunes
2530 2657 2656 2700 esse
2686 2639 2884 2715 jubet.
3760 2646 3869 2698 701

1047 2736 1283 2796 martio.
1336 2783 1353 2797 .
1409 2779 1426 2797 .
1475 2781 1491 2800 .
1537 2778 1553 2796 .
1604 2779 1620 2797 .
1680 2779 1698 2796 .
1756 2780 1771 2797 .
1805 2767 1886 2778 -
1923 2735 2223 2795 Fidelibus
2249 2740 2372 2796 suis
2400 2737 2475 2796 de
2501 2737 2854 2797 Alemannia
2891 2738 3129 2797 nuntiat
3172 2752 3236 2797 se
3279 2736 3533 2814 negotiis
3576 2734 3877 2795 Lombar-

1886 2834 2017 2893 diae
2041 2833 2288 2894 feliciter
2309 2834 2626 2911 dispositis,
2655 2841 2851 2910 partes
2877 2836 3124 2894 Tusciae
3152 2834 3477 2909 providisse
3504 2831 3874 2907 repetendas,

1884 2930 2101 2990 abinde
2129 2932 2205 2989 ad
2234 2932 2554 2990 Teutoniae
2581 2939 2774 3007 partes
2801 2947 3036 3008 gressus
3062 2946 3202 2990 suos
3232 2930 3613 2989 directurum.
3762 2935 3874 2985 703

1053 3025 1285 3103 [martio
1472 3027 1651 3104 Apud
1808 3061 1885 3071 —
1923 3028 2231 3105 Significat
2269 3030 2504 3088 cuidam
2559 3030 2743 3089 nobili
2788 3045 3133 3107 prosperum
3182 3031 3510 3089 adventum
3569 3042 3747 3086 suum
3799 3026 3879 3086 ad

1438 3126 1685 3184 Pontem
1885 3131 2075 3202 partes
2106 3126 2311 3185 Pontis
2338 3126 2631 3203 Tremuli,
2659 3127 2875 3187 abinde
2907 3129 2969 3187 in
3005 3141 3255 3203 regnum
3285 3125 3520 3186 Siciliae
3557 3139 3879 3202 processu-

1357 3218 1751 3303 Tremulum.]
1887 3239 2011 3282 rus.
3759 3228 3875 3279 704

1063 3314 1293 3389 [mart.]
1346 3358 1362 3375 .
1414 3360 1428 3376 .
1480 3360 1494 3376 .
1543 3357 1562 3377 .
1608 3359 1622 3373 .
1681 3359 1698 3377 .
1758 3359 1773 3376 .
1805 3349 1887 3359 -—-
1923 3317 2230 3378 Universis
2255 3319 2620 3395 principibus
2651 3319 2857 3378 scribit
2882 3319 3176 3395 quomodo
3212 3332 3362 3394 papa
3402 3316 3515 3376 sibi
3549 3317 3736 3376 vitam
3762 3331 3875 3375 au-

1885 3413 2037 3472 ferre
2065 3415 2304 3474 molitus
2334 3416 2510 3475 suerit
2537 3419 2771 3491 potione
2800 3421 3089 3474 venenata
3121 3430 3225 3489 per
3252 3413 3548 3473 medicum
3576 3418 3877 3490 porrecta,

1885 3526 2101 3586 eosque
2137 3511 2407 3569 hortatur
2442 3519 2511 3571 ut
2544 3509 2943 3571 sacerdotibus
2982 3517 3199 3569 temere
3235 3508 3346 3568 sibi
3383 3509 3716 3568 dominium
3751 3509 3875 3584 spi-

1885 3607 2091 3665 rituale
2116 3613 2174 3665 et
2195 3607 2456 3666 seculare
2485 3606 2931 3666 vendicantibus
2956 3605 3206 3664 firmiter
3231 3607 3525 3674 resistant,
3555 3608 3672 3662 etc.
3759 3610 3873 3661 705

1062 3695 1289 3776 [mart.]
1342 3741 1357 3756 .
1403 3741 1419 3756 .
1469 3740 1485 3756 .
1532 3741 1548 3757 .
1607 3739 1623 3758 .
1682 3742 1699 3760 .
1759 3742 1775 3759 .
1808 3730 1885 3745 -—
1927 3702 2173 3760 Mandat
2207 3705 2515 3778 capitaneo
2558 3703 2727 3778 regni
2763 3702 2919 3777 quod
2952 3700 3227 3778 procedat
3255 3700 3332 3760 ad
3358 3699 3686 3759 vindictam
3717 3698 3879 3757 Petri

1885 3797 1958 3855 de
1990 3797 2177 3856 Vinea
2214 3798 2556 3873 proditoris,
2596 3801 2699 3874 qui
2735 3800 2940 3856 mortis
2975 3798 3252 3856 haustum
3281 3795 3392 3855 sibi
3423 3794 3653 3855 studuit
3677 3795 3880 3870 propi-

1886 3908 2026 3951 nare
2080 3899 2139 3951 et
2187 3895 2250 3950 in
2305 3908 2551 3969 regnum
2606 3894 2860 3952 mittitur
2907 3893 3182 3951 ultimum
3235 3891 3593 3967 supplicium
3646 3889 3876 3949 subitu-

1891 4006 2010 4047 rus.
3761 3992 3878 4045 708

1055 4084 1294 4159 [martio
1347 4123 1695 4143 ......
1761 4127 1776 4142 .
1811 4116 1890 4126 -
1930 4084 2073 4160 Regi
2103 4084 2383 4143 Franciae
2418 4086 2793 4159 conqueritur
2829 4083 2900 4142 de
2935 4100 3211 4159 processu
3253 4099 3439 4160 papae
3467 4088 3528 4141 et
3563 4081 3638 4141 de
3678 4081 3882 4140 fratri-

1130 4180 1225 4240 vel
1889 4179 2004 4238 bus
2030 4178 2529 4239 Praedicatoribus
2553 4187 2611 4237 et
2638 4179 2966 4239 Minoribus
3002 4186 3207 4239 contra
3235 4196 3297 4239 se
3327 4182 3390 4238 in
3428 4194 3609 4255 regno
3643 4180 3879 4254 agenti-

1067 4273 1285 4356 aprili.]
1889 4276 2030 4351 bus,
2062 4276 2353 4350 simulque
2392 4275 2733 4346 denuntiat,
2769 4277 3035 4335 uberiore
3076 4282 3338 4351 tempore
3375 4276 3758 4345 succedente,
3794 4274 3881 4333 illi

1890 4387 1954 4430 se
1977 4371 2254 4430 victualia
2276 4372 2337 4428 in
2363 4370 2626 4445 partibus
2650 4374 3062 4431 transmarinis
3088 4374 3431 4431 missurum.
3705 4420 3727 4432 ,
3763 4377 3881 4429 710

1044 4479 1117 4530 16
1144 4469 1313 4545 april.
1479 4466 1657 4543 Apud
1811 4499 1889 4511 —
1931 4466 2244 4526 Guillelmo
2304 4466 2575 4525 Turrioni
2631 4470 2910 4544 magistro
2965 4469 3280 4527 camerario
3349 4468 3567 4526 Terrae
3635 4464 3883 4524 Laboris

1402 4564 1730 4624 Fuciclum.
1890 4560 2133 4619 mandat
2159 4560 2319 4637 quod
2345 4563 2658 4620 conventui
2681 4563 3010 4621 cassinensi
3030 4564 3268 4621 domum
3295 4577 3476 4621 unam
3505 4561 3666 4638 apud
3690 4560 3878 4620 Sanc·

1890 4664 2015 4716 tum
2045 4657 2399 4716 Germanum
2424 4674 2601 4733 quam
2630 4658 2911 4719 Taffurus
2932 4660 3006 4719 de
3034 4659 3237 4735 Capua
3260 4658 3562 4736 quondam
3592 4658 3879 4717 violenter

1889 4758 2308 4828 occupaverat,
2341 4751 2518 4813 saciat
2544 4756 2846 4832 resignari.
3758 4761 3876 4814 718
