4525 6031
723 620 921 680 unm.
953 618 1045 695 7.]
1620 616 2017 679 ms‘ronm
2066 613 2662 678 DIPLOMATICA.
3428 615 3550 678 699

723 754 1038 826 celeriter
1067 753 1158 826 ad
1194 762 1507 846 nostram·
1536 754 1956 849 presentiam
1985 752 2223 824 venire
2257 750 2775 840 mandavimus,
2811 771 2936 845 pro
2975 749 3274 843 regionis
3306 750 3545 843 hujus·

727 878 914 951 modi
946 878 1252 972 negociis
1284 877 1734 973 disponendis
1771 878 2058 967 utiliter,
2096 878 2185 949 de
2217 876 2332 948 die
2363 877 2434 947 in
2472 875 2655 947 diem
2693 874 3019 946 continue
3060 884 3543 971 expectantes,

727 1003 817 1074 ad
840 1013 1072 1098 partes
1102 1003 1420 1093 Thuscie,
1454 1002 1871 1076 continuatis
1898 1001 2128 1093 dietiS,
2157 1009 2555 1073 constanter
2581 999 3004 1071 intendimus
3030 999 3326 1093 dirigere
3356 1022 3550 1092 gres-

727 1150 846 1199 sus
880 1138 1180 1201 nostros.
1219 1130 1548 1201 Volentes
1581 1128 1790 1220 igitur
1821 1137 1900 1200 ut
1941 1138 2160 1201 status
2192 1127 2498 1222 ipsarum
2530 1125 2867 1221 partium,
2902 1146 3105 1218 quaS,
3143 1126 3338 1228 velut
3383 1124 3550 1198 cha-

725 1274 880 1323 rum
926 1265 997 1325 et
1041 1254 1274 1326 nobile
1317 1254 1706 1325 membrum
1752 1253 2056 1347 imperii,
2092 1252 2394 1345 quadam
2440 1250 2801 1322 affectione
2848 1249 3174 1344 precipua
3220 1252 3554 1323 serenitas

723 1389 958 1450 nostra
991 1378 1232 1450 videre
1265 1378 1643 1468 desiderat,
1680 1377 1751 1448 in
1784 1377 1967 1450 felici
2003 1377 2314 1449 adventu
2344 1385 2617 1466 nostro,
2654 1396 2862 1469 quem
2894 1374 3093 1447 vobis
3128 1375 3200 1446 in
3233 1376 3554 1470 proximo

723 1502 1157 1596 pollicemur,
1193 1512 1333 1574 tam
1366 1503 1657 1576 viriliter
1687 1524 1897 1596 quam
1931 1502 2221 1599 provide
2255 1502 2697 1590 reformetur,
2727 1509 2806 1571 ut
2849 1499 3124 1571 incauta
3157 1510 3553 1573 nostrorum

720 1627 931 1699 corda
975 1627 1363 1719 rebellium,
1401 1627 1491 1700 de
1522 1628 1775 1721 quibus
1820 1625 2046 1699 finalis
2093 1636 2165 1699 et
2212 1626 2605 1699 desiderata
2640 1624 2928 1697 victoria
2970 1634 3204 1698 nostre
3244 1625 3553 1721 potentie

723 1751 955 1842 gladio
989 1762 1409 1842 reservatur,
1445 1752 1624 1824 sicut
1664 1752 1735 1823 in
1767 1751 2081 1824 absentia
2126 1761 2365 1824 nostra
2406 1750 2679 1843 gloriati
2717 1759 2882 1822 sunt
2924 1749 3295 1841 hactenus,
3328 1749 3427 1821 sic
3456 1771 3553 1821 ex

726 1874 1075 1947 vicinitate
1106 1886 1338 1948 nostre
1368 1877 1677 1970 potentie
1716 1885 2109 1948 terreantur
2145 1905 2162 1948 ε
2201 1875 2607 1948 fidelitatem
2642 1884 2945 1947 vestram
2966 1927 2985 1965 ,
3020 1897 3232 1969 quam
3278 1897 3554 1970 semper

727 1999 1119 2071 invenimus
1144 2000 1235 2072 ad
1274 2000 1709 2096 beneplacita
1749 2010 1984 2073 nostra
2015 2009 2358 2095 paratam,
2392 1998 2754 2073 hortamur
2785 2000 3115 2072 attentius
3157 2010 3228 2071 et
3255 2001 3549 2072 manda·

729 2145 883 2195 mus
933 2135 1277 2218 quatenus
1317 2124 1409 2197 ad
1452 2125 1969 2219 requisitionem
2009 2124 2338 2197 Friderici
2379 2125 2468 2197 de
2507 2122 2911 2213 Antiochia,
2947 2124 3125 2197 sacri
3167 2123 3437 2222 imperii
3479 2124 3552 2196 in

728 2247 1020 2321 Thuscia
1049 2248 1287 2320 vicarii
1327 2250 1705 2340 generalis,
1739 2250 1973 2321 dilecti
2014 2247 2137 2320 filii
2179 2249 2432 2339 nostri,
2469 2249 2568 2320 sic
2605 2249 2676 2319 in
2724 2269 3063 2342 equorum
3100 2260 3171 2321 et
3200 2271 3552 2322 armorum

720 2381 1060 2465 apparatu
1095 2371 1429 2445 continuo
1464 2373 1872 2468 persistatis,
1905 2383 1984 2445 ut
2015 2372 2086 2443 in
2118 2372 2427 2444 adventu
2460 2383 2726 2462 nostro,
2773 2371 3070 2446 civitatis
3106 2384 3337 2446 vestre
3380 2374 3546 2446 sub·

723 2493 901 2566 sidio
940 2494 1304 2587 magnifice
1339 2497 1594 2570 nostris
1629 2496 1890 2569 viribus
1929 2508 2334 2589 aggregato,
2376 2498 2468 2569 ad
2499 2496 2971 2569 confusionem
3004 2509 3399 2570 nostrorum
3435 2520 3546 2570 re-

724 2615 1011 2691 bellium
1045 2620 1409 2696 intendere
1432 2622 1747 2695 valeatis.

831 3177 1297 3290 FridericuS,
1366 3183 1888 3268 Romanorum
1953 3185 2394 3294 imperator,
2470 3184 2787 3266 mandat
2859 3181 3215 3265 secretius
3288 3177 3544 3262 comiti

728 3313 1135 3398 Casertano
1191 3342 1468 3425 genero
1525 3342 1665 3400 suo
1704 3330 1787 3400 ut
1830 3319 1927 3401 de
1964 3317 2523 3401 turbationibus
2560 3317 2857 3400 Siciliae
2893 3315 3213 3398 fideliter
3267 3312 3543 3422 inqui-

722 3455 883 3549 rat,
944 3446 1087 3529 sibi
1141 3449 1645 3557 rescripturus
1691 3462 1862 3559 post
1897 3450 2466 3562 inquisitionem
2500 3476 2740 3560 quam
2768 3476 3012 3559 aequo
3069 3450 3326 3531 animo
3381 3445 3545 3528 fieri

716 3575 973 3684 jubet,
1015 3593 1090 3662 et
1133 3582 1730 3666 detractionibus
1766 3583 2169 3666 curialium
2216 3596 2484 3667 contra
2538 3585 2794 3692 ipsum
2844 3582 3073 3665 fidem
3114 3609 3266 3665 non
3307 3580 3545 3662 adhi-

725 3707 940 3817 bens,
974 3709 1311 3821 injungit
1340 3724 1423 3795 ut
1457 3714 1536 3794 in
1577 3713 1848 3797 fratres
1876 3715 2436 3799 Praedicatores
2473 3729 2547 3799 et
2574 3716 2901 3800 Minores
2940 3713 3083 3797 sibi
3119 3712 3546 3795 contrarios

723 3842 953 3924 etiam
991 3870 1126 3952 per
1162 3845 1473 3955 igneum
1512 3846 1967 3957 supplicium
2008 3849 2318 3933 saeviat.

887 4058 1155 4139 (Edider.
1183 4061 1485 4124 Mum
1509 4071 1568 4124 et
1595 4063 1882 4144 Duum),
1914 4063 2184 4144 Ampliss.
2214 4062 2373 4140 coll„
2401 4071 2449 4127 t.
2482 4064 2564 4136 11,
2598 4064 2714 4127 col.
2753 4072 3124 4142 1191-1192,
3145 4071 3211 4123 n·
3232 4061 3543 4134 Lxxv11;

960 4170 1092 4229 coll.
1145 4185 1282 4231 cum
1340 4172 1474 4232 cod.
1524 4171 1673 4232 Bibl.
1723 4173 1925 4235 Cesar.
1971 4174 2188 4246 Paris„
2214 4169 2400 4251 fonde
2446 4170 2958 4233 Scine-Germain
2999 4167 3249 4249 Hau-lay,
3292 4181 3358 4230 ιιο
3397 4179 3538 4243 455,

962 4290 1099 4350 pars
1126 4272 1204 4352 Ι.)

814 4461 1244 4553 Fredericus,
1268 4472 1437 4553 etc.,
1453 4463 1687 4535 comiti
1707 4464 2104 4556 Casertano,
2125 4474 2260 4536 etc.
2282 4465 2694 4537 Constanter
2705 4464 3045 4537 hactenus
3070 4463 3290 4535 tenuit
3311 4472 3546 4535 nostra

717 4585 1089 4657 credulitas
1119 4594 1198 4656 ut
1228 4586 1556 4660 officiales
1599 4588 1817 4661 nostri
1848 4610 2027 4681 quos
2053 4590 2146 4661 ad
2179 4590 2597 4683 exequenda
2626 4588 2730 4688 (a)
2765 4600 3001 4664 nostra
3033 4588 3319 4662 consilia
3356 4589 3547 4660 loco·

801 4758 883 4839 (a)
929 4760 1002 4823 In
1029 4764 1313 4841 impresso
1341 4763 1676 4826 exercenda,

3667 3194 3899 3252 mutim]
3953 3190 3964 3199 ’
