4525 6031
868 592 992 654 648
1871 594 2309 656 nmmum
2359 594 2708 657 sscuum
3318 591 3482 675 [Ax-n.
3519 592 3701 655 1248.

868 748 952 798 ac
979 726 1400 799 denuntians
1440 729 1894 824 solempniter
1921 731 2372 803 nihilominus
2407 740 2479 802 et
2512 729 2772 800 faciens
2803 727 3109 799 nuntiari
3141 727 3462 800 eumdem
3507 730 3583 800 F.
3622 749 3709 801 ae

869 871 1113 922 omnes
1161 850 1408 924 dantes
1447 853 1511 923 ei
1556 854 1962 944 consilium,
1988 855 2330 926 auxilium
2373 854 2486 925 vel
2529 855 2841 925 favorem
2881 851 2953 921 in
2998 851 3310 946 personis
3350 852 3465 922 vel
3497 851 3708 924 rebus
3807 924 3815 931 ,

866 974 1225 1068 publicum
1277 976 1391 1046 vel
1447 979 1833 1068 occultum,
1873 976 2611 1050 excommunicationis
2650 997 2692 1046 a
2736 974 2939 1046 nobis
2971 974 3251 1045 vinculo
3295 974 3701 1066 innodatos,

867 1118 1143 1168 necnon
1170 1110 1241 1170 et
1261 1099 1665 1171 universum
1688 1123 1980 1193 regnum
2004 1101 2229 1173 Sicilie
2256 1100 2590 1193 quamdiu
2614 1098 2842 1169 eidem
2863 1096 3215 1169 adheserit
3239 1097 3707 1172 ecclesiastico

868 1221 1304 1315 suppositum
1330 1223 1724 1297 interdicte.
1746 1224 2052 1295 Prelatos
2073 1245 2354 1316 quoque
2381 1244 2656 1296 necnon
2687 1231 2758 1293 et
2784 1221 3071 1293 clericos
3093 1241 3334 1292 omnes
3357 1222 3706 1294 seculares

869 1344 983 1415 vel
1014 1346 1513 1437 cujuscumque
1543 1347 1895 1438 religionis
1926 1347 2228 1441 speciem
2269 1346 2763 1442 pretendentes
2789 1344 2911 1436 qui
2938 1344 3383 1440 prolationes,
3408 1343 3704 1436 dignita-

872 1476 1001 1556 tes,
1038 1468 1433 1561 prehendas
1466 1471 1580 1541 vel
1613 1471 2092 1561 quelibet‘alia
2131 1470 2599 1542 ecclesiastica
2630 1466 2968 1540 beneficia
3011 1489 3139 1563 per
3168 1469 3479 1539 favorem
3510 1468 3699 1558 ejus-

866 1589 1029 1662 dem
1058 1591 1132 1662 F.
1172 1613 1294 1663 seu
1324 1592 1796 1664 ministrorum
1829 1594 2047 1689 ipsius
2076 1594 2385 1688 recipere
2421 1601 3028 1687 presumpserunt,
3048 1592 3308 1685 quique
3329 1591 3427 1661 illi
3442 1591 3702 1664 oratio-

865 1735 992 1784 nes
1033 1724 1105 1786 et
1144 1716 1387 1787 laudes
1430 1716 1706 1808 aliaque
1751 1717 1883 1788 sibi
1930 1728 2086 1812 post
2138 1718 2601 1809 deJ‘ectionem
2640 1717 2856 1811 ipsius
2897 1716 3134 1789 divina
3177 1715 3704 1809 prophanamnt

866 1836 1127 1929 officia,
1161 1860 1251 1910 ne
1285 1840 1669 1912 dixerimus
1701 1841 2169 1932 celebrarunt,
2203 1863 2480 1912 necnon
2522 1851 2593 1911 et
2624 1841 2781 1912 illos
2811 1839 2933 1933 qui
2964 1847 3242 1935 sumpta
3276 1838 3702 1930 malignandi

865 1961 1158 2034 audacia
1181 1963 1252 2033 in
1276 1985 1652 2036 conservos
1670 1965 2030 2056 religiosos
2042 1965 2232 2037 viros
2255 1967 2463 2050 fact0‚
2485 1972 2845 2059 precept0,
2859 1964 3147 2035 consilio
3163 1963 3277 2035 vel
3297 1962 3701 2034 defensione

863 2086 1305 2178 perturbatos
1347 2089 1633 2159 exulare
1675 2109 1718 2159 a
1761 2089 2057 2184 propriis
2102 2087 2578 2159 mansionibus
2619 2087 3130 2183 compulerunt,
3170 2107 3290 2157 eos
3336 2086 3545 2158 etiam
3578 2085 3702 2178 qui

863 2218 1107 2280 contra
1136 2211 1513 2282 Ecclesiam
1555 2212 1671 2283 vel
1709 2212 2014 2283 Ecclesie
2037 2211 2458 2283 adherentes
2490 2211 2768 2306 proprie
2801 2209 3248 2305 professionis
3278 2210 3474 2281 obliti
3505 2229 3702 2280 arma

862 2345 1332 2427 sumpserunt,
1353 2334 1723 2407 denunties
1738 2345 1809 2407 et
1826 2336 2039 2407 facias
2067 2336 2373 2408 nuntiari
2400 2357 2544 2407 non
2572 2336 2798 2407 solum
2826 2333 3527 2406 excommunicationi
3549 2334 3702 2405 sub-

852 2455 1104 2548 jectOS,
1135 2473 1382 2529 verum
1419 2459 1627 2530 etiam
1658 2459 1966 2553 privatos
1998 2460 2241 2531 officiis
2269 2481 2352 2531 ac
2381 2459 2836 2551 dignitatibus
2868 2469 2939 2529 et
2971 2456 3328 2530 beneficiis
3359 2466 3700 2551 perpetuo

861 2581 1229 2654 destitutos
1254 2635 1272 2672 ,
1321 2583 1679 2677 inquirens
1706 2582 2157 2655 nihilominus
2183 2585 2298 2655 vel
2333 2604 2463 2677 per
2496 2584 2747 2653 famam
2778 2581 2868 2654 de
2896 2582 3180 2677 prelatis
3208 2580 3328 2674 qui
3355 2580 3583 2652 eidem
3619 2581 3698 2651 F.

863 2706 1348 2778 damnabiliter
1374 2706 1793 2778 adherentes
1823 2707 1886 2778 ei
1916 2716 2230 2801 prestant
2256 2706 2623 2782 consilium
2653 2707 2768 2778 vel
2797 2707 3136 2796 favorem,
3158 2713 3239 2774 ut
3254 2714 3497 2777 contra
3512 2704 3700 2798 ipsos

859 2828 953 2901 ad
993 2840 1329 2924 perpetue
1375 2829 1825 2923 depositionis
1873 2831 2291 2901 sententiam
2330 2830 2774 2924 procedatur.
2808 2830 2990 2901 Sane
3028 2830 3345 2901 volentes
3382 2827 3699 2920 ejusdem

861 2954 1059 3046 regni
1084 2955 1377 3049 populos
1397 2954 1779 3049 prenuncio
1807 2953 2353 3027 denuntiationis
2380 2953 2758 3051 apostolice
2788 2953 3212 3049 premoneri,
3228 2962 3310 3024 ut
3330 2974 3488 3024 cum
3515 2952 3703 3025 salus

863 3078 965 3149 eis
1011 3077 1400 3149 desiderate
1438 3078 1863 3150 liberationis
1890 3079 2256 3151 advenerit
2279 3101 2416 3171 que
2453 3078 2619 3174 ipsis
2647 3100 2772 3173 per
2799 3078 3194 3172 Apostolice
3226 3076 3425 3149 Sedis
3460 3076 3704 3149 sollici·

864 3201 1178 3272 tudinem
1200 3201 2141 3290 destinatur,inexcusabiles
2168 3202 2225 3273 si
2256 3224 2411 3274 eam
2440 3211 2766 3297 proterve
2794 3201 3184 3296 respuerint
3208 3209 3331 3271 aut
3353 3222 3700 3272 commen·

865 3322 1136 3394 dabiles
1168 3322 1226 3392 si
1262 3342 1416 3392 eam
1445 3324 1830 3416 prudenter
1857 3325 2293 3419 susceperint
2318 3324 2732 3416 habeantur,
2766 3325 3043 3419 publice
3073 3344 3420 3419 proponas
3448 3335 3520 3395 et
3544 3344 3701 3417 pro-

863 3447 1033 3542 poni
1059 3447 1271 3518 facias
1294 3447 1568 3538 quoties
1593 3449 1888 3520 verbum
1918 3449 2143 3520 crucis
2170 3448 2583 3520 seminatum
2612 3449 2822 3519 fuerit
2847 3448 2920 3518 in
2947 3448 3232 3519 auribus
3250 3448 3695 3542 populorum,

867 3568 1061 3662 quod
1079 3570 1290 3664 sique
1318 3570 1636 3641 civitates
1666 3572 1781 3643 vel
1812 3573 2096 3667 oppida,
2135 3573 2423 3644 comites
2459 3575 2572 3645 vel
2601 3574 2927 3663 barones,
2967 3571 3239 3643 nobiles
3264 3581 3388 3642 aut
3416 3571 3695 3662 milites,

867 3693 1058 3766 cives
1085 3693 1230 3764 sive
1258 3692 1643 3788 municipes
1679 3695 1792 3766 vel
1826 3697 1958 3766 alie
1988 3717 2408 3788 quecunque
2436 3696 2651 3790 ipsius
2685 3696 2880 3789 regni
2911 3717 3206 3791 persone
3235 3694 3501 3787 absque
3530 3695 3704 3767 diffi-

866 3818 1125 3890 cultate
1160 3817 1276 3889 vel
1308 3839 1503 3889 mora
1531 3839 1573 3888 a
1610 3819 1919 3912 sepefato
1953 3820 2029 3891 F.
2074 3820 2355 3912 suisque
2393 3821 2846 3915 complicibus
2877 3820 3154 3914 penitus
3189 3819 3598 3891 recedentes
3627 3840 3705 3891 se

863 3941 1186 4014 fidelibus
1219 3941 1288 4012 in
1320 3942 1586 4031 gremio
1620 3942 1858 4014 matris
1895 3943 2201 4015 Ecclesie
2240 3966 2367 4038 per
2396 3955 2789 4039 promptam
2837 3943 3187 4015 fidelitatis
3231 3943 3703 4015 obedientiam

864 4066 1264 4138 curaverint
1310 4065 1657 4157 adunare,
1711 4066 1800 4137 de
1847 4067 2137 4139 consilio
2186 4069 2479 4139 fratrum
2528 4077 2923 4140 nostrorum
2962 4067 3056 4139 ad
3094 4068 3284 4139 illam
3332 4067 3702 4160 tranquille

863 4190 1200 4262 libertatis
1231 4189 1676 4261 dulcedinem
1703 4212 1832 4262 nos
1859 4213 1979 4264 eos
2006 4193 2438 4265 adducturos
2465 4193 2931 4287 promittimus
2957 4213 3097 4286 qua
3124 4189 3369 4263 fideles
3393 4190 3704 4262 Ecclesie

866 4314 1201 4408 speciales
1244 4312 1317 4382 in
1357 4304 1513 4383 sinu
1562 4314 1714 4405 ejus
1763 4314 2069 4386 suaviter
2110 4316 2594 4407 confoventur,
2629 4315 2784 4408 jugi
2814 4314 3085 4387 servilis
3113 4323 3186 4386 et
3215 4313 3704 4386 dominationis

868 4437 1226 4531 tyrannice
1246 4435 1622 4529 inexperti,
1660 4436 1780 4527 qui
1813 4458 1956 4507 non
1991 4442 2338 4510 exactoris
2363 4439 2560 4531 virga
2591 4442 2818 4512 ferrea
2853 4437 2980 4510 sed
3009 4438 3148 4510 levi
3180 4447 3468 4532 paterne
3501 4458 3702 4509 man-

865 4557 1253 4631 suetudinis
1282 4558 1755 4649 gubernaculo
1786 4559 2204 4652 diriguntur.
2246 4562 2351 4632 Illi
2385 4583 2552 4635 vero
2580 4564 3084 4655 cujuscumque
3110 4560 3374 4633 ordinis
3401 4562 3513 4633 vel
3541 4582 3706 4635 con·

867 4681 1147 4756 ditionis
1180 4680 1565 4771 extiterint,
1596 4702 1775 4773 quos
1807 4683 2109 4755 maxime
2142 4695 2510 4779 postquam
2545 4686 2895 4759 exercitus
2915 4685 3224 4759 Ecclesie
3251 4684 3700 4757 introducen-
