4525 6031
1792 627 2421 691 ADmTAMENTA.
2645 679 2652 685 .
3402 623 3519 687 931

701 790 741 829 2>
776 762 1007 835 habeo
1076 764 1146 834 in
1207 762 1467 834 Arena.
1516 788 1552 829 »
1597 764 1744 834 Hoc
1798 763 2098 837 dicendo
2147 766 2434 861 yronice
2490 765 2939 858 loquebatur3
3016 763 3142 835 sed
3202 761 3526 833 dominus

694 886 1043 959 Gerar-dus
1090 908 1232 959 non
1267 885 1724 977 intelligebat.
1768 887 2109 960 Credebat
2139 890 2326 960 enim
2359 888 2551 983 quod
2579 887 2810 959 omnia
2841 897 3154 980 tempora
3188 884 3528 979 equaliter

692 1020 1084 1084 currerent.
1123 1010 1296 1083 Cum
1327 1020 1561 1082 autem
1593 1001 1903 1106 tempore
1929 1012 2114 1084 illius
2140 1011 2522 1094 obsidionis
2550 1010 2739 1084 exivi
2770 1011 2859 1082 de
2885 1012 3130 1082 Parma
3155 1018 3237 1080 ut
3261 1009 3433 1080 irem
3453 1009 3524 1080 in

693 1134 1096 1225 Franciam,
1143 1133 1429 1206 transivi
1472 1156 1598 1228 per
1633 1134 2018 1206 Fontanam
2058 1137 2295 1207 Latam
2352 1158 2491 1230 que
2540 1145 2645 1207 est
2690 1135 2858 1206 villa
2903 1134 2974 1204 in
3019 1154 3159 1226 qua
3202 1132 3526 1205 dominus

695 1258 1044 1330 Gerardus
1078 1259 1169 1331 de
1205 1257 1442 1331 Canali
1486 1269 1653 1329 tunc
1687 1259 2017 1353 temporis
2045 1257 2441 1349 habitabat3
2478 1270 2546 1330 et
2573 1258 2750 1331 vidit
2779 1280 2892 1329 me
2925 1257 3222 1329 libenter
3247 1267 3318 1328 et
3347 1257 3528 1328 dixit

693 1381 866 1454 mihi
896 1381 1062 1475 quia
1103 1382 1310 1455 valde
1347 1381 1534 1453 utilis
1571 1393 1721 1454 erat
1754 1382 2246 1455 Parmensibus
2280 1383 2401 1475 qui
2433 1381 2841 1454 habitabant
2875 1382 2946 1452 in
2974 1383 3252 1473 Parma3
3293 1390 3363 1452 et
3394 1403 3525 1474 ego

694 1504 842 1578 dixi
880 1505 1013 1577 sibi
1050 1536 1068 1578 z
1110 1534 1144 1573 «
1178 1507 1346 1579 Cum
1379 1505 1757 1601 imperator
1794 1506 1882 1578 sit
1916 1506 1987 1577 in
2018 1506 2380 1578 obsidione
2410 1508 2689 1597 Parme,
2726 1516 2847 1577 aut
2878 1504 3164 1577 omnino
3192 1504 3338 1576 sitis
3366 1526 3524 1575 cum

700 1654 738 1698 2)
778 1650 864 1702 eo
899 1639 1023 1702 aut
1055 1652 1215 1702 cum
1250 1629 1739 1702 parmensibus
1775 1630 1898 1723 qui
1932 1631 2003 1700 in
2042 1630 2324 1703 civitate
2357 1639 2741 1722 morantur,
2785 1639 2857 1700 et
2883 1629 3096 1699 nolite
3133 1629 3525 1701 claudicare

704 1779 742 1820 »
779 1754 851 1824 in
885 1755 1060 1827 duas
1111 1766 1382 1849 partes,
1430 1754 1595 1847 quia
1641 1775 1783 1825 non
1839 1755 2128 1850 expedit
2161 1754 2386 1827 vobis.
2429 1782 2462 1821 n
2498 1755 2654 1826 Non
2684 1753 2954 1826 audivit
2985 1775 3096 1825 me
3126 1761 3197 1824 et
3218 1753 3529 1845 neglexit

698 1877 926 1949 facere
983 1878 1174 1970 quod
1236 1878 1554 1950 dixeram
1609 1878 1776 1967 sibi,
1845 1887 1915 1949 et
1954 1877 2114 1950 ideo
2162 1899 2321 1949 cum
2366 1879 2549 1949 mola
2594 1877 2889 1949 asinaria
2936 1877 3027 1947 ad
3078 1876 3334 1948 collum
3374 1878 3526 1968 ejus

696 1999 911 2091 ligata
925 2000 995 2070 in
1013 2000 1437 2095 profundum
1455 2000 1665 2072 maris
1694 2000 1823 2072 fuit
1853 2000 2292 2091 submersus,
2325 2012 2406 2071 ut
2442 2001 2760 2095 superius
2791 1999 2965 2071 dixi.
3029 2000 3117 2071 Et
3139 2011 3303 2070 nota
3333 2000 3524 2092 quod

698 2122 1026 2195 dominus
1055 2124 1452 2196 Bernardus
1484 2124 1779 2198 Rolandi
1823 2124 2046 2196 Rubei
2086 2124 2174 2195 de
2220 2125 2507 2215 Parma,
2555 2124 2676 2216 qui
2721 2123 2849 2194 fuit
2887 2135 3224 2214 cognatus
3259 2123 3523 2193 domini

696 2269 878 2342 pape
911 2248 1292 2320 innocentii
1319 2248 1592 2340 quarti,
1625 2247 1871 2318 habuit
1904 2247 2086 2319 enim
2117 2268 2426 2320 sororem
2456 2269 2633 2343 pape
2666 2268 2960 2318 uxorem
2987 2299 3006 2334 ,
3040 2245 3289 2316 melius
3320 2246 3525 2317 intel-

696 2371 874 2443 lexit
904 2372 1198 2444 verbum
1231 2371 1667 2466 imperatoris
1699 2370 1829 2442 sibi
1868 2370 2265 2444 metaforice
2299 2371 2561 2443 dictum
2589 2393 2799 2463 quam
2828 2371 3150 2441 domiuus
3181 2370 3526 2442 Gerardus
3562 2440 3566 2444 ἢ

700 2494 790 2568 de
812 2496 1071 2568 Canali.
1113 2496 1285 2568 Cum
1315 2497 1500 2568 enim
1529 2497 1833 2589 quadam
1868 2497 1981 2569 die
2014 2519 2175 2568 cum
2212 2496 2630 2591 imperatore
2655 2496 2996 2590 equitaret
3019 2505 3090 2566 et
3113 2518 3335 2589 equus
3358 2516 3525 2565 suus

697 2618 1135 2713 cespitasset,
1202 2618 1385 2692 dixit
1442 2619 1506 2691 ei
1565 2619 1942 2715 imperator
1982 2647 2000 2692 ε
2064 2647 2099 2686 «
2137 2620 2431 2691 Domine
2482 2620 2871 2709 Bernarde,
2942 2621 3205 2689 malum
3265 2640 3523 2710 equum

704 2767 741 2808 »
779 2740 1086 2832 habetis3
1135 2740 1264 2814 sed
1321 2763 1528 2837 spero
1573 2752 1645 2814 et
1689 2743 2019 2838 promitto
2049 2742 2250 2815 vobis
2285 2742 2477 2836 quod
2502 2765 2723 2837 usque
2752 2741 2843 2813 ad
2874 2761 3134 2836 paucos
3161 2740 3312 2812 dies
3339 2741 3525 2812 dabo

704 2890 741 2931 »
781 2865 985 2938 vobis
1027 2888 1248 2936 unum
1294 2865 1690 2957 meliorem,
1748 2867 1868 2960 qui
1911 2888 2055 2938 non
2111 2866 2500 2962 cespitabit.
2557 2894 2591 2933 υ
2656 2868 2743 2938 Et
2798 2865 3144 2936 intellexit
3200 2864 3525 2936 dominus

696 2988 1094 3062 Bernardus
1137 2989 1329 3084 quod
1368 2989 1458 3062 de
1503 2989 1879 3085 suspendio
1920 2991 2214 3086 patibuli
2256 2991 2521 3063 diceret
2566 2990 2711 3061 sive
2741 2989 3124 3081 furcarum,
3164 2998 3235 3060 et
3261 2987 3526 3059 innam-‘-

698 3122 964 3185 matum
1006 3122 1077 3184 et
1119 3113 1556 3204 indignatum
1592 3123 1700 3186 est
1735 3135 1856 3186 cor
1892 3115 2042 3206 ejus
2077 3124 2320 3186 contra
2352 3114 2878 3209 imperatorem,
2918 3122 2987 3183 et
3027 3111 3418 3190 absentavit
3448 3132 3523 3182 se

695 3236 788 3308 ab
816 3257 925 3309 eo·
966 3237 1180 3309 Porro
1215 3236 1541 3309 dominus
1581 3238 1975 3310 Bernardus
2016 3246 2373 3334 compater
2411 3237 2543 3308 fuit
2589 3236 3028 3331 imperatoris
3074 3246 3145 3306 et
3188 3234 3521 3306 amicissi-

697 3380 856 3431 mus
896 3359 1103 3432 valde
1143 3369 1214 3431 et
1246 3360 1542 3432 dilectus
1583 3361 1674 3432 ab
1709 3382 1831 3451 eo,
1876 3371 1947 3432 et
1978 3384 2136 3434 cum
2167 3363 2452 3434 volebat
2483 3360 2756 3452 ingredi
2784 3360 2874 3431 ad
2908 3381 3067 3430 eum
3094 3414 3113 3450 ,
3154 3360 3344 3430 nulla
3379 3369 3526 3429 erat

697 3482 795 3554 ibi
828 3484 1182 3576 clausura3
1232 3483 1361 3556 sed
1407 3484 1788 3580 imperator
1836 3485 2097 3556 nullius
2128 3485 2506 3557 amicitiam
2542 3504 2960 3556 conservare
2989 3483 3277 3555 sciebat.
3342 3538 3358 3554 .
3421 3535 3439 3553 .
3504 3537 3519 3553 .

691 3624 696 3635 “
700 3658 1289 3680 ........
1345 3610 1557 3680 Porro
1598 3610 1688 3681 de
1726 3608 2010 3681 domino
2041 3610 2396 3681 Bernardo
2426 3608 2721 3682 Rolandi
2752 3607 2972 3680 Rubei
3006 3607 3367 3679 sciendum
3424 3615 3530 3676 est

696 3729 889 3823 quod
927 3752 1288 3823 nunquam
1344 3731 1492 3804 vidi
1557 3731 1912 3804 hominem
1966 3732 2088 3825 qui
2145 3733 2397 3804 melius
2458 3752 2829 3827 personam
2895 3731 3132 3822 magni
3199 3730 3529 3825 principis

696 3863 1243 3949 representaret,
1291 3854 1599 3929 habebat
1638 3856 1824 3928 enim
1873 3856 2352 3951 apparentiam
2405 3865 2474 3927 et
2518 3854 2997 3945 existentiam;
3050 3868 3215 3926 nam
3247 3853 3529 3947 quando

698 3987 849 4049 erat
880 3977 953 4048 in
993 3978 1184 4051 bello
1217 3989 1528 4051 armatus
1577 3989 1649 4052 et
1691 4002 1849 4051 cum
1906 3981 2104 4051 clava
2137 3980 2363 4049 ferrea
2399 3977 2631 4048 hostes
2673 3976 3134 4071 percutiebat,
3167 3975 3332 4048 hinc
3364 3975 3527 4047 inde

698 4099 880 4172 sicut
908 4121 951 4172 a
986 4100 1161 4173 facie
1189 4101 1483 4194 diaboli,
1521 4103 1615 4174 ita
1639 4102 2168 4173 divertebantur
2204 4114 2277 4172 et
2307 4099 2668 4191 fugiebant
2698 4100 2790 4170 ab
2818 4119 2927 4171 e0.

794 4225 994 4296 Nunc
1053 4225 1147 4296 ad
1198 4226 1626 4299 Fridericum
1689 4237 2123 4298 revertamur
2179 4225 2383 4316 cujus
2436 4223 2717 4296 afflictio
2782 4232 2853 4293 et
2919 4221 3315 4293 maledictio
3389 4243 3530 4313 qua

699 4356 945 4419 contra
1006 4348 1326 4419 Parmam
1377 4371 1473 4421 ex
1527 4359 1673 4422 toto
1723 4349 2189 4420 inflammatus
2236 4347 2542 4439 exarsit,
2599 4344 2879 4419 duravit
2926 4367 2969 4417 a
3026 4346 3122 4416 M.
3143 4344 3526 4416 CC.XLV11

701 4480 1008 4541 exeunte
1042 4471 1243 4563 junio
1284 4494 1509 4565 usque
1543 4472 1635 4544 ad
1672 4475 1769 4546 M.
1790 4473 1913 4545 CC.
1940 4472 2210 4544 XLVIlI
2247 4471 2663 4545 duodecima
2697 4470 2810 4543 die
2843 4480 3145 4541 exeunte
3178 4467 3529 4541 februario

700 4590 773 4662 in
802 4591 916 4663 die
953 4594 1232 4686 martis,
1269 4595 1341 4666 in
1375 4617 1515 4688 qua
1538 4605 1742 4691 capta
1780 4605 1884 4667 est
1912 4595 2212 4667 Victoria
2245 4594 2513 4666 civitas,
2545 4594 2724 4665 Nam
2758 4594 3164 4664 Parmenses
3196 4601 3267 4662 et
3285 4611 3529 4662 omnes

700 4712 957 4788 milites
989 4726 1061 4787 et
1092 4720 1469 4815 populares
1502 4720 1750 4791 armati
1789 4728 1862 4790 et
1886 4719 2235 4815 preparati
2273 4718 2367 4793 ad
2397 4739 2705 4814 pugnam
2742 4716 3115 4790 exiverunt
3153 4714 3242 4789 de
3283 4716 3530 4787 Parma
