4525 6031
1647 660 1905 721 INDEX
1953 661 2651 724 DOCUMENTORUM.
3439 670 3566 733 989

1579 994 1982 1070 episcopatum
2007 998 2361 1071 pertinentia
2384 996 2497 1072 ipsi
2521 996 2596 1054 de
2619 999 2754 1073 jure
2787 1004 3026 1069 vacent,
3057 1003 3311 1073 quatuor
3334 1002 3565 1076 princi-

1578 1091 1811 1166 palibus
1836 1095 2128 1170 exeeptis,
2169 1099 2634 1170 potestatemque
2663 1092 2931 1171 indulget
2955 1093 3075 1154 duo
3095 1097 3312 1172 oppida
3338 1101 3559 1157 eonsti-

1579 1187 1782 1246 tuendi
1799 1230 1817 1263 ‚
1849 1196 1965 1248 etc.
3438 1205 3556 1257 889

735 1301 808 1353 14
839 1293 1003 1371 ljum.
1074 1297 1424 1376 Bagaeum,
1501 1321 1581 1335 —
1619 1291 1789 1351 Cives
1831 1293 2204 1353 Trevirenses
2238 1300 2300 1353 et
2340 1293 2697 1352 Lubieenses
2733 1309 2872 1353 cum
2901 1298 3163 1370 personis
3187 1302 3248 1357 et
3282 1299 3559 1362 omnibus

1578 1403 1779 1448 eorum
1805 1388 1978 1449 bonis
2002 1390 2113 1449 sub
2128 1391 2358 1465 imperii
2382 1395 2442 1448 et
2458 1405 2568 1449 sua
2587 1392 2947 1465 protectione
2973 1392 3200 1466 recipit.
3439 1404 3556 1456 838

3102 1494 3163 1549 et
3189 1498 3329 1561 840,
3361 1496 3487 1551 not.
3524 1500 3549 1552 1

730 1600 803 1652 27
848 1594 1001 1670 julii.
1098 1597 1170 1655 In
1195 1600 1405 1658 eastris
1500 1619 1578 1632 -
1620 1589 1714 1649 Ad
1743 1606 1940 1664 preces
1967 1594 2224 1668 episcopi
2247 1593 2724 1663 wormatiensis,
2760 1591 2989 1652 clvibus
3015 1593 3556 1658 Wormatiensibus

1173 1696 1333 1771 apud
1577 1685 1845 1758 indulget
1873 1691 1940 1745 ut
1967 1702 2004 1746 a
2029 1686 2302 1746 theloneo
2337 1684 2541 1767 Unqelt
2573 1694 2914 1762 nuncupato
2940 1687 3099 1763 quod
3128 1691 3287 1764 apud
3318 1689 3557 1767 Oppen-

752 1768 977 1844 1245
1036 1790 1446 1852 wormatiam,
1576 1781 1735 1841 heim
1762 1782 1840 1841 ab
1868 1784 1953 1842 eis
1975 1785 2154 1858 recipi
2183 1784 2439 1854 solebat,
2470 1787 2590 1844 sint
2610 1783 2686 1843 de
2711 1789 2902 1843 cetero
2928 1782 3204 1843 absoluti.
3438 1797 3555 1848 840

757 1905 829 1955 15
842 1900 970 1974 jan,
1138 1898 1352 1960 Hunis,
1504 1918 1577 1930 —-
1617 1887 1879 1948 Gen-ardo
1911 1888 1983 1947 de
2017 1887 2244 1966 Sintzig
2282 1889 2527 1948 mandat
2560 1895 2630 1947 ut
2664 1906 2701 1948 a
2727 1889 2969 1949 Judaeis
3004 1890 3079 1949 de
3119 1890 3344 1970 Sintzig
3378 1896 3555 1969 quin-

1577 1991 1784 2061 gentas
1812 2001 2038 2043 marcas
2064 2002 2170 2061 pro
2196 1987 2364 2044 curia
2389 2001 2499 2045 sua
2523 1991 2894 2061 extorqueat.
3440 1998 3554 2051 842

748 2104 812 2155 11
846 2097 996 2156 febr,
1070 2098 1418 2175 flaguemu,
1499 2122 1574 2135 -
1617 2091 1729 2149 Per
1755 2093 2104 2150 sententiam
2135 2091 2303 2167 jubet
2340 2096 2408 2151 ut
2444 2090 2692 2167 quilibet
2723 2091 3062 2152 infeudatus
3087 2093 3367 2154 ecclesiae
3392 2095 3555 2155 Salz·

1572 2187 1881 2266 burgensis
1925 2188 2035 2247 sub
2071 2191 2404 2248 testimonio
2441 2188 2875 2248 infeudatorum
2919 2189 3095 2266 hujus
3137 2191 3416 2251 ecclesiae
3451 2196 3557 2268 qui

1573 2288 1696 2344 sint
1721 2287 1982 2362 ejusdem
2005 2286 2379 2356 conditionis,
2406 2285 2645 2345 feudum
2672 2301 2847 2345 suum
2875 2288 3145 2346 evincere
3165 2289 3377 2347 valeat.
3438 2299 3553 2350 843

745 2399 975 2458 martio.
1066 2399 1423 2477 Haginowe.
1494 2424 1573 2434 —
1614 2392 1730 2450 Pro
1775 2390 1958 2467 gratis
2004 2392 2256 2448 servitiis
2303 2389 2536 2449 Ottonis
2587 2391 2819 2450 comitis
2871 2391 2948 2450 de
2995 2393 3407 2471 Ravensberg,
3453 2394 3556 2454 fa-

1573 2489 1853 2546 cultatem
1905 2488 1959 2544 ei
2001 2486 2269 2545 concedit
2310 2485 2555 2544 liberum
2598 2485 2791 2546 forum
2838 2487 2992 2563 apud
3045 2490 3277 2567 Bugklo
3324 2492 3556 2550 eonsti-

1571 2585 1796 2644 tuendi.
3438 2594 3553 2647 843

760 2697 954 2773 aprili.
1166 2699 1345 2774 Apud
1493 2723 1574 2735 —-
1615 2690 1905 2765 Hospitali
1935 2689 2180 2749 Sanctae
2212 2690 2437 2748 Mariae
2472 2688 2969 2748 Theutonicorum
3012 2691 3073 2748 in
3104 2690 3423 2750 Jerusalem
3451 2693 3556 2767 jus

1065 2795 1419 2874 Rotinburg,
1572 2792 1916 2863 patronatus
1944 2787 2218 2846 ecclesiae
2252 2787 2457 2846 Novae
2486 2786 2753 2846 Civitatis
2790 2787 2947 2867 apud
2986 2787 3341 2847 Mulbausen
3381 2789 3554 2863 pleno

1565 2887 1700 2959 jure
1726 2884 1971 2944 confert.
1991 2913 2008 2938 a
3437 2893 3555 2945 844

741 3002 814 3054 24
839 3010 981 3055 nov.
1160 2997 1338 3075 Apud
1497 3021 1573 3033 -
1614 2990 1893 3049 Testatur
1943 2981 2103 3065 quod
2141 2989 2451 3051 Heinricus
2482 2986 2927 3066 Bambergensis
2967 2988 3185 3050 electus
3230 2990 3432 3051 villam
3480 2991 3555 3051 de

1054 3094 1438 3174 Nuremberg.
1571 3088 1814 3149 Urbach
1854 3105 1889 3147 a
1916 3076 2301 3163 Marquardo*
2314 3062 2627 3164 'butigffiaio
2662 3087 2735 3147 de
2771 3087 3107 3165 Nurinberg
3140 3092 3234 3147 cui
3264 3104 3367 3165 per
3395 3090 3553 3165 Βορ-

1571 3201 1783 3260 ponem
1832 3187 2130 3261 quondam
2179 3186 2428 3244 electum
2467 3201 2571 3259 pro
2610 3187 2825 3243 marcis
2864 3184 3133 3244 ducentis
3170 3185 3361 3246 fuerat
3395 3187 3551 3246 obli·

1571 3290 1727 3360 gata,
1756 3298 1862 3358 pro
1889 3289 2127 3341 centum
2153 3282 2319 3340 libris
2349 3281 2613 3340 redemit.
2781 3323 2790 3334 .
3435 3294 3550 3345 846

743 3396 818 3448 24
842 3405 984 3449 nov.
1156 3395 1331 3470 Apud
1496 3423 1574 3435 -
1614 3393 1893 3451 Testatur
1940 3390 2099 3465 quod
2154 3390 2463 3448 Heinricus
2503 3388 2948 3465 Bambergensis
2989 3388 3207 3449 electus
3246 3392 3438 3451 curias
3494 3399 3553 3452 et

1053 3492 1441 3571 Nuremberg.
1573 3489 1727 3547 bona
1756 3492 1818 3547 in
1853 3488 2228 3558 Affholdere‚
2272 3487 2594 3564 Meingers,
2632 3485 2976 3546 Bubenrode
3014 3491 3075 3544 et
3114 3487 3558 3548 Germanisdorf

1571 3604 1677 3663 pro
1705 3593 2010 3645 numerata
2032 3587 2281 3661 pecunia
2308 3584 2577 3643 redemit.
3432 3596 3544 3646 847

743 3699 817 3750 30
839 3708 976 3750 nov.
1159 3694 1335 3770 Apud
1494 3724 1573 3734 —
1611 3692 1950 3751 Custodiam
1985 3693 2159 3750 castri
2202 3690 2510 3750 Ascalonis
2536 3705 2672 3747 cum
2703 3689 3070 3764 pertinentiis
3105 3694 3235 3766 ejus
3268 3694 3549 3769 magistro

1046 3793 1433 3872 Nuremberg.
1570 3796 1631 3847 et
1657 3788 1935 3847 fratribus
1968 3788 2273 3864 hospitalis
2312 3788 2509 3848 Sancti
2545 3788 2832 3845 Iohannis
2868 3785 3344 3863 lerosolymitani
3380 3806 3551 3848 com-

1567 3888 1810 3944 missam
1840 3893 1897 3944 et
1929 3887 2046 3944 alia
2072 3887 2269 3944 omnia
2340 3901 2448 3942 uae
2518 3884 2719 3943 roinde
2747 3883 2820 3941 de
2888 3886 3029 3943 atris
3054 3887 3145 3943 sui
3181 3885 3329 3943 bene
3372 3886 3553 3945 lacito

1566 3988 2008 4057 processerunt,
2039 3998 2114 4040 ex
2151 3900 2581 4040 cengiscienptia
2606 3996 2716 4038 sua
2744 3901 3073 4038 conldrmat.
3330 3903 3370 3961 P
3426 3990 3542 4041 848

728 4088 988 4149 decemb.
1152 4090 1327 4166 Apud
1493 4117 1567 4130 -—
1609 4085 2122 4146 confirmationem
2164 4084 2240 4143 ab
2268 4087 2615 4159 imperatore
2643 4089 2807 4160 patre
2850 4100 2958 4142 suo
3001 4083 3270 4159 hospitali
3296 4085 3544 4146 Sanctae

1051 4186 1427 4264 Nuremberg.
1566 4183 1787 4243 Mariae
1814 4183 2310 4242 Theutonicorum
2341 4180 2629 4240 indultam
2668 4197 2841 4255 super
2871 4184 3328 4240 commutatione
3355 4182 3541 4242 bono-

1567 4297 1698 4340 rum
1726 4283 1878 4338 inter
1904 4279 2293 4338 Bel-trandum
2321 4277 2587 4337 Porcelet
2610 4283 2668 4336 et
2692 4276 2902 4336 fratres
2927 4278 3188 4356 eosdem,
3212 4286 3454 4339 renovat
3481 4288 3542 4340 et

1564 4376 1894 4437 confirmat.
2812 4357 2821 4368 ’
3424 4386 3539 4438 849

714 4482 976 4543 decemb.
1144 4485 1322 4561 Apud
1484 4517 1564 4527 —
1604 4484 1983 4560 Privilegium
2020 4482 2096 4540 ab
2130 4484 2480 4557 imperatore
2510 4486 2675 4557 patre
2701 4497 2809 4540 suo
2835 4487 2895 4540 et
2921 4480 3168 4540 Isabclla
3203 4488 3391 4542 matre
3432 4500 3541 4545 sua

1044 4580 1428 4662 Nuremberg.
1558 4581 1835 4657 hospitali
1863 4582 2107 4641 Sanctae
2137 4580 2356 4639 Mariae
2381 4579 2876 4638 Theutonicorum
2904 4578 3201 4637 indultum
3230 4595 3405 4655 super
3433 4598 3537 4641 va-

1559 4682 1663 4738 riis
1707 4678 2170 4754 possessionibus
2206 4684 2267 4737 et
2295 4676 2533 4753 juribus
2573 4680 2637 4735 in
2672 4678 2856 4736 Terra
2900 4677 3146 4755 Sancta,
3193 4685 3437 4738 renovat
3477 4686 3537 4739 et

1555 4775 1886 4834 confirmat.
3418 4786 3536 4836 850

871 4875 978 4936 Vl.
1021 4890 1125 4933 Pan
1150 4891 1193 4932 2.
3102 4881 3212 4932 125
