4525 6031
928 542 1048 604 638
1929 541 2365 605 Fninssnlm
2417 540 2763 605 SECUNDI
3364 540 3530 625 [Ans.
3567 542 3745 606 1248.

926 677 1212 749 arbitrio
1234 677 1324 749 ab
1350 675 1449 749 eis
1476 676 1859 749 exactionis
1885 678 2247 751 occasione
2280 678 2652 772 requiritis,
2675 678 2862 772 ipsos
2883 696 3091 769 quam
3110 676 3486 773 plurimum
3503 700 3749 772 aggra-

926 809 1211 890 vanteS,
1247 800 1470 896 ipsam
1511 823 1960 897 compensare
1993 803 2064 873 in
2098 804 2410 900 predicta
2441 803 2826 896 quantitate
2868 803 3084 876 debiti
3131 805 3491 875 recusatis,
3526 806 3751 900 Super

925 946 1067 1019 quo
1094 946 1253 996 cum
1282 925 1411 996 sibi
1440 926 1983 1022 supplicaverint
2008 949 2137 1022 per
2166 936 2476 1000 nostram
2508 927 2989 1000 celsitudinem
3017 925 3404 1023 provideri,
3433 926 3750 1000 fidelitati

924 1060 1157 1123 vestre
1183 1049 1632 1146 precipiendo
1656 1052 2070 1123 mandamus
2100 1052 2453 1145 quatinuS,
2493 1053 2551 1124 si
2578 1061 2684 1124 est
2714 1052 2838 1143 ita,
2869 1053 2984 1126 vel
3017 1052 3326 1124 debitum
3358 1053 3749 1148 predictum

925 1173 996 1244 in
1034 1196 1174 1268 quo
1210 1175 1540 1268 predictis
1586 1177 1823 1248 abbati
1859 1188 1930 1248 et
1961 1177 2333 1249 conventui
2356 1231 2377 1270 ,
2415 1177 2667 1249 nostris
2703 1176 3060 1264 fidelibus,
3099 1177 3425 1249 tenemini
3468 1177 3749 1249 nomine

925 1295 1068 1369 ficti
1099 1299 1478 1371 exsolvatis
1514 1299 1805 1392 eisdem,
1842 1301 1952 1372 vel
1989 1301 2059 1372 in
2093 1323 2364 1373 summa
2396 1299 2613 1396 ipsius
2643 1300 2936 1396 pecunie
2951 1323 3160 1395 quam
3189 1301 3354 1397 ipsis
3390 1302 3746 1373 annuatim

924 1422 1306 1495 exactionis
1336 1424 1614 1496 nomine
1647 1425 1994 1517 requiritis
2033 1425 2519 1520 compensetis.
2556 1425 2884 1520 Alioquin
2914 1447 3078 1497 ecce
3106 1426 3296 1519 quod
3327 1425 3621 1497 Henrico
3657 1426 3747 1497 de

921 1547 1222 1638 Rivello,
1261 1549 1439 1620 sacri
1489 1549 1760 1645 imperii
1800 1571 1844 1621 a
1887 1550 2095 1645 Papia
2145 1551 2463 1646 superius
2507 1550 2766 1622 vicario
2829 1550 3171 1643 generali,
3231 1548 3420 1623 fideli
3475 1561 3742 1639 nostro,

924 1671 1171 1744 damus
1203 1674 1458 1745 nostris
1493 1673 1743 1746 litteris
1784 1674 1857 1745 in
1893 1674 2241 1747 mandatis
2283 1684 2362 1746 ut
2393 1696 2519 1748 vos
2552 1674 2644 1747 ad
2673 1674 2747 1746 id
2792 1696 2931 1768 qua
2970 1675 3301 1749 convenit
3334 1673 3746 1747 cohercione

921 1817 1076 1869 com
1126 1799 1316 1870 ellat.

1016 1820 1269 1989 Dgtum
1300 1917 1536 2013 Papie,
1571 1917 1845 1991 decimo
1871 1928 2121 1993 octavo
2140 1918 2326 2012 julii,
2357 1928 2557 1993 sexte
2585 1918 3001 1992 indictionis.

1027 2474 1492 2584 FridericuS,
1531 2476 2052 2560 Romanorum
2090 2476 2532 2584 imperator,
2573 2485 2840 2558 notum
2878 2473 3059 2557 facit
3093 2473 3302 2583 quod
3337 2495 3514 2554 cum
3550 2470 3736 2553 olim

774 2622 788 2636 ·
854 2565 870 2592 ’
921 2621 1258 2692 castrum
1297 2610 1607 2697 Olibani
1656 2611 1755 2693 ad
1799 2609 2192 2694 ecclesiam
2231 2608 2785 2693 Salernitanam
2833 2608 3218 2717 pertinens
3260 2632 3396 2715 per
3432 2603 3738 2715 magis-

921 2751 1126 2824 trum
1173 2743 1812 2827 Theutonicorum
1864 2743 2389 2826 Hermannum
2444 2741 2809 2825 custodiri
2863 2741 3157 2847 fecerit,
3199 2739 3487 2821 malitia
3538 2749 3743 2820 tem-

921 2876 1129 2982 poris
1170 2876 1420 2959 adhuc
1464 2877 1921 2985 perdurante
1956 2902 2091 2984 per
2125 2874 2578 2958 castellanos
2615 2883 2690 2956 et
2726 2874 3132 2957 servientes
3170 2898 3348 2956 suos
3391 2870 3739 2982 expensis

922 3008 1346 3116 praedictae
1383 3008 1741 3093 ecclesiae
1794 3009 2378 3092 custodiendum
2436 3034 2744 3119 quoque
2790 3007 3048 3114 ducit3
3111 3034 3203 3092 eo
3256 3019 3509 3090 tamen
3575 3017 3742 3088 sta-

927 3153 1088 3224 tuto
1168 3151 1251 3223 ut
1312 3143 1567 3225 statim
1636 3168 1725 3224 ac
1794 3143 2198 3225 concordia
2268 3141 2464 3223 inter
2536 3168 2616 3225 se
2685 3151 2762 3224 et
2830 3141 3249 3224 Romanam
3325 3139 3734 3223 Ecclesiam

925 3273 1335 3357 reformata
1382 3274 1646 3382 suerit,
1686 3286 2021 3359 castrum
2071 3275 2326 3385 ipsum
2377 3275 2455 3357 in
2495 3285 2940 3385 potestatem
2987 3273 3524 3384 archiepiscopi
3577 3273 3740 3355 sine

921 3406 1364 3490 difficultate
1406 3418 1848 3493 revertatur.

1085 3620 1335 3701 (Inedit.
1364 3624 1429 3682 in
1442 3621 1682 3683 archivo
1708 3622 1967 3700 archiep.
1998 3622 2260 3702 Salem„
2287 3630 2501 3703 regest.
2529 3625 2582 3699 1,
2611 3624 2715 3685 fol.
2750 3632 2899 3703 716,
2934 3639 3010 3685 ex
3038 3625 3310 3702 originali
3335 3622 3493 3684 unde
3517 3620 3739 3700 pende-

1161 3725 1266 3789 bat
1293 3729 1553 3806 sigillum
1588 3745 1821 3789 cereum
1857 3745 1994 3789 cum
2032 3728 2154 3790 filis
2189 3732 2393 3791 scricis
2429 3730 2591 3790 rubri
2627 3730 2858 3792 coloris.
2891 3730 3102 3808 Copiae
3130 3745 3269 3790 vero
3303 3728 3642 3789 chartaceae
3678 3734 3739 3788 et

1161 3836 1501 3896 recentioris
1526 3835 1769 3896 mendas
1795 3835 2096 3896 evidentes
2121 3834 2537 3914 correxImus.)

1016 4023 1411 4114 FedericuS,
1444 4023 1573 4094 Dei
1594 4022 1815 4116 gratia
1844 4024 2316 4095 Romanorum
2339 4022 2714 4116 imperator
2745 4032 2815 4094 et
2846 4043 3121 4118 semper
3145 4032 3507 4114 augustus,
3539 4022 3736 4095 Jeru-

922 4148 1138 4221 salem
1167 4156 1239 4219 et
1263 4146 1491 4220 Sicilie
1519 4168 1674 4219 rex.
1697 4148 1954 4219 Notum
1978 4145 2129 4218 fieri
2155 4147 2478 4219 volumus
2499 4167 2627 4241 per
2653 4157 3013 4241 presentes
3039 4146 3230 4240 quod
3252 4147 3414 4218 olim
3446 4166 3570 4241 pro
3599 4166 3734 4217 ma·

921 4272 1069 4343 litia
1099 4270 1425 4365 temporis
1455 4272 1892 4366 perurgentis
1913 4282 2215 4343 castrum
2244 4269 2516 4342 Olibani
2540 4271 2732 4363 quod
2756 4280 2861 4343 est
2882 4280 3117 4343 sancte
3138 4269 3742 4365 archiepiscopalis

920 4394 1210 4469 ecclesie
1240 4394 1697 4486 Salernitane,
1735 4394 1864 4466 fuit
1894 4395 1984 4467 de
2015 4393 2345 4466 mandato
2377 4403 2616 4466 nostro
2647 4404 2717 4466 et
2749 4394 3106 4466 voluntate
3138 4395 3491 4488 quondam
3535 4413 3743 4478 vene-

918 4519 1156 4591 rabilis
1179 4517 1680 4613 archiepiscopi
1702 4517 1916 4613 ipsius
1942 4517 2231 4590 ecclesie
2250 4515 2475 4591 fidelis
2496 4517 2713 4590 nostri
2750 4540 2874 4614 per
2900 4518 3083 4590 bone
3105 4517 3437 4589 memorie
3456 4517 3738 4587 fratrem

918 4644 1390 4715 Hermannum
1423 4643 1828 4733 magistrum
1850 4640 2212 4738 hospitalis
2240 4643 2493 4716 Sancte
2516 4641 2731 4719 Mario
2759 4641 3341 4717 'theutonicorum
3375 4641 3450 4712 in
3474 4641 3750 4728 jerusa·-
