4525 6031
701 628 902 689 lnmcr.
940 620 1067 709 15.]
1596 622 1992 686 HISTORIA
2041 620 2633 685 DIPLOMATICA.
2795 672 2801 677 .
3404 612 3527 676 829

818 1141 1220 1226 Conradus
1278 1139 1356 1218 in
1417 1138 1945 1236 Romanorum
1997 1162 2259 1248 regem
2315 1137 2595 1220 electus
2616 1198 2640 1244 ,
2679 1162 2820 1247 pro
2864 1136 3152 1219 devotis
3203 1136 3524 1220 servitiis
3628 1130 3876 1250 0023,ss

711 1272 1013 1356 Henrici
1084 1271 1537 1355 Brabantiae
1598 1272 1814 1354 ducis
1835 1332 1858 1371 .‚
1906 1269 1996 1390 ‘ei
2062 1270 2207 1352 tria
2261 1269 2503 1351 millia
2566 1296 3000 1353 marcarum
3060 1268 3529 1353 Coloniensis
3675 1245 3850 1285 ¹⁸⁰⁸*

712 1416 1062 1489 monetae
1131 1406 1212 1487 in
1272 1405 1464 1488 festo
1529 1404 1784 1487 Sancti
1856 1403 2178 1514 Remigii
2248 1403 2593 1512 proxime
2661 1414 2981 1487 venturo
3034 1402 3532 1513 persolvenda

715 1537 1112 1648 promittit.

882 1740 1144 1819 (Edider.
1161 1739 1471 1817 Bumm,
1495 1736 1705 1818 Tropk.
1732 1688 1815 1798 du
1834 1723 2053 1815 Brab.,‘
2073 1744 2124 1800 t.
2146 1739 2196 1812 1,
2218 1756 2280 1815 p.
2305 1746 2414 1811 843
2434 1766 2512 1784 -·
2531 1738 2784 1813 Lame„
2814 1735 2955 1798 Cod.
2983 1736 3177 1799 Germ.
3202 1733 3539 1817 diplomat..

955 1854 1005 1907 t.
1038 1846 1129 1923 11,
1173 1863 1235 1922 p.
1283 1853 1456 1905 1102.
1488 1846 1638 1907 Cell.
1676 1862 1814 1905 cum
1847 1844 1988 1927 Περ.
2019 1841 2118 1905 des
2151 1842 2377 1906 clem-tes
2410 1842 2480 1905 de
2509 1842 2720 1919 Brab„
2749 1846 2847 1917 13„
2878 1843 3021 1905 folio
3049 1854 3083 1905 5
3117 1861 3319 1919 verso,
3346 1845 3412 1906 ln
3436 1860 3540 1907 ar·

959 1953 1133 2013 chive
1165 1969 1290 2031 reg.
1325 1949 1742 2030 Bruxellensi.)

817 2128 1208 2215 ConraduS‚
1250 2127 1392 2212 divi
1438 2126 1713 2219 augusti
1755 2127 2189 2222 imperatoris
2234 2125 2560 2199 Friderici
2599 2124 2817 2216 filius»,
2854 2126 2983 2198 Dei
3027 2125 3252 2219 gratia
3294 2126 3546 2198 Roma·

722 2252 1056 2323 norumin
1075 2273 1311 2344 regem
1346 2251 1632 2343 electuS‚
1665 2272 1939 2345 semper
1964 2258 2301 2342 augustus
2329 2261 2400 2322 et
2430 2249 2635 2322 heres
2672 2249 2883 2343 regni·
2899 2249 3349 2341 Ierhusalem,
3383 2248 3541 2321 uui·
3600 2243 3604 2246 ⁴

721 2376 942 2448 versis
977 2386 1331 2471 presentes
1364 2377 1628 2447 litteras
1672 2375 2085 2470 inspecturis
2125 2374 2448 2446 fidelibus
2489 2375 2632 2446 suis
2676 2374 2969 2467 gratiam
2998 2396 3194 2446 suam
3236 2384 3307 2451 et
3337 2393 3544 2446 omne

723 2501 1012 2572 bonum.
1044 2501 1312 2571 Tenere
1343 2499 1771 2593 presentium
1799 2509 2042 2571 notum
2075 2520 2228 2600 esse
2261 2499 2585 2571 volumus
2614 2507 2684 2569 et
2716 2506 3180 2593 protestamur
3199 2498 3389 2590 quod
3417 2518 3546 2570 nos

725 2624 1166 2696 attendentes
1201 2624 1528 2696 devotam
1566 2623 2032 2695 sinceritatem
2074 2645 2199 2718 per
2239 2644 2451 2716 quam
2492 2622 2829 2693 Henricus
2872 2623 3156 2693 illustris
3192 2622 3341 2693 dux
3376 2623 3545 2693 Bra-

723 2748 958 2820 bantie
996 2769 1124 2843 pro
1158 2748 1455 2820 servitiis
1493 2746 1757 2819 domini
1795 2757 1865 2818 et
1892 2747 2107 2841 patris
2134 2747 2354 2822 nostri
2384 2756 2455 2818 et
2488 2747 2740 2818 nostris
2782 2767 2857 2817 se
2895 2746 3216 2817 sedulum
3259 2745 3550 2817 exhibet

718 2873 980 2964 jugiter
1010 2882 1082 2943 et
1116 2872 1460 2943 intentum
1499 2868 1561 2966 (l
1577 2869 1633 2966 )‚
1670 2872 1758 2943 de
1792 2870 2225 2966 plenitudiue
2267 2870 2535 2942 consilii
2576 2870 2792 2943 nostri
2821 2870 3283 2965 promittimus
3317 2870 3380 2941 ei
3419 2870 3551 2942 tria

728 2997 942 3070 millia
997 3018 1387 3068 marcarum
1448 2996 1873 3069 Coloniensis
1920 3005 2199 3067 monete
2246 2995 2318 3067 in
2373 2997 2549 3068 festo
2595 2996 2826 3067 Sancti
2884 2994 3177 3087 Remigii
3229 2995 3550 3090 proximo

728 3145 917 3194 nunc
948 3132 1245 3194 venturo
1273 3122 1651 3193 liberaliter
1681 3121 2172 3216 persolvenda.
2205 3120 2317 3192 Ad
2354 3122 2552 3213 cujus
2586 3096 2686 3192 rei
2723 3120 2935 3192 robur
2975 3129 3330 3215 presentes
3363 3120 3548 3192 litte-

589 3288 608 3304 ·
727 3266 841 3319 ras
872 3246 1023 3318 fieri
1052 3247 1342 3317 fecimus
1370 3247 1574 3337 sigilli
1606 3246 1824 3318 nostri
1857 3245 2240 3317 munimine
2272 3246 2655 3324 roboratas.

829 3368 1082 3442 Actum
1118 3370 1311 3464 apud
1341 3369 1692 3442 Coloniam
1713 3423 1731 3460 ‚
1763 3391 1950 3441 anuo
1979 3369 2325 3441 dominice
2359 3369 2850 3442 incarnationis
2884 3369 3250 3442 millesimo
3288 3370 3557 3442 ducen-

732 3493 975 3568 tesimo
1007 3493 1540 3588 quadragesimo
1573 3495 1911 3584 secunde,
1944 3516 2183 3565 mense
2220 3494 2474 3585 martii,
2510 3496 2636 3566 XV
2666 3494 3070 3566 indictione.
3163 3551 3171 3557 .

841 4019 1281 4102 Revertente
1314 4046 1494 4104 vero
1529 4046 1710 4130 rege
1751 4020 2266 4104 Confluentiae
2312 4020 2411 4102 ad
2446 4029 2699 4128 partes
2738 4014 2920 4102 ‘ante
2952 4019 3283 4125 Pascha,
3324 4044 3555 4102 mor-

696 4121 700 4127 *
737 4162 914 4235 tuus
973 4163 1087 4236 est
1146 4153 1655 4237 Theodericus
1715 4155 2324 4263 archiepiscopus
2379 4155 2496 4259 (2)
2547 4152 2817 4262 quinto
2874 4151 3244 4235 kalendas
3296 4150 3559 4259 aprilis

615 4288 638 4303 ’
737 4282 880 4394 (28
916 4286 1238 4392 martii).
1283 4294 1473 4367 Gest.
1533 4285 1858 4393 Treuir„
1896 4286 2065 4369 loco
2105 4312 2337 4395 supra
2374 4287 2625 4368 citato.

736 4464 897 4476 ..ι-.-

810 4547 884 4620 (1)
916 4551 1037 4608 Non
1067 4550 1159 4607 diu
1188 4557 1367 4609 autem
1393 4552 1611 4610 duravit
1639 4552 1852 4610 laudata
1879 4551 1976 4610 ista
2010 4551 2172 4620 fides,
2206 4551 2338 4608 dum
2365 4552 2472 4608 dux
2494 4549 2809 4610 Brabantiae
2832 4549 2971 4608 inter
3006 4548 3210 4623 primos
3241 4551 3564 4609 Germaniae

741 4655 1014 4719 magnates
1040 4648 1112 4705 ad
1135 4656 1317 4722 partes
1337 4648 1493 4708 Sedis
1517 4650 1788 4707 Romanae
1812 4666 1930 4707 mox
1956 4649 2238 4707 deiecerit.

809 4744 884 4815 (2)
920 4746 1178 4818 Magnum
1209 4745 1402 4804 abinde
1437 4755 1685 4806 exortum
1720 4754 1804 4806 est
1832 4747 2112 4806 dissidium
2139 4754 2362 4842 propter
2394 4746 2661 4820 duplicem
2691 4751 2805 4803 tum
2834 4745 3059 4805 Arnoldi
3087 4746 3346 4805 ecclesiae
3370 4746 3565 4804 cathe-

898 4844 1008 4909 vl.
1048 4861 1162 4907 rm
1183 4863 1228 4906 2.
1438 4868 1443 4872 ·
3131 4857 3245 4909 105
