4525 6031
803 3791 954 3845 jum.
992 3766 1006 3789 '

1088 662 1210 725 740
2085 652 2514 716 rmnsmm
2563 652 2913 716 suenum
3529 656 3694 738 [An.
3731 657 3908 721 1249.

1088 795 1516 872 sinceritatis
1544 795 1779 886 itaque
1812 799 2042 862 vestre
2074 790 2532 863 constantiam
2560 790 2855 887 proinde
2890 789 3176 863 laudum
3225 791 3442 863 titulis
3473 813 3559 865 eo
3586 793 3915 866 libentius

1089 921 1490 997 extollimus
1505 972 1526 1010 ,
1561 938 1703 1011 quo
1741 915 1948 1011 plena
1983 912 2073 986 de
2104 913 2305 985 vobis
2336 914 2517 987 votis
2543 914 2796 987 nostris
2829 914 3295 1008 respondente
3329 913 3583 988 fiducia
3602 969 3622 1007 ,
3658 938 3786 989 vos
3821 918 3915 991 ad

1087 1055 1325 1119 nostra
1373 1040 1654 1113 servitia
1701 1047 2060 1133 promptos
2103 1057 2378 1132 semper
2421 1047 2493 1108 et
2544 1037 2925 1110 benevolos
2980 1036 3397 1111 invenimus.
3463 1041 3650 1113 Licet
3703 1041 3916 1133 igitur

1089 1191 1292 1242 casus
1318 1168 1495 1260 ipse,
1530 1164 1589 1234 si
1612 1183 1813 1234 casus
1843 1161 1978 1233 dici
2009 1160 2301 1251 debeat,
2335 1182 2429 1232 ex
2450 1181 2592 1254 quo
2618 1161 2908 1254 negocia
2939 1172 3176 1234 nostra
3206 1184 3349 1235 non
3387 1163 3676 1255 cadunt,
3709 1165 3914 1237 fabu-

1091 1296 1237 1365 lose
1267 1288 1500 1383 gravis
1536 1296 1606 1358 et
1634 1284 2015 1376 vulgariter
2039 1283 2366 1355 horridus
2396 1283 2746 1376 videatur,
2777 1306 2906 1357 nos
2934 1293 3166 1356 tamen
3199 1286 3425 1381 ipsum
3458 1309 3584 1380 pro
3622 1288 3759 1360 levi
3789 1309 3914 1361 seu

1088 1415 1377 1487 minimo
1409 1418 1848 1505 reputantes,
1881 1407 2322 1479 altitudinem
2350 1408 2603 1479 mentis
2628 1417 2866 1479 nostre
2898 1418 3269 1504 propterea
3303 1410 3376 1480 in
3403 1410 3598 1482 nullo
3626 1409 3915 1483 deflexi-

1090 1559 1248 1612 mus
1265 1590 1285 1628 ,
1313 1557 1447 1607 nec
1471 1534 1615 1604 ulla
1641 1532 1755 1604 vel
1790 1531 2061 1602 modica
2083 1551 2295 1602 causa
2321 1552 2450 1603 nos
2476 1531 2769 1627 proinde
2799 1532 3212 1605 turbationis
3242 1532 3529 1605 affectus
3563 1531 3745 1631 (sic).
3778 1533 3918 1607 Sed

1094 1683 1257 1734 cum
1312 1659 1654 1731 bellorum
1702 1656 1883 1727 facta
1937 1654 2076 1725 sint
2125 1652 2337 1725 dubia
2391 1664 2462 1725 et
2503 1654 2895 1727 serenitatis
2943 1665 3179 1728 nostre
3224 1656 3564 1748 gremium
3606 1656 3918 1729 abundet

1095 1785 1297 1880 copia
1322 1781 1656 1873 filiorum,
1691 1777 2149 1872 equanimiter
2181 1777 2576 1870 hujusmodi
2613 1800 2797 1851 nova
2828 1779 3277 1874 suscipimus,
3308 1791 3379 1852 et
3408 1790 3645 1852 nostre
3666 1790 3916 1875 poten-

1098 1910 1192 1980 tie
1242 1909 1609 1981 dexteram
1665 1914 1856 1975 tanto
1897 1911 2267 1998 propterea
2312 1901 2558 1974 fortius
2603 1902 2677 1973 in
2726 1903 3090 1974 rebellium
3124 1913 3520 1975 nostrorum
3564 1903 3918 1977 excidium

1096 2031 1465 2102 incitamus
1502 2037 1572 2098 et
1603 2026 1931 2118 erigimus
1971 2024 2064 2096 ad
2110 2023 2523 2114 vindictam,
2569 2033 2834 2118 quanto
2867 2035 3152 2121 propter
3187 2024 3321 2097 hoc
3354 2025 3681 2098 videntur
3710 2046 3914 2121 aper·

1097 2155 1235 2225 tius
1284 2151 1510 2224 inanis
1545 2149 1762 2242 glorie
1799 2157 2087 2220 ventum
2127 2157 2197 2218 et
2240 2147 2558 2220 frivolam
2605 2147 2970 2220 resistendi
3027 2149 3389 2220 materiam
3433 2150 3914 2245 assumpsisse.

1101 2277 1409 2370 Cumque
1443 2293 1643 2346 casus
1671 2270 2068 2364 hujusmodi
2104 2270 2414 2363 gladium
2446 2281 2760 2343 nostrum
2792 2281 3113 2366 potenter
3143 2273 3445 2362 acuerit,
3487 2283 3559 2344 et
3599 2273 3671 2343 in
3703 2272 3919 2345 detri-

1101 2410 1338 2473 menta
1381 2419 1510 2470 nos
1547 2395 1848 2467 hostium
1897 2392 2376 2466 ardentissime
2408 2395 2836 2488 provocarit,
2874 2396 3317 2468 devotionem
3349 2404 3654 2468 vestram
3685 2395 3922 2469 horta·

1105 2545 1261 2594 mur
1285 2529 1549 2593 attente
1569 2517 1979 2589 mandantes
1996 2524 2342 2608 quatenus
2359 2516 2669 2588 rancoris
2686 2517 3056 2609 cujuslibet
3077 2517 3379 2613 speciem
3404 2518 3791 2611 abigentes,
3824 2518 3924 2591 sic

1103 2667 1296 2719 more
1329 2643 1531 2716 solito
1560 2641 1741 2712 circa
1774 2648 2011 2711 nostra
2037 2638 2319 2710 servitia
2351 2638 2788 2711 laudabiliter
2817 2640 3183 2732 insistatis,
3220 2641 3412 2735 quod
3446 2663 3643 2737 spem
3661 2692 3684 2731 ,
3711 2662 3924 2734 quam

1105 2772 1193 2844 de
1229 2768 1428 2842 vobis
1454 2764 1684 2838 stabili
1714 2774 1945 2834 mente
1978 2762 2462 2856 concepimus,
2503 2763 2882 2834 sentiamus
2923 2763 2992 2834 in
3025 2763 3227 2835 nobis
3267 2765 3338 2835 in
3372 2785 3583 2860 opere
3615 2786 3922 2838 commo-

1106 2896 1372 2968 dosam.
1436 2891 1579 2962 Nos
1635 2886 1820 2958 enim
1873 2885 2201 2978 temporis
2256 2884 2615 2957 habilitate
2680 2895 2955 2980 captata
2979 2938 3000 2976 ,
3055 2887 3154 2958 sic
3203 2887 3443 2958 ultime
3495 2887 3926 2984 depressioni

1108 3018 1472 3090 rebellium
1491 3066 1510 3104 ,
1542 3010 1799 3107 apertis
1836 3007 2175 3081 thesauris
2200 3008 2454 3082 nostris
2477 3022 2547 3081 et
2568 3006 2876 3082 fidelium
2908 3021 3302 3083 nostrorum
3327 3012 3653 3085 subsidiis
3679 3034 3926 3107 aggre-

1108 3140 1321 3235 gatiS‚
1352 3158 1600 3210 vacare
1633 3134 2062 3229 disponimus
2080 3186 2098 3221 ‚
2138 3131 2330 3226 quod
2355 3134 2616 3205 nedum
2646 3144 2983 3226 cogantur
3010 3157 3053 3207 a
3082 3134 3303 3230 ceptis
3328 3134 3526 3209 inviti
3555 3137 3918 3230 desistere,

1111 3262 1237 3337 sed
1272 3263 1502 3358 potius
1537 3258 1897 3354 peniteant
1922 3255 2286 3349 incepisse.

1221 3715 1644 3799 Fridericus
1661 3776 1684 3821 ,
1750 3716 2270 3797 Romanorum
2342 3716 2790 3824 imperator,
2857 3715 3208 3798 comitem
3272 3710 3766 3797 Thomasium
3830 3711 3928 3795 de

1100 3848 1496 3932 Sabaudia
1569 3846 1996 3957 generalem
2068 3848 2365 3955 imperii
2436 3846 2771 3955 legatum
2829 3848 2912 3928 in
2976 3845 3431 3931 Lombardia
3500 3871 3545 3926 a
3611 3842 3930 3926 flumine

1110 3980 1439 4064 Lambro
1482 3980 1831 4088 superius
1882 3979 2310 4084 constituit,
2350 4003 2528 4061 cum
2565 4004 2776 4062 mero
2813 3989 2887 4062 et
2930 3979 3166 4062 mixto
3205 3977 3522 4087 imperio
3568 3987 3644 4060 et
3693 3975 3928 4086 gladii

1109 4124 1474 4222 potestate
1489 4174 1512 4216 ,
1555 4113 1776 4223 eique
1812 4111 2335 4195 auctoritatem
2376 4109 2853 4219 judiciariam
2901 4110 3334 4218 plenissime
3379 4109 3671 4192 tribuit.

1273 4328 1461 4408 (Edlt.
1494 4326 1652 4405 apud
1678 4326 2082 4400 Gmcnnnon,
2112 4326 2265 4387 Hm.
2297 4323 2580 4407 qdndaloq.
2613 4323 2682 4386 de
2713 4322 2774 4384 la
2800 4326 3022 4385 mon
3047 4322 3118 4384 de
3147 4274 3352 4386 Saucia
3371 4368 3392 4403 ,
3418 4340 3690 4403 preuves,
3720 4341 3783 4401 p.
3817 4331 3926 4400 9²3

1346 4467 1429 4478 —
1449 4441 1509 4492 et
1542 4449 1638 4510 ap.
1673 4431 1896 4492 Hister.
1938 4432 2175 4511 patriae
2211 4448 2493 4502 monum„
2535 4430 2755 4508 chart.,
2784 4437 2931 4490 tom.
2963 4432 3017 4508 I,
3041 4447 3109 4507 p.
3156 4438 3343 4508 1899,
3376 4446 3512 4490 eum
3547 4429 3779 4489 mendis
3809 4427 3931 4489 fere

1347 4535 1589 4607 eisdem,
1622 4537 1756 4597 licet
1781 4553 1856 4596 ex
1883 4538 2097 4614 orlgln.
2128 4539 2190 4596 in
2216 4535 2380 4597 arch.
2412 4551 2536 4612 reg.
2573 4551 2726 4610 cur„
2754 4533 2913 4612 Dlpl.
2944 4536 3085 4612 imp.
3118 4534 3261 4597 fasc.
3281 4535 3334 4613 I,
3363 4546 3430 4596 n⁰
3459 4543 3558 4606 24,
3591 4534 3749 4595 unde
3781 4548 3929 4611 pen-

1355 4643 1454 4702 det
1481 4640 1761 4719 slgsslum,
1805 4640 2184 4717 desumptum
2209 4646 2520 4701 asseratur.
2564 4638 2659 4701 Cf.
2697 4638 3050 4702 documenta
3096 4641 3358 4719 ejusdem
3397 4642 3569 4719 quasi
3611 4638 3926 4714 formulae,

1347 4755 1398 4810 t.
1422 4748 1501 4825 V,
1524 4765 1586 4824 p,
1620 4755 1729 4807 357
1761 4753 1823 4807 et
1846 4763 2041 4824 seqq„
2072 4752 2118 4805 t.
2154 4747 2255 4823 vl,
2291 4763 2351 4822 p.
2395 4744 2723 4825 θεν-333.)
