4525 6031
1037 667 1166 730 992
1972 671 2216 732 INDEX
2265 665 2956 730 nocuimwroltun.

1071 871 1297 946 1246

1101 1007 1251 1075 sept.
1480 996 1659 1074 Apud
1816 1031 1895 1046 —
1935 999 2319 1061 Collationem
2352 1016 2456 1075 per
2487 1001 2766 1061 ottonem
2802 997 3080 1056 comitem
3112 996 3439 1073 palatinum
3480 995 3629 1056 Reni
3672 996 3882 1057 ducem

1388 1093 1739 1172 Augustam.
1892 1097 2196 1167 Bavariae‚
2226 1112 2495 1155 socerum
2521 1111 2726 1161 suum.
2758 1095 3115 1152 monasterio
3135 1094 3197 1152 in
3225 1094 3679 1170 Wezilsprunne
3703 1110 3882 1169 super

1890 1194 2135 1253 ecclesia
2160 1193 2235 1253 de
2262 1191 2476 1254 Phetin
2506 1192 2747 1265 iactam,
2778 1195 2965 1249 ratam
2993 1188 3192 1249 habet.
3760 1199 3879 1250 878

1044 1295 1116 1347 17
1162 1294 1310 1364 sept.
1452 1286 1679 1349 Trifels.
1810 1320 1890 1332 —
1930 1290 2172 1348 Fatetur
2218 1287 2583 1365 Isengardim
2639 1286 2894 1361 Philippi
2939 1285 3016 1344 de
3057 1285 3436 1345 Falkensteln
3490 1283 3734 1360 dapiferi
3785 1285 3879 1343 sui

1888 1389 2203 1462 conjugem
2247 1384 2359 1443 sibi
2407 1384 2713 1443 tradidisse
2740 1389 2998 1441 castrum
3043 1381 3253 1441 Triteia
3297 1387 3358 1439 et
3396 1382 3650 1456 insignia
3689 1383 3879 1455 impe-

1892 1482 2061 1541 rialia
2112 1496 2266 1558 quae
2317 1479 2535 1539 ibidem
2592 1477 2999 1548 servabantur,
3054 1492 3191 1537 cum
3252 1476 3452 1536 multis
3506 1478 3687 1536 sacris
3740 1478 3876 1535 reli-

1888 1581 2075 1655 quiis,
2104 1584 2220 1637 etc.
3758 1582 3873 1633 878

1810 1707 1890 1719 .-
3812 1670 3874 1730 bi

1078 1672 1284 1750 [ψ’]
1449 1673 1676 1751 ⁸⁹⁰⁸*
1889 1668 3867 1846 assaumis&'texti'glkffiz‘tssz’gf‘ffia‚

1886 1874 1947 1927 et
1971 1867 2316 1945 Spigelberg
2342 1884 2479 1927 cum
2510 1866 2864 1926 victualibus
2892 1865 3111 1925 ibidem
3139 1867 3474 1925 asservatis.
3754 1873 3827 1924 87
3836 1872 3872 1923 8

1038 1971 1112 2022 ²⁶
1161 1970 1310 2039 Ψ·
1430 1963 1685 2137 εξῖἳὲ.
1807 1964 2750 2139 ’ωἶζῖζζῗῗὲξέἓξνὲἒέἑῖ
2783 1960 3873 2136 tm³302523225¹225332523

1886 2164 2021 2219 tuor
2047 2175 2235 2218 annos
2262 2160 2587 2235 completos
2614 2162 2845 2219 eximit.
3752 2166 3869 2217 880

1057 2260 1129 2311 12
1158 2253 1286 2313 dec.
1458 2254 1669 2330 Aquis.
1805 2288 1886 2300 —
1925 2256 2145 2317 Notum
2183 2257 2324 2317 iacit
2359 2258 2519 2333 quod
2553 2273 2690 2316 cum
2734 2257 3098 2316 Wilhelmus
3141 2273 3335 2318 eomes
3369 2257 3720 2320 Juliacensis
3759 2256 3871 2315 sub

1884 2356 2155 2465 cautious
2198 2353 2338 2412 ndei
2391 2371 2534 2414 suae
2586 2356 2919 2430 promiserit
2966 2361 3183 2414 terram
3237 2356 3871 2510 110001·ῗίῑέτὲἃὲῗὲιῖ

1062 2504 1282 2579 ιω
1884 2450 3427 2622 32:533:ffsffisizssssssifflgzxr¹¹⁹¹·

1057 2640 1092 2690 9
1116 2640 1289 2691 mart.
1471 2634 1647 2710 Apud
1804 2675 1885 2686 —
1923 2645 2215 2703 Friderico
2260 2646 2465 2703 comiti
2511 2644 2585 2703 de
2629 2645 2917 2719 Liningen
2966 2646 3169 2704 villam
3217 2643 3421 2703 Sancti
3467 2644 3638 2704 Pauli
3686 2661 3868 2720 prope

1391 2731 1721 2810 Eflssllngen·
1882 2741 2297 2818 Wissemburg
2321 2748 2382 2801 et
2405 2743 2607 2800 omnia
2652 2741 2902 2801 feodalia
2930 2758 3083 2819 quae
3110 2742 3412 2818 quondam
3456 2744 3647 2802 tenuit
3691 2743 3757 2802 B.
3792 2743 3868 2802 de

1057 2785 1282 2863 1248
2626 2840 2637 2853 ·

1038 2922 1109 2972 ¹⁰
1142 2917 1303 2973 “¹⁶¹¹-
1394 2922 1716 3002 Augustao·
1803 2836 2806 3010 —vlzzdszgslgsszeelstetcssggdotnnia
2841 2937 3177 2994 monasterii
3207 2938 3268 2994 in
3296 2936 3682 3012 Weingarten
3719 2848 3868 2994 οἰῗιῗ

1033 3070 1038 3075 -
1879 3028 2078 3089 firmat
2116 3036 2245 3090 tum
2285 3031 2359 3089 de
2390 3034 2524 3107 jure
2560 3032 2923 3091 censualium
2960 3034 3228 3109 ejusdem
3270 3033 3577 3111 ecclesiae,
3621 3040 3750 3092 tum
3793 3034 3868 3095 de

1056 3088 1280 3163 1249
1872 3129 2008 3201 jure
2034 3143 2208 3203 super
2237 3127 2552 3187 novalibus
2577 3130 2639 3186 in
2670 3130 2841 3203 sylva
2869 3129 3188 3189 Altorfensi
3217 3131 3491 3191 excultis,
3744 3142 3864 3194 884

1030 3225 1104 3275 27
1155 3218 1301 3277 febr.
1375 3214 1726 3293 Haguenau.
1798 3254 1881 3265 —-
1919 3222 2180 3282 sculteto
2214 3231 2274 3283 et
2300 3224 2530 3283 civibus
2561 3225 2637 3283 de
2664 3225 2947 3285 Solodoro
2983 3227 3229 3287 mandat
3268 3228 3429 3305 quod
3458 3233 3865 3306 praepositum

1878 3325 1938 3377 et
1963 3321 2286 3393 capitulum
2314 3322 2590 3381 ecclesiae
2616 3321 3018 3383 Solodorensls
3044 3330 3250 3383 contra
3282 3328 3686 3401 oppressiones
3712 3344 3862 3404 quo-

1881 3417 2153 3475 rumdam
2179 3418 2646 3478 adversariorum
2675 3425 2971 3481 tueantur.
3742 3434 3861 3485 88⁵

1030 3507 1303 3578 augusto.
1466 3500 1647 3576 Apud
1800 3543 1882 3553 —
1921 3512 2038 3571 Pro
2081 3514 2264 3588 gratis
2315 3513 2452 3574 fidei
2503 3518 2729 3576 meritis
2771 3517 3004 3577 Rudolfi
3059 3518 3133 3578 de
3184 3519 3500 3598 Habsburg
3549 3522 3863 3601 lantgravii

1363 3599 1739 3676 Nuremberg.
1878 3608 2168 3683 Alsatiae,
2197 3613 2247 3666 el
2279 3609 2613 3671 theloneum
2645 3614 2802 3687 apud
2830 3614 3179 3674 Frendenau
3208 3618 3495 3677 concedit.
3742 3630 3859 3681 888

1030 3705 1303 3775 augusto.
1462 3692 1638 3770 Apud
1798 3735 1879 3747 —
1917 3704 2033 3763 Pro
2063 3707 2246 3781 gratis
2282 3705 2419 3765 fidei
2454 3712 2675 3767 meritis
2712 3711 2975 3785 ejusdem
3014 3711 3257 3771 Rudolfi
3304 3713 3380 3772 de
3425 3714 3859 3793 Habsburg‚·ei

1363 3790 1743 3870 Nuoemberg·
1877 3801 2216 3861 theloneum
2250 3805 2405 3862 inter
2435 3804 2613 3864 colles
2642 3796 2702 3865 et'
2732 3806 2925 3865 Rheni
2951 3806 3201 3867 fluvium
3231 3811 3519 3871 concedit.
3741 3823 3857 3876 888

1463 3885 1641 3961 Apud
1801 3929 1880 3942 -
1920 3899 2341 3958 Monasterium
2370 3899 2443 3959 de
2474 3901 2933 3978 seligenpl'orten
2965 3906 3025 3961 10
3058 3920 3167 3963 800
3193 3910 3552 3980 protectione
3581 3913 3856 3991 suscipit,

1362 3985 1745 4062 Nuremberg·
1879 3995 2239 4070 mandatque
2269 3998 2581 4074 butiglario
2615 4006 2674 4057 et
2707 3999 3023 4075 bur-gravio
3050 4001 3125 4060 de
3158 4003 3527 4082 Nuremberg
3563 4012 3632 4064 ut
3665 4009 3858 4069 eidem

1053 4064 1277 4139 1250
1878 4095 2196 4151 conventui
2224 4092 2324 4151 ubi
2352 4109 2501 4168 opus
2528 4094 2704 4153 fuerit
2730 4105 2920 4155 astare
2947 4096 3216 4157 debeant.
3739 4115 3854 4166 887

1035 4198 1282 4253 martio.
1384 4186 1708 4264 Augustae.
1799 4221 1876 4232 —
1918 4190 2272 4248 Monasterio
2306 4193 2369 4249 in
2402 4190 2712 4268 Pollingen
2740 4209 2912 4252 usum
2952 4198 3204 4255 nemoris
3231 4195 3373 4256 dicti
3404 4198 3648 4260 Aicholz
3677 4219 3858 4280 prope

1872 4286 2129 4345 Mozmui
2156 4288 2444 4348 concedit.
3737 4308 3854 4361 888

1045 4388 1284 4446 martio.
1463 4381 1640 4455 Apud
1795 4413 1876 4424 —
1916 4382 2216 4457 Hospitale
2253 4383 2503 4443 Sanctae
2539 4382 2758 4443 Mariae
2793 4386 2856 4443 in
2892 4384 3255 4464 Nordllngen
3293 4389 3369 4448 ab
3402 4392 3678 4453 omnibus
3719 4412 3855 4470 pre-

1354 4477 1737 4553 Nordiingen.
1874 4481 2075 4550 carim,
2118 4479 2524 4539 exactionibus
2566 4487 2626 4539 et
2671 4481 3033 4556 quibuslibet
3070 4485 3319 4559 publicis
3362 4491 3617 4549 servitiis
3653 4495 3854 4554 curiae

1873 4590 2012 4633 8000
2037 4583 2318 4649 perpetuo
2348 4578 2575 4636 eximit.
3732 4598 3851 4650 889

1075 4673 1255 4731 maio.
1394 4668 1466 4727 In
1493 4672 1701 4728 castris
1795 4703 1876 4714 —
1913 4670 2232 4731 Ludewlco
2268 4676 2476 4733 seniori
2514 4676 2713 4733 comiti
2750 4675 2825 4734 de
2865 4675 3183 4755 Oettingen
3230 4682 3528 4741 civitatem
3567 4699 3734 4745 suam
3775 4688 3852 4747 de

1456 4783 1638 4844 prope
1871 4767 2233 4844 Nordlingen
2280 4771 2453 4830 titulo
2496 4773 2755 4849 pignoris
2804 4773 2917 4833 sub
2962 4782 3124 4835 certo
3172 4783 3431 4853 tempore
3472 4779 3698 4858 obligat
3740 4799 3850 4858 pro
