4525 6031
672 756 874 816 muer.
906 748 1000 825 9.]
1583 706 1978 809 ΗιετοιιιἈ
2028 746 2620 809 υιΡιοΜΑτιοΑ.
3392 703 3517 813 soa

675 882 859 954 nerit
912 902 997 953 ac
1039 880 1227 953 idem
1276 880 1647 976 episcopus
1689 882 1979 977 perinde
2021 882 2365 980 receperit
2410 880 2513 979 (a)
2561 881 2653 954 ab
2680 881 2941 954 -eodem
2992 883 3323 977 Gregorio
3368 885 3519 958 duo

675 1006 890 1078 millia
945 1014 1376 1094 tarenorum,
1432 1014 1506 1075 et
1557 1005 1991 1098 questionem
2037 1006 2260 1100 ipsam
2310 1005 2650 1078 remiserit
2695 1018 2765 1076 et
2789 1007 3134 1098 juraverit
3161 1030 3234 1078 se
3269 1022 3513 1080 contra

675 1130 895 1226 ipsam
929 1126 1410 1200 remissionem
1453 1127 1849 1221 aliqualiter
1881 1151 2023 1201 non
2059 1138 2463 1201 venturum.
2504 1129 2815 1222 Cumque
2852 1128 3204 1224 predictus
3240 1132 3507 1226 episco-

676 1273 808 1348 pus
840 1253 1066 1324 casale
1100 1250 1492 1346 predictum
1522 1251 1910 1347 possideret
1937 1262 2017 1325 ut
2043 1252 2309 1325 dictum
2342 1262 2474 1343 est,
2514 1250 2952 1344 suggerendo
2980 1251 3272 1349 principi
3298 1276 3518 1349 perse

676 1385 749 1448 et
774 1375 1156 1470 capitulum
1182 1374 1535 1447 Pactensis
1564 1376 1857 1447 ecclesie
1878 1376 2071 1470 quod
2085 1376 2314 1472 ipsum
2343 1376 2570 1447 casale
2600 1375 2693 1447 ad
2719 1377 3124 1447 Pactensem
3145 1377 3508 1449 ecclesiam

674 1499 1081 1594 pertineret,
1117 1498 1557 1570 excambium
1587 1499 1719 1570 sibi
1747 1499 1898 1571 dari
1916 1501 1989 1569 in
2007 1501 2191 1571 valle
2214 1501 2650 1572 Doemenum
2679 1496 2889 1596 (ἢεί)
2917 1499 3256 1594 imperiali
3281 1503 3515 1572 excel·

673 1625 889 1697 lentia
921 1625 1296 1719 postulavit
1326 1624 1518 1717 quod
1550 1634 1736 1697 esset
1766 1626 1899 1722 ipsi
1943 1626 2237 1698 ecclesie
2267 1626 2547 1698 nomine
2586 1635 2659 1697 et
2689 1625 2957 1697 ratione
2988 1625 3394 1715 vicinitatis,
3438 1638 3508 1699 et

671 1740 902 1820 casale
948 1747 1342 1842 predictum
1402 1769 1564 1819 cum
1620 1761 1806 1820 esset
1851 1749 2327 1845 imperialibus
2375 1749 2637 1821 solatiis
2688 1749 2898 1839 utile,
2951 1750 3138 1820 idem
3181 1749 3513 1821 dominus

669 1872 1001 1943 retineret
1031 1871 1101 1941 in
1136 1892 1385 1942 manus
1403 1871 1618 1944 curie.
1654 1871 1769 1945 Ad
1796 1874 1997 1964 cujus
2031 1873 2571 1968 postulationem
2600 1881 2670 1943 et
2701 1872 3244 1964 suggestionem,
3280 1873 3503 1945 domi-

672 2016 807 2067 nus
831 1995 1213 2090 imperator
1243 1996 1604 2069 mandavit
1636 2019 1765 2092 per
1795 2019 1958 2069 suas
1989 1997 2252 2069 litteras
2284 1996 2567 2069 domino
2595 1996 2984 2088 Guglielmo
3009 1996 3284 2068 Villano
3306 1998 3510 2089 justi-

675 2119 875 2190 tiario
906 2128 980 2192 et
1004 2119 1304 2191 Iohanni
1333 2121 1432 2192 Pu
1441 2173 2197 2193 ..........
2253 2119 2634 2193 camerario
2671 2116 2767 2215 (b)
2797 2119 3127 2212 regioniS,
3164 2132 3245 2193 ut
3277 2123 3503 2193 casale

672 2244 1066 2341 predictum
1114 2265 1242 2338 pro
1277 2253 1476 2339 parte
1513 2245 1702 2316 curie
1735 2245 2077 2341 reciperet
2113 2255 2185 2316 et
2242 2243 2431 2316 idem
2472 2244 2893 2315 camerarius
2933 2244 3107 2316 illud
3140 2265 3268 2340 pro
3308 2255 3504 2340 parte

675 2366 863 2437 curie
905 2376 1353 2459 procuraret,
1404 2367 1815 2438 inventurus
1851 2369 2082 2440 locum
2123 2368 2339 2440 alium
2378 2367 2451 2437 in
2493 2368 2676 2438 valle
2720 2369 3155 2439 Doemenum
3195 2369 3318 2462 qui
3360 2390 3501 2441 non

675 2500 860 2563 esset
889 2490 1149 2562 solatiis
1176 2489 1439 2562 domini
1468 2490 1687 2580 utilis,
1716 2501 1838 2562 aut
1870 2502 2253 2564 castrorum
2289 2490 2788 2562 munitionibus
2814 2491 3188 2585 deputatus
3206 2544 3226 2582 ,
3260 2492 3331 2561 in
3359 2514 3501 2585 quo

675 2636 843 2708 ergo
885 2615 1096 2686 casali
1124 2615 1435 2709 predicte
1470 2615 1759 2686 ecclesie
1787 2616 1857 2686 in
1893 2613 2314 2710 competenti
2343 2614 2706 2686 excambio
2739 2614 3210 2710 providerent.
3250 2614 3315 2686 A
3344 2616 3498 2709 qui·

673 2739 806 2811 bus
834 2740 1013 2809 sacta
1055 2737 1450 2832 provisione
1472 2739 1674 2828 juxta
1706 2738 2112 2812 mandatum
2145 2739 2218 2809 in
2254 2739 2409 2810 loco
2442 2737 2755 2833 predicto
2790 2759 2915 2833 pro
2948 2738 3138 2810 curia
3164 2792 3184 2830 ,
3217 2739 3502 2812 Pacten-

675 2862 767 2933 sis
821 2861 1188 2956 episcopus
1240 2861 1520 2933 nomine
1572 2862 1790 2957 ipsius
1823 2872 1893 2933 et
1939 2884 2068 2957 pro
2100 2872 2298 2958 parte
2341 2861 2632 2932 ecclesie
2684 2860 3077 2956 supradicte
3122 2862 3386 2957 recepit
3427 2863 3499 2933 in

677 2984 924 3058 eodem
969 2985 1127 3058 loco
1171 3006 1297 3079 pro
1337 2986 1703 3058 excambio
1746 3007 1857 3057 res
1888 2985 2333 3080 subscriptas.
2373 2984 2572 3058 Unde
2621 2984 2793 3079 petit
2826 2984 3052 3056 dictus
3094 2995 3501 3079 procurator

678 3108 988 3201 Gregorii
1029 3109 1345 3181 Mustacii
1376 3131 1505 3204 pro
1537 3120 1734 3206 parte
1772 3110 1986 3204 ipsius
2013 3109 2517 3204 possessionem
2552 3108 2957 3180 earumdem
2998 3131 3227 3179 rerum
3256 3133 3392 3202 que
3428 3111 3499 3181 in

674 3233 1114 3305 excambium
1135 3231 1296 3304 date
1325 3242 1489 3303 sunt
1511 3233 1802 3304 ecclesie
1823 3232 2218 3328 supradicte
2252 3242 2322 3302 et
2341 3232 2658 3326 predicto
2682 3233 3036 3328 episcope,
3069 3255 3110 3303 a
3136 3233 3321 3305 dicto
3346 3235 3496 3306 Cle·

675 3359 818 3430 rico
852 3357 944 3454 (c)
985 3368 1432 3454 procuratore
1469 3357 1684 3452 ipsius
1724 3357 2024 3452 episcopi
2053 3378 2182 3452 pro
2218 3367 2416 3452 parte
2450 3357 2767 3449 ejusdem
2803 3356 2932 3428 sibi
2971 3357 3273 3448 restitui,
3304 3359 3497 3430 salvo

667 3481 827 3573 jure
864 3491 935 3553 et
942 3534 1442 3553 .......
1498 3481 1632 3551 Res
1673 3490 1908 3551 autem
1959 3489 2123 3551 sunt
2162 3478 2296 3551 hec
2326 3506 2343 3550 ε
2385 3481 2612 3553 casale
2647 3481 2959 3576 Synagre
2982 3503 3141 3552 cum
3175 3481 3498 3553 omnibus

668 3604 943 3697 juribus
966 3657 986 3694 ,
1014 3604 1298 3696 justitiis
1322 3656 1342 3694 ,
1388 3603 1771 3674 rationibus
1813 3614 1884 3674 et
1917 3603 2354 3698 pertinentiis
2391 3605 2533 3676 suis
2569 3614 2640 3676 et
2678 3627 2840 3699 pars
2871 3627 3234 3677 nemorum
3267 3605 3496 3677 Ficar-

674 3728 776 3800 rie
814 3755 832 3800 ε
875 3728 1045 3822 petit
1086 3727 1295 3798 etiam
1342 3726 1612 3798 restitui
1646 3726 1777 3797 sibi
1827 3748 1955 3822 pro
1982 3735 2176 3822 parte
2210 3727 2375 3798 dicti
2409 3727 2716 3820 Gregorii
2743 3729 3057 3800 Mustacii
3089 3750 3130 3800 a
3167 3751 3498 3824 procura-

675 3860 824 3924 tore
869 3849 1038 3923 dicti
1073 3850 1338 3923 domini
1378 3851 1684 3946 episcopi
1728 3860 1799 3922 et
1842 3872 1968 3946 pro
2004 3861 2202 3945 parte
2254 3851 2568 3942 ejusdem
2605 3851 3028 3946 subscriptas
3060 3874 3173 3923 res
3203 3854 3498 3925 mobiles

675 3996 850 4067 quas
885 3976 1073 4048 idem
1106 3975 1431 4046 dominus
1468 3975 1835 4070 episcopus
1869 3974 2179 4069 percepit
2220 3985 2290 4046 et
2324 3973 2599 4068 percepi
2632 3974 2793 4045 fecit
2820 3984 2976 4069 post
3006 3975 3257 4046 factam
3289 3976 3497 4048 desti·

678 4100 1014 4172 tutionem
1046 4098 1341 4195 predicti
1377 4099 1623 4170 casalis
1653 4096 1904 4170 Sancte
1936 4098 2143 4170 Lucie
2176 4108 2256 4169 ut
2284 4098 2547 4170 dictum
2571 4107 2677 4169 est
2698 4097 2788 4167 ab
2808 4098 3056 4170 eodem
3086 4099 3272 4190 loce,
3305 4099 3497 4171 vide-

758 4301 844 4381 (α)
887 4305 959 4364 ln
988 4306 1271 4380 impresso
1297 4300 1609 4381 deveniret,
1643 4304 1831 4382 male;
1859 4304 2102 4383 recepit,
2134 4303 2311 4363 male.

757 4409 840 4490 (b)
881 4412 955 4471 In
983 4414 1269 4487 impresso
1294 4427 1576 4486 camerae,
1607 4413 1806 4472 minus
1834 4418 2013 4473 recte.

757 4516 833 4596 (c)
886 4518 1112 4578 Ibidem
1138 4535 1291 4592 vero,
1324 4519 1499 4579 male.

749 4857 822 4930 (4)
860 4857 1078 4931 Vulgari
1109 4855 1292 4933 lingua
1318 4859 1459 4918 Valle
1484 4858 1547 4916 di
1576 4860 1831 4918 Demona.
