4525 6031
601 667 804 726 humer.
840 662 970 739 15.]
1493 659 1886 723 HISTORIA
1934 659 2532 722 DIPLOMATICA.
3301 659 3421 720 827

1105 952 1654 965 ——n———n-——vo—-n—-
1669 954 2351 964 *ιο-*ΨΜ

710 1230 890 1314 Post
931 1231 1139 1315 venit
1177 1230 1576 1313 Conradus
1631 1257 1763 1314 rex
1799 1230 2165 1314 Trevirim
2208 1230 2290 1311 in
2344 1230 2930 1341 quadragesima
2983 1240 3057 1313 et
3103 1230 3428 1312 honori—

604 1362 744 1447 fice
799 1377 1195 1473 susceptus
1251 1374 1366 1445 est
1425 1362 1523 1446 ab
1573 1390 1665 1446 eo
1712 1363 2382 1472 [archiepiscopus]
2430 1363 2961 1445 Theodericus,
3024 1362 3427 1445 Descendit

606 1506 862 1578 autem
897 1521 1034 1578 rex
1068 1494 1647 1605 Aquisgranum
1682 1504 1759 1579 et
1791 1495 2188 1605 episcopus
2228 1494 2811 1578 Confluentiam.
2857 1502 3043 1576 Gest.
3097 1493 3421 1600 Treuir„

606 1654 729 1738 ap.
775 1629 1194 1734 Hon'rnmu,
1231 1655 1312 1737 p.
1357 1629 1542 1712 800.

718 2221 1143 2332 ConraduS,
1182 2225 1706 2309 Romanorum
1733 2227 1814 2308 in
1851 2253 2112 2336 regem
2148 2227 2458 2337 electus,
2508 2252 2648 2334 pro
2696 2224 3068 2309 solutione
3111 2234 3423 2306 trecen-

606 2366 858 2438 tarum
907 2356 1280 2439 librarum
1328 2384 1523 2468 quas
1569 2360 1713 2442 sibi
1769 2359 2135 2442 Henricus
2185 2359 2659 2467 praepositus
2712 2360 2809 2441 de
2857 2356 3132 2439 Pfalzel
3184 2382 3421 2464 prae-

608 2489 831 2597 stitit,
873 2489 941 2572 ei
988 2502 1141 2573 tres
1175 2490 1501 2574 ludaeos
1550 2504 1810 2600 captos
1863 2492 2204 2601 assignat
2254 2502 2344 2573 ut
2393 2517 2529 2600 per
2579 2490 3089 2574 venditionem
3143 2490 3444 2612 domo-⁴

606 2647 782 2703 rum
837 2631 912 2704 et
955 2648 1216 2705 rerum
1248 2623 1709 2707 ludaeorum
1761 2626 2203 2708 eorumdem
2257 2623 2460 2705 hanc
2512 2622 2873 2732 pecuniae
2921 2621 3421 2730 quantitatem

608 2765 1079 2863 extorqueat.

770 2995 952 3072 (Edit.
979 3013 1079 3074 ap.
1105 2994 1276 3057 Gesta
1303 2995 1616 3070 Treviror„
1635 2997 1781 3058 edit.
1802 2996 2226 3057 Wrrrnnmcu
2243 3003 2305 3058 et
2322 2995 2604 3070 Munna,
2627 3001 2674 3056 t.
2696 2996 2748 3067 1,
2772 2990 3209 3059 Additamento.
3232 3009 3292 3068 p.
3317 2999 3418 3051 56.

847 3106 1185 3179 Appensum
1217 3103 1470 3163 Conradi
1501 3104 1762 3180 sigillum
1801 3105 2045 3162 omnino
2071 3104 2226 3162 idem
2254 3110 2344 3162 est
2379 3110 2448 3163 ut
2488 3103 2753 3163 videmus
2778 3103 3124 3177 impressum
3150 3102 3215 3157 in
3243 3098 3425 3157 altero

845 3210 1110 3284 eJusdem
1162 3214 1317 3287 regis
1364 3209 1684 3285 diplomate
1736 3209 1896 3286 quod
1949 3208 2274 3285 publicavit
2311 3210 2620 3286 Zyllesius.
2674 3208 2936 3283 Sequens
2988 3205 3204 3263 videsis
3237 3203 3423 3262 docu-

847 3313 1169 3393 mentum.)

701 3526 1057 3598 Conradus
1092 3527 1234 3599 divi
1265 3528 1540 3619 augusti
1573 3527 2007 3622 imperatoris
2043 3526 2372 3598 Friderici
2406 3524 2621 3615 filius,
2663 3526 2787 3597 Dei
2827 3524 3047 3617 gratia
3077 3524 3425 3595 Romano-

603 3670 761 3719 rum
794 3649 867 3719 in
907 3651 1440 3741 regemelectus
1478 3669 1754 3744 semper
1780 3658 2117 3740 augustus
2149 3659 2220 3720 et
2249 3648 2455 3721 heres
2487 3650 2685 3743 regni
2712 3648 3166 3722 Jherusalem.
3195 3652 3428 3726 Omni·

603 3771 738 3843 bus
768 3793 1053 3866 presens
1085 3774 1419 3868 scriptum
1455 3773 1706 3844 visuris
1746 3774 2069 3845 volumus
2102 3794 2252 3844 esse
2295 3786 2538 3845 notum
2577 3772 2767 3867 quod
2806 3773 3100 3846 dilectus
3118 3778 3426 3850 clericus

601 3906 841 3968 noster
892 3896 1228 3968 Henricus
1271 3897 1663 3991 prepositus
1703 3896 2177 3967 Palatiolensis
2223 3896 2425 3967 nobis
2473 3896 2775 3990 prestitit
2825 3907 3167 3970 trecentas
3213 3901 3425 3972 libras

604 4016 1072 4111 TrevirenseS,
1112 4031 1182 4091 et
1206 4041 1335 4091 nos
1364 4018 1592 4091 eidem
1630 4028 1870 4113 captos
1914 4019 2420 4110 assignavimus
2454 4029 2724 4090 nostros
2762 4019 2798 4089 J
2803 4018 3016 4090 udeos
3047 4042 3206 4091 cum
3252 4023 3426 4094 inte-

600 4140 852 4232 gritate
895 4163 1126 4213 rerum
1167 4163 1486 4231 suarum,
1528 4141 1789 4213 scilicet
1828 4142 2329 4212 'flelemannum
2373 4149 2445 4211 et
2473 4138 2924 4211 Heckelinum
2961 4163 3164 4213 suum
3209 4165 3425 4237 gene·

603 4284 760 4333 rum
810 4263 900 4335 de
944 4265 1196 4357 Cogme
1246 4274 1319 4337 et
1356 4265 1590 4336 Aaron
1632 4264 1721 4336 de
1770 4264 2026 4356 Crono,
2082 4274 2160 4334 ut
2208 4265 2301 4335 ab
2347 4263 2612 4335 eisdem
2660 4263 2954 4358 accipiat
2996 4285 3157 4336 cum
3189 4287 3423 4340 acces-

605 4387 804 4460 soriis
871 4389 1055 4460 dicte
1121 4388 1416 4484 pecunie
1479 4388 1973 4481 quantitatem,
2032 4386 2280 4458 dantes
2341 4386 2568 4457 eidem
2618 4386 3426 4483 preposito·potestatem

603 4511 958 4583 vendendi
988 4512 1233 4585 domos
1272 4521 1344 4584 et
1382 4533 1494 4583 res
1527 4532 1769 4582 eorum
1801 4511 2353 4605 quibuscumque
2392 4510 2521 4581 sibi
2550 4510 2778 4581 visum
2819 4512 3027 4583 fuerit
3061 4515 3421 4609 expedire.

607 4635 680 4707 Si
711 4657 882 4708 vero
914 4646 1174 4708 tantam
1204 4635 1295 4707 ab
1323 4635 1491 4730 ipsis
1521 4654 1662 4706 non
1701 4633 2005 4729 potuerit
2036 4642 2454 4728 extorquere
2491 4635 2896 4728 pecuniam,
2938 4636 3147 4707 talem
3193 4638 3428 4710 defec-

609 4764 756 4829 tum
787 4757 1016 4829 eidem
1058 4779 1153 4829 ex
1188 4766 1428 4830 nostro
1466 4757 1690 4830 erario
1725 4757 2169 4852 promisimus
2205 4757 2423 4829 verbo
2460 4757 2641 4849 regis
2671 4758 3076 4855 adimplere.
3123 4761 3201 4831 In
3230 4762 3430 4854 cujus
