4525 6031
681 649 885 710 Inmcr.
919 646 1012 724 3.]
1573 643 1967 706 HISTORIA
2013 644 2613 712 DIPLOMATICA.
3378 641 3500 702 859

1091 908 1440 923 —

798 1165 1194 1250 Conradus
1215 1227 1240 1273 ,
1288 1166 1369 1248 in
1414 1167 1935 1251 Romanorum
1976 1125 2236 1279 regem
2286 1168 2566 1250 electus
2585 1229 2609 1275 ,
2653 1166 3146 1252 Guillelmum
3190 1167 3500 1250 archie-
3580 1174 3875 1271 ”fiffl’

687 1291 1084 1407 piscopum
1140 1297 1625 1381 Bisuntinum
1680 1299 1778 1382 de
1817 1298 2203 1409 regalibus
2257 1299 2589 1404 investit,
2645 1307 2720 1381 et
2761 1297 3120 1382 omnibus
3190 1299 3507 1381 mandat

687 1440 775 1513 ut
809 1431 878 1513 ei
915 1457 1143 1541 super
1178 1430 1539 1514 omnibus
1569 1431 1873 1540 juribus
1915 1431 2082 1540 ejus
2118 1433 2385 1516 devote
2419 1431 2838 1514 intendant.

852 1643 1107 1724 (Edidit.
1147 1616 1547 1722 Sunnnnonrg
1574 1640 1994 1728 Merkwia‘rdiqe
2035 1643 2351 1707 Urkunden
2372 1645 2491 1724 fiir
2527 1643 2620 1705 die
2656 1643 2840 1707 deuts.
2878 1643 3100 1723 Gamla,
3127 1651 3268 1710 erst.
3299 1645 3465 1706 'rhen
3482 1691 3499 1719 ‚

925 1769 988 1829 p.
1023 1762 1163 1824 108,
1195 1761 1264 1812 η’
1295 1751 1482 1823 LVII,
1514 1768 1591 1812 ex
1619 1753 1940 1830 diplomate
1976 1755 2183 1830 imper.
2215 1752 2513 1830 Rudolphi
2555 1751 2650 1829 ΙΙ,
2693 1761 2768 1812 24
2813 1752 3099 1830 septemb.
3146 1762 3332 1825 15883
3362 1754 3500 1813 coll.

855 1897 870 1908 .
921 1875 1059 1918 cum
1082 1860 1266 1935 copiis
1299 1857 1720 1918 recentioribus
1746 1860 1810 1917 in
1841 1858 2066 1918 collect.
2097 1858 2273 1936 Droz,
2312 1858 2458 1918 Titr.
2492 1855 2562 1917 ἀι
2588 1854 2852 1924 ruralem.
2884 1855 2954 1917 de
2980 1858 3303 1932 Besancon,
3332 1865 3378 1917 t.
3410 1861 3502 1933 ΙΙ,

923 1962 1028 2026 fol.
1060 1972 1204 2043 447,
1233 1981 1330 2042 ap.
1361 1965 1513 2026 Bibl.
1545 1964 1745 2027 Cesar.
1772 1963 1989 2043 Paris.)

782 2123 1171 2240 conradus,
1227 2151 1372 2222 divi
1416 2152 1694 2244 angusti
1748 2151 2183 2246 imperatoris
2230 2148 2451 2240 filine,
2517 2150 2640 2221 Dei
2682 2151 2902 2244 gratia
2932 2150 3402 2222 Romanorum
3435 2153 3505 2223 in

682 2291 919 2364 regem
973 2273 1275 2364 electnS‚
1313 2294 1588 2370 semper
1636 2284 2009 2367 angustus,
2058 2273 2260 2345 heres
2303 2274 2501 2367 regni
2532 2275 2944 2363 Jerusalem,
2980 2274 3212 2345 Sancti
3243 2274 3504 2347 Iohan-

683 2394 792 2466 nis
823 2406 894 2466 et
938 2396 1174 2495 Sancti
1223 2396 1557 2491 Stephani
1614 2397 1969 2494 capitulis,
2011 2397 2422 2488 infeodatiS‚
2473 2396 3037 2468 ministerialibus
3068 2406 3141 2468 et
3163 2398 3505 2470 universis

682 2518 1080 2592 hominibus
1112 2521 1401 2593 ecclesie
1435 2523 1969 2612 Bisuntinensis,
2001 2522 2272 2594 dilectis
2302 2521 2624 2594 fidelibus
2656 2521 2799 2593 suis
2820 2574 2839 2611 ‚
2878 2521 3170 2612 gratiam
3207 2544 3404 2593 suam
3437 2534 3508 2594 et

682 2664 890 2716 omne
933 2646 1221 2717 bonnm.
1277 2645 1752 2718 Accedentem
1788 2647 1881 2718 ad
1913 2647 2334 2741 presentiam
2366 2654 2672 2717 nostram
2704 2644 3175 2736 Guillelmum,
3209 2666 3506 2717 venera-

678 2766 890 2839 bilem
921 2767 1519 2863 archiepiscopum
1555 2778 1866 2841 vestrum
1901 2766 2004 2866 (a)
2028 2769 2117 2841 de
2148 2769 2461 2841 Bisuntio
2480 2822 2499 2859 ‚
2539 2769 2869 2840 dilectum
2902 2779 3214 2839 nostrum
3249 2769 3504 2863 princi·

681 2911 881 2985 pem,
939 2890 1206 2963 honore
1267 2912 1409 2985 quo
1487 2891 1723 2963 decuit
1791 2893 2179 2987 recepimus
2203 2945 2224 2982 ‚
2296 2902 2367 2964 et
2390 2893 2594 2979 ,dum
2667 2892 2869 2964 nobis
2924 2892 3014 2977 de
3078 2892 3507 2964 institutione

682 3014 897 3111 ipsius
932 3017 1121 3108 juste
1164 3017 1346 3088 facta
1385 3037 1511 3111 per
1542 3039 1890 3089 summum
1923 3017 2319 3114 pontificem
2351 3017 2810 3109 constitisset,
2853 3018 2984 3112 ipsi
3013 3018 3203 3109 regio
3235 3028 3510 3112 sceptro

680 3139 1019 3231 regalium
1052 3139 1532 3211 investituram
1560 3141 2001 3235 porreximus
2027 3140 2234 3234 juxta
2274 3161 2537 3212 morem
2565 3140 3039 3229 Bisuntinum,
3075 3139 3301 3233 ipsum
3347 3160 3509 3210 cum

681 3262 1112 3367 plenitudine
1161 3262 1381 3334 nostri
1435 3264 1692 3335 favoris
1745 3274 1818 3336 et
1866 3266 2088 3357 gratie
2127 3265 2220 3336 ad
2254 3265 2534 3360 propria
2564 3264 3016 3336 remittentes,
3053 3263 3320 3334 Devote
3349 3262 3508 3332 uni-

678 3386 987 3458 versitati
1033 3397 1266 3458 vestre
1312 3408 1676 3459 monemus
1703 3398 1937 3460 autem
1968 3387 2061 3486 (b)
2098 3387 2389 3460 firmiter
2417 3387 2866 3483 precipiendo
2896 3387 3309 3458 mandantes
3334 3406 3508 3479 qua·

681 3520 884 3581 tenus
933 3509 1161 3581 eidem
1207 3519 1447 3582 nostro
1493 3510 1791 3607 principi
1841 3534 2052 3607 super
2103 3512 2447 3584 universis
2492 3512 2768 3604 juribus
2808 3510 2950 3581 suis
3004 3509 3101 3581 ita
3143 3509 3397 3581 devote
3442 3520 3513 3580 et

680 3632 1119 3704 concorditer
1149 3633 1526 3706 intendatis
1551 3643 1631 3705 ut
1659 3634 1917 3706 exinde
1945 3646 2176 3707 vestra
2202 3635 2419 3731 possit
2440 3635 2722 3708 devotio
2742 3633 2990 3705 merito
3008 3632 3504 3705 commendari.

777 3757 1026 3827 Datum
1057 3756 1532 3849 Nuremberge
1555 3809 1575 3848 ,
1613 3758 1883 3830 decima
1917 3768 2117 3831 sexta
2147 3758 2340 3849 maii,
2378 3760 2578 3831 tertia
2611 3758 3013 3830 indictione.
3121 3785 3133 3794 ·

793 4313 1188 4396 Conradus
1208 4374 1234 4418 ,
1296 4313 1376 4394 in
1435 4313 1957 4396 Romanorum
2012 4337 2272 4421 regem
2339 4310 2622 4393 electus
2641 4371 2665 4417 ,
2734 4307 3184 4390 sententiam
3241 4316 3509 4388 notam
3586 4338 3893 4435 nssffiss,

686 4443 869 4530 facit
918 4472 1080 4556 qua
1118 4445 1571 4530 Guillelmus
1618 4445 2226 4555 archiepiscopus
2277 4442 2746 4548 Bisuntinus,⁴
2767 4463 3004 4521 unam
3055 4437 3222 4521 auri
3281 4461 3507 4518 mar-
3838 4422 3851 4435 ’

768 4648 851 4729 (a)
895 4651 1014 4727 Ap.
1047 4649 1390 4710 Sudendorf
1409 4655 1696 4711 nostrum.

768 4757 851 4839 (b)
895 4760 1010 4820 Hic
1036 4759 1200 4820 locus
1228 4758 1382 4819 male
1409 4760 1799 4834 transcriptus
1824 4757 1910 4816 sic
1935 4756 2104 4816 adest
2130 4757 2193 4814 ln
2216 4752 2468 4815 duobus.
