4525 6031
948 656 1071 716 552
1950 661 2377 722 FRIDERICI
2427 662 2776 725 SECUNDI
3388 660 3554 739 [Anu.
3590 661 3766 723 1247.

953 801 1195 874 torem
1270 791 1579 897 scribit,
1647 793 2097 903 nuntiatque
2168 820 2432 902 regem
2503 793 2862 876 Franciae
2930 817 3300 902 magnum
3362 794 3772 876 exercitum

951 949 1365 1008 convocare
1410 950 1566 1034 quo
1621 924 1919 1007 facilius
1972 952 2215 1009 novus
2270 953 2404 1009 rex
2443 928 2966 1011 Romanorum
3004 925 3084 1006 in
3136 925 3541 1008 Germania
3592 926 3771 1035 eligi

949 1057 1216 1164 possit.

1115 1268 1453 1347 (Memorat.
1496 1288 1595 1348 ap.
1639 1272 1866 1344 psarz,
1905 1270 2119 1333 Archiv
2151 1273 2257 1333 der
2294 1271 2691 1353 Geselltcltafl,
2731 1281 2869 1346 etc„
2901 1281 2950 1335 t.
2983 1273 3133 1345 Vll,
3164 1290 3227 1350 p.
3274 1283 3377 1352 81,
3423 1290 3501 1334 ex
3545 1276 3771 1335 instru-

1190 1379 1404 1435 mentis
1430 1378 1704 1437 miscente
1730 1381 1791 1437 in
1821 1385 1940 1437 vet.
1970 1380 2137 1440 arch.
2162 1383 2338 1441 castri
2355 1381 2558 1441 Sancti
2582 1382 2816 1459 Angeli,
2845 1389 2915 1440 n·
2934 1389 3035 1441 61.
3062 1381 3233 1441 Hanc
3258 1380 3567 1457 epistolam
3588 1395 3769 1457 quam

1187 1498 1308 1541 nou
1345 1485 1512 1558 parvi
1549 1487 1834 1544 momenti
1872 1484 2204 1547 habendam
2244 1502 2371 1546 esse
2410 1503 2745 1563 censemus,
2774 1493 2907 1547 tum
2941 1488 3005 1546 ln
3039 1488 3283 1564 regestis
3321 1486 3765 1563 manuscriptis,

1187 1595 1318 1648 tum
1346 1591 1408 1648 in
1435 1589 1695 1650 Bullario
1723 1591 1940 1651 frustra
1966 1591 2459 1672 disquisivimus.)

1043 1788 1509 1879 Innocentius,
1548 1798 1684 1860 etc.
1725 1788 2126 1880 Credentes,
2160 1791 2372 1862 immo
2405 1813 2532 1886 pro
2563 1800 2754 1863 certo
2784 1799 3126 1881 tenenteS,
3160 1799 3294 1861 etc.

1044 1912 1295 1982 Datum
1324 1912 1671 2004 Lugduni,
1707 1912 1796 1985 VI
1825 1934 2044 1995 nonas
2072 1914 2255 2006 julii,
2294 1935 2480 1986 anno
2515 1912 2956 2010 pontificatus
2986 1912 3205 1986 nostri
3233 1912 3318 1984 V.

2947 2232 3338 2243 ——-—-—--

550 2511 857 2606 ,„¹¹:,g,·.⁸;,'.}‚¹„
1049 2510 1473 2597 Fridericus
1490 2575 1514 2617 ‚
1594 2514 2112 2597 Romanorum
2202 2516 2645 2624 imperator,
2706 2514 3154 2597 sententiam
3230 2539 3277 2596 a
3352 2512 3761 2596 Bertholdo

636 2630 811 2722 131135’
943 2644 1377 2729 marchione
1420 2647 1516 2729 de
1558 2647 2067 2755 Hohenburg,
2109 2647 2407 2756 imperii
2446 2674 2493 2730 a
2526 2647 2759 2754 Papia
2805 2647 3154 2755 superius
3195 2646 3476 2730 vicario
3521 2670 3763 2754 gene-

942 2776 1113 2882 rali,
1155 2779 1350 2860 inter
1385 2779 1743 2862 Astenses
1769 2789 1843 2861 et
1874 2779 2242 2862 Albenses
2279 2778 2657 2886 prolatam
2697 2803 2925 2887 super
2960 2776 3516 2861 exhabitatione
3549 2776 3760 2884 plani

943 2907 1297 2992 Charasci
1317 2972 1340 3018 ,
1382 2908 1754 3019 approbat
1788 2920 1863 2991 et
1896 2910 2325 2992 confirmat.

1101 3123 1305 3202 (Edid.
1335 3127 1411 3188 G.
1443 3144 1511 3186 ιιι
1537 3129 1601 3189 S.
1634 3129 1976 3205 Qumrmo,
2006 3125 2173 3204 Deqli
2198 3125 2419 3189 anticla.
2440 3124 2656 3187 march.
2685 3124 2750 3187 di
2773 3127 2990 3197 Rusca,
3012 3143 3090 3187 ex
3120 3126 3397 3203 descript.
3428 3126 3552 3186 Mes
3570 3126 3756 3186 Pede-

1184 3234 1403 3292 moutis
1430 3231 1508 3292 ab
1545 3234 1832 3308 Agostino
1858 3233 2028 3293 Della
2063 3233 2303 3313 Chtesa,
2331 3239 2379 3293 t.
2415 3233 2498 3312 11,
2526 3233 2634 3294 fol.
2675 3242 2813 3313 165,
2840 3250 2940 3311 ap.
2960 3233 3203 3293 Memor.
3232 3227 3364 3293 deu.
3395 3227 3541 3291 ml.
3568 3226 3751 3291 Acad.

1175 3335 1237 3397 da·
1270 3337 1499 3411 Tor-ino,
1530 3355 1644 3398 ser.
1676 3338 1758 3416 ΙΙ,
1784 3346 1830 3399 t.
1860 3339 1994 3412 XV,
2027 3357 2087 3416 p.
2122 3337 2290 3417 301.)

1032 3523 1431 3614 rodericus,
1472 3524 1596 3595 Dei
1629 3524 1851 3615 gratia
1883 3526 2350 3596 Romanorum
2385 3525 2760 3620 imperator
2786 3545 3061 3619 semper
3086 3533 3454 3617 augustuS,
3485 3525 3754 3596 Ierusa-

934 3646 1071 3716 lem
1101 3655 1171 3718 et
1200 3646 1425 3718 Sicilie
1455 3668 1609 3717 reX.
1647 3647 1776 3718 Per
1802 3669 2089 3742 presens
2117 3648 2452 3742 scriptum
2480 3657 2720 3720 notum
2750 3647 3038 3719 facimus
3065 3646 3408 3717 universis
3436 3644 3755 3717 fidelibus

932 3770 1188 3843 nostris
1220 3778 1360 3841 tam
1390 3769 1828 3864 presentibus
1859 3792 2070 3864 quam
2097 3771 2348 3842 futuris
2376 3772 2567 3865 quod
2594 3792 2723 3843 nos
2753 3792 3151 3866 processum
3182 3766 3538 3841 Bertboldi
3566 3790 3752 3840 mar-

931 3893 1195 3967 chionis
1223 3893 1312 3965 de
1339 3894 1715 3985 Honeburg
1742 3895 1918 3966 sacri
1947 3895 2240 3967 Romani
2268 3895 2540 3990 imperii
2579 3916 2623 3966 a
2663 3894 2874 3989 Papia
2905 3892 3223 3987 superius
3258 3892 3498 3964 vicarii
3531 3912 3749 3983 gene·

931 4016 1118 4107 ralis,
1151 4016 1389 4088 dilecti
1418 4015 1643 4089 fidelis
1670 4018 1915 4108 nostri,
1954 4018 2136 4090 inter
2164 4018 2495 4091 Astenses
2529 4027 2597 4089 et
2622 4018 2962 4090 Albenses
2997 4018 3206 4088 suber
3233 4015 3751 4089 exhabitatione

929 4139 1118 4234 plani
1147 4138 1467 4213 Cbarasci
1497 4140 1809 4213 habitum
1832 4196 1851 4233 ,
1889 4142 2200 4213 bannum
2243 4152 2316 4213 et
2355 4142 2673 4212 emissam
2708 4150 2779 4211 et
2809 4140 3169 4234 probatam
3203 4138 3614 4210 sententiam
3641 4136 3747 4234 (⁴)

926 4264 1018 4335 ab
1054 4264 1327 4351 eodem,
1366 4275 1607 4360 utpote
1636 4277 1869 4339 nostre
1900 4265 2280 4358 maJestatis
2312 4265 2748 4359 beneplacito
2784 4285 3091 4335 consona
3122 4262 3453 4335 duximus
3489 4284 3747 4358 appro-

996 4572 1065 4647 (t)
1101 4573 1204 4629 Ista
1232 4570 1499 4628 sententia
1527 4570 1580 4626 in
1611 4572 1846 4628 savorem
1877 4571 2182 4628 Astensium
2211 4578 2397 4626 contra
2427 4569 2690 4627 Albenses
2717 4568 2914 4625 emissa
2933 4569 3171 4641 jusserat
3194 4567 3430 4626 vicarius
3458 4572 3521 4624 ut
3552 4583 3739 4625 omnes

922 4669 1253 4726 habitatores
1286 4669 1410 4724 novi
1448 4667 1715 4724 Cherascii
1745 4669 1883 4725 infra
1922 4669 2143 4725 brevem
2183 4667 2471 4724 terminum
2508 4667 2564 4722 in
2599 4681 2728 4722 suos
2764 4665 3008 4739 proprios
3042 4664 3177 4723 fines
3212 4671 3629 4723 reverterentur.
3658 4664 3737 4722 Cf.

924 4769 1204 4823 Acosrmo
1233 4767 1421 4821 Dum
1447 4763 1671 4836 cmm,
1707 4769 1913 4822 Corona
1940 4766 2088 4822 reale
2116 4765 2178 4821 ds·
2201 4764 2432 4835 Savoia,
2459 4770 2501 4820 t.
2525 4764 2591 4835 11,
2615 4780 2671 4838 p.
2699 4763 2825 4820 ⁴24.
