4525 6031
1789 618 2420 686 AnntTAMENTA.
3388 622 3517 684 917

798 1155 1122 1241 Nomina
1168 1152 1684 1263 quorumdam
1733 1151 2112 1234 baronum
2159 1177 2492 1262 quorum
2530 1162 2777 1234 castra
2824 1152 3128 1235 fuerant
3171 1153 3518 1236 infiscata
3572 1163 3930 1217 mmmm

692 1313 833 1398 pro
870 1313 1136 1371 eorum
1190 1284 1600 1369 rebellione
1648 1287 1727 1365 in
1756 1283 2225 1367 Fridericum
2262 1285 2793 1394 imperatorem
2818 1346 2842 1392 ‚
2883 1297 3222 1395 tempore
3256 1313 3517 1395 expu-

697 1421 1080 1531 gnationis
1139 1418 1509 1528 Capaccii.

863 1662 1066 1743 (Edid.
1097 1680 1178 1722 nn
1216 1659 1688 1738 Sarum-ansr,
1716 1660 1868 1720 ΗΜ.
1903 1657 1975 1720 do
2006 1656 2245 1720 Chartae
2270 1656 2552 1741 d'AnJou,
2583 1668 2631 1720 t.
2663 1660 2772 1733 IV,
2799 1677 2862 1737 p.
2899 1669 3038 1734 314,
3071 1659 3373 1739 Append.)

793 1879 1285 1949 Notamentum
1330 1896 1423 1947 ex
1467 1874 1773 1948 archivio
1810 1875 2002 1967 regio
2043 1875 2354 1964 Siciliae,
2386 1874 2697 1948 Caesaris
2721 1875 2978 1967 Pagani
3006 1897 3098 1946 ex
3126 1876 3394 1964 littera,
3431 1898 3526 1949 ex

702 2003 877 2074 libro
906 2001 1428 2096 inquisitionum
1456 1999 1678 2071 Caroli
1707 1999 1908 2094 primi
1941 2020 2067 2093 pro
2094 1998 2497 2070 feudatariis
2530 1999 2725 2091 regni
2755 1997 3032 2093 (⁴269),
3072 2000 3260 2093 apud
3275 2000 3530 2073 Iohan-

611 2165 623 2228 ‘.
700 2148 864 2198 nem
896 2126 986 2197 de
1016 2124 1281 2213 Florio,
1311 2123 1775 2195 archivarium
1810 2123 2042 2214 regiae
2075 2143 2429 2211 camerae,
2467 2144 2594 2217 pro
2631 2123 3005 2194 rebellione
3039 2124 3437 2217 Capudacii.

798 2373 1094 2445 Domino
1133 2371 1406 2464 Ligorio
1443 2371 1810 2443 Caraczulo
1851 2381 1922 2441 et
1966 2370 2170 2441 uxori
2215 2393 2340 2440 sue
2378 2369 2509 2440 fuit
2553 2369 2945 2440 restitutum
2976 2392 3015 2441 a
3051 2370 3334 2443 domino
3364 2394 3529 2464 rege

703 2506 1008 2570 castrum
1045 2495 1342 2582 Pissote‚
1387 2494 1577 2586 quod
1619 2493 1751 2564 fuit
1795 2492 2151 2585 quondam
2183 2491 2648 2563 Bartholomei
2684 2491 2773 2564 de
2802 2492 3022 2564 Alicio
3044 2546 3063 2582 ,
3097 2495 3310 2588 patris
3343 2495 3528 2566 dicte

704 2620 946 2691 uxoris
997 2639 1121 2689 sue
1156 2639 1174 2680 ε
1227 2617 1347 2710 qui
1396 2615 1924 2687 Bartholomeus
1974 2616 2104 2686 fuit
2136 2616 2300 2686 exul
2331 2626 2620 2709 tempore
2653 2616 3030 2687 rebellionis
3063 2618 3434 2710 Capudacii
3460 2629 3531 2691 et

706 2745 838 2815 fuit
892 2742 1225 2837 spoliatus
1278 2741 1369 2812 ab
1415 2742 1833 2835 imperatore
1887 2739 2278 2829 Friderico‚
2331 2749 2402 2810 et
2442 2740 2765 2810 dominus
2790 2741 3113 2835 princeps
3149 2742 3533 2814 Manfridus

707 2868 1051 2942 concessit
1097 2866 1323 2960 ipsum
1379 2874 1685 2936 castrum
1738 2864 2019 2935 domino
2077 2862 2359 2946 Amico,
2430 2863 2626 2935 militi
2683 2864 2953 2935 comitis
3010 2866 3298 2936 Galvani
3326 2919 3345 2955 ,
3408 2866 3530 2959 qui

711 2993 931 3066 tenuit
963 2990 1286 3064 eumdem
1326 2985 1480 3086 (sic)
1513 2999 1814 3061 castrum
1846 3009 2067 3080 usque
2098 2987 2188 3058 ad
2217 2988 2599 3059 adventum
2633 2987 2799 3059 dicti
2823 2989 3085 3061 domini
3115 2989 3322 3083 regis.

804 3116 1098 3188 Domino
1128 3114 1421 3185 Henrico
1448 3113 1536 3184 de
1570 3112 1897 3184 Taurasio
1925 3111 2056 3182 fuit
2083 3112 2475 3182 restitutum
2497 3113 2901 3184 Taurasium
2924 3168 2942 3204 ,
2967 3114 3166 3184 Petra
3186 3114 3529 3202 Accarda,

709 3243 935 3315 Rocca
963 3240 1197 3312 Sancti
1241 3238 1526 3328 Felicis,
1577 3258 1717 3330 que
1750 3236 2072 3331 princeps
2120 3236 2505 3308 Manfridus
2546 3237 2888 3308 concessit
2918 3236 3270 3331 quondam
3302 3238 3536 3309 comiti

711 3365 1113 3440 camerario.

809 3490 1070 3561 Iacobo
1110 3489 1200 3560 de
1247 3486 1585 3559 Conturso
1613 3494 1685 3556 et
1717 3485 2044 3556 fratribus
2070 3483 2334 3555 domini
2370 3483 2666 3579 Philippi
2701 3484 2789 3556 de
2806 3483 3142 3556 Conturso
3180 3485 3310 3556 fuit
3334 3485 3538 3557 resti-

717 3624 864 3687 tuta
916 3612 1252 3684 medietas
1283 3609 1490 3681 unius
1539 3619 1719 3681 terre
1752 3609 1968 3704 partis
1999 3608 2314 3681 Contursi
2335 3661 2354 3697 ,
2388 3630 2596 3700 quam
2635 3608 2856 3680 tenuit
2877 3630 3110 3680 comes
3139 3609 3531 3698 Galvanus3

714 3740 902 3811 alera
949 3758 1110 3831 pars
1136 3734 1266 3806 fuit
1308 3733 1624 3806 restituta
1651 3734 1992 3806 Pandulfo
2048 3784 2551 3804 .......
2565 3784 2585 3822 ,
2615 3732 2705 3803 de
2751 3752 2891 3824 qua
2933 3732 3160 3803 fuerat
3207 3733 3544 3827 spoliatus

717 3884 759 3934 a
798 3862 1136 3933 Galvano.

815 3985 1058 4058 Comiti
1088 3983 1385 4076 Rogerio
1414 3983 1504 4054 de
1531 3983 1786 4053 Sancto
1814 3978 2146 4052 Severino
2168 3976 2300 4048 fuit
2325 3977 2642 4048 restituta
2673 3975 2897 4048 Rocca
2922 3977 3152 4049 Alenti
3171 3999 3330 4049 cum
3355 3999 3545 4049 casa-

719 4112 938 4199 libus,
969 4129 1178 4202 quam
1208 4108 1585 4201 imperator
1613 4102 1997 4176 Fridericus
2027 4100 2373 4173 concessit
2406 4099 2691 4170 domino
2723 4100 3088 4171 Guillelmo
3117 4100 3206 4172 de
3237 4101 3538 4174 Villauo.

820 4232 1196 4306 pandulfus
1246 4231 1335 4302 de
1383 4228 1742 4300 Fasanella
1795 4224 2009 4296 habet
2068 4223 2574 4296 restitutionem
2632 4222 2919 4294 baronie
2974 4226 3328 4296 Fasanelle
3382 4247 3544 4297 cum

715 4357 1101 4445 casalibuS‚
1137 4376 1349 4448 quam
1398 4359 1774 4424 tenuerunt
1818 4357 2129 4442 tempore
2180 4346 2513 4442 principis
2550 4345 2871 4417 Manfridi
2920 4345 3244 4419 dominus
3286 4348 3547 4419 Princi-

721 4482 946 4554 vallus
970 4490 1041 4551 et
1066 4478 1393 4552 dominus
1424 4478 1666 4547 Petrus
1693 4472 1783 4547 de
1807 4471 2153 4545 Potentia.

818 4604 1122 4677 Roberto
1172 4601 1265 4674 de
1314 4599 1603 4687 Gaiam,
1662 4596 1804 4670 filio
1850 4594 2205 4690 quondam
2256 4593 2603 4666 Guillelmi
2628 4645 2647 4682 ,
2701 4593 2834 4663 fuit
2894 4592 3208 4665 restituta
3257 4592 3547 4667 baronia

595 4825 607 4838 ο
721 4729 994 4818 Caiani3
1032 4726 1154 4821 qui
1188 4724 1544 4820 quondam
1573 4722 1977 4795 Guillelmus
2006 4718 2285 4792 rebellis
2317 4717 2449 4826 fuit
2479 4727 2764 4811 tempore
2797 4717 3182 4810 Caputacii,
3225 4727 3297 4790 et
3322 4718 3549 4815 impe-

889 4851 998 4912 vl.
1039 4864 1217 4910 rma.
3113 4849 3228 4903 ¹¹6
