<?xml version="1.0" encoding="UTF-8"?>
<!DOCTYPE html PUBLIC "-//W3C//DTD XHTML 1.0 Transitional//EN"
    "http://www.w3.org/TR/xhtml1/DTD/xhtml1-transitional.dtd">
<html xmlns="http://www.w3.org/1999/xhtml" xml:lang="en" lang="en">
 <head>
  <title>
</title>
<meta http-equiv="Content-Type" content="text/html;charset=utf-8" />
  <meta name='ocr-system' content='tesseract 3.04.00' />
  <meta name='ocr-capabilities' content='ocr_page ocr_carea ocr_par ocr_line ocrx_word'/>
</head>
<body>
  <div class='ocr_page' id='page_1' title='image "./historiadiploma01empegoog_0446.png"; bbox 0 0 4525 6031; ppageno 0'>
   <div class='ocr_carea' id='block_1_1' title="bbox 1020 689 2971 752">
    <p class='ocr_par' dir='ltr' id='par_1_1' title="bbox 1020 689 2971 752">
     <span class='ocr_line' id='line_1_1' title="bbox 1020 689 2971 752; baseline 0 -1"><span class='ocrx_word' id='word_1_1' title='bbox 1020 689 1144 751; x_wconf 83' lang='lat'><strong>988</strong></span> <span class='ocrx_word' id='word_1_2' title='bbox 1964 690 2218 750; x_wconf 66' lang='lat' dir='ltr'>INDEX</span> <span class='ocrx_word' id='word_1_3' title='bbox 2267 690 2971 752; x_wconf 77' lang='lat' dir='ltr'><strong>DOCUMENTORUM.</strong></span> 
     </span>
    </p>
   </div>
   <div class='ocr_carea' id='block_1_2' title="bbox 1026 855 1334 866">
    <p class='ocr_par' dir='ltr' id='par_1_2' title="bbox 1026 855 1334 866">
     <span class='ocr_line' id='line_1_2' title="bbox 1026 855 1334 866; baseline 0 5165"><span class='ocrx_word' id='word_1_4' title='bbox 1026 855 1334 866; x_wconf 95' lang='lat' dir='ltr'><strong> </strong></span> 
     </span>
    </p>
   </div>
   <div class='ocr_carea' id='block_1_3' title="bbox 1337 857 1795 867">
    <p class='ocr_par' dir='ltr' id='par_1_3' title="bbox 1337 857 1795 867">
     <span class='ocr_line' id='line_1_3' title="bbox 1337 857 1795 867; baseline 0 5164"><span class='ocrx_word' id='word_1_5' title='bbox 1337 857 1795 867; x_wconf 95' lang='lat' dir='ltr'><strong> </strong></span> 
     </span>
    </p>
   </div>
   <div class='ocr_carea' id='block_1_4' title="bbox 1805 857 3855 871">
    <p class='ocr_par' dir='ltr' id='par_1_4' title="bbox 1805 857 3855 871">
     <span class='ocr_line' id='line_1_4' title="bbox 1805 857 3855 871; baseline 0 -4"><span class='ocrx_word' id='word_1_6' title='bbox 1805 860 2196 868; x_wconf 73' lang='grc'><strong>....---..-..-.--.</strong></span> <span class='ocrx_word' id='word_1_7' title='bbox 2205 857 3855 871; x_wconf 64' lang='grc'><strong>.---.-...-.-..--.------“-</strong></span> 
     </span>
    </p>
   </div>
   <div class='ocr_carea' id='block_1_5' title="bbox 1049 890 1268 967">
    <p class='ocr_par' dir='ltr' id='par_1_5' title="bbox 1049 890 1268 967">
     <span class='ocr_line' id='line_1_5' title="bbox 1049 890 1268 967; baseline -0.009 0"><span class='ocrx_word' id='word_1_8' title='bbox 1049 890 1268 967; x_wconf 71' lang='lat'><strong>1241</strong></span> 
     </span>
    </p>
   </div>
   <div class='ocr_carea' id='block_1_6' title="bbox 1037 1017 3877 1582">
    <p class='ocr_par' dir='ltr' id='par_1_6' title="bbox 1037 1017 3877 1197">
     <span class='ocr_line' id='line_1_6' title="bbox 1037 1017 3873 1098; baseline -0.001 -16"><span class='ocrx_word' id='word_1_9' title='bbox 1037 1021 1289 1082; x_wconf 85' lang='lat' dir='ltr'><strong>octobri.</strong></span> <span class='ocrx_word' id='word_1_10' title='bbox 1361 1019 1636 1082; x_wconf 89' lang='lat' dir='ltr'><strong>Coloniae</strong></span> <span class='ocrx_word' id='word_1_11' title='bbox 1662 1020 1746 1097; x_wconf 65' lang='lat' dir='ltr'><strong>(i).</strong></span> <span class='ocrx_word' id='word_1_12' title='bbox 1806 1052 1885 1067; x_wconf 89' lang='lat'><strong>—</strong></span> <span class='ocrx_word' id='word_1_13' title='bbox 1925 1021 2223 1098; x_wconf 88' lang='lat' dir='ltr'><strong>Oppidum</strong></span> <span class='ocrx_word' id='word_1_14' title='bbox 2265 1037 2440 1081; x_wconf 90' lang='lat' dir='ltr'><strong>suum</strong></span> <span class='ocrx_word' id='word_1_15' title='bbox 2468 1019 2672 1082; x_wconf 88' lang='lat' dir='ltr'><strong>Duren</strong></span> <span class='ocrx_word' id='word_1_16' title='bbox 2708 1037 2818 1098; x_wconf 89' lang='lat' dir='ltr'><strong>pro</strong></span> <span class='ocrx_word' id='word_1_17' title='bbox 2852 1020 3056 1081; x_wconf 87' lang='lat' dir='ltr'><strong>decem</strong></span> <span class='ocrx_word' id='word_1_18' title='bbox 3094 1017 3358 1079; x_wconf 89' lang='lat' dir='ltr'><strong>millibus</strong></span> <span class='ocrx_word' id='word_1_19' title='bbox 3394 1033 3727 1079; x_wconf 86' lang='lat' dir='ltr'><strong>marcarum</strong></span> <span class='ocrx_word' id='word_1_20' title='bbox 3773 1035 3873 1080; x_wconf 88' lang='lat' dir='ltr'><strong>ar·</strong></span> 
     </span>
     <span class='ocr_line' id='line_1_7' title="bbox 1884 1115 3877 1197; baseline -0.001 -19"><span class='ocrx_word' id='word_1_21' title='bbox 1884 1122 2041 1197; x_wconf 83' lang='lat' dir='ltr'><strong>genti</strong></span> <span class='ocrx_word' id='word_1_22' title='bbox 2071 1120 2376 1178; x_wconf 87' lang='lat' dir='ltr'><strong>Wiileimo</strong></span> <span class='ocrx_word' id='word_1_23' title='bbox 2401 1121 2601 1179; x_wconf 89' lang='lat' dir='ltr'><strong>comiti</strong></span> <span class='ocrx_word' id='word_1_24' title='bbox 2630 1119 2946 1178; x_wconf 84' lang='lat' dir='ltr'><strong>Juliacensi</strong></span> <span class='ocrx_word' id='word_1_25' title='bbox 2975 1117 3225 1195; x_wconf 83' lang='lat' dir='ltr'><strong>obligat,</strong></span> <span class='ocrx_word' id='word_1_26' title='bbox 3246 1115 3579 1194; x_wconf 77' lang='lat' dir='ltr'><strong>usquedum</strong></span> <span class='ocrx_word' id='word_1_27' title='bbox 3606 1116 3682 1176; x_wconf 90' lang='lat' dir='ltr'><strong>de</strong></span> <span class='ocrx_word' id='word_1_28' title='bbox 3708 1134 3877 1193; x_wconf 87' lang='lat' dir='ltr'><strong>prae-</strong></span> 
     </span>
    </p>

    <p class='ocr_par' dir='ltr' id='par_1_7' title="bbox 1048 1186 3875 1486">
     <span class='ocr_line' id='line_1_8' title="bbox 1053 1186 3870 1291; baseline -0.001 -15"><span class='ocrx_word' id='word_1_29' title='bbox 1053 1186 1279 1262; x_wconf 71' lang='lat'><strong>1242</strong></span> <span class='ocrx_word' id='word_1_30' title='bbox 1885 1216 2056 1275; x_wconf 84' lang='lat' dir='ltr'><strong>dictis</strong></span> <span class='ocrx_word' id='word_1_31' title='bbox 2082 1217 2297 1275; x_wconf 87' lang='lat' dir='ltr'><strong>marcis</strong></span> <span class='ocrx_word' id='word_1_32' title='bbox 2322 1215 2501 1275; x_wconf 83' lang='lat' dir='ltr'><strong>fuerit</strong></span> <span class='ocrx_word' id='word_1_33' title='bbox 2520 1219 2570 1275; x_wconf 92' lang='lat' dir='ltr'><strong>ei</strong></span> <span class='ocrx_word' id='word_1_34' title='bbox 2599 1216 2862 1291; x_wconf 74' lang='lat' dir='ltr'><strong>plenarie</strong></span> <span class='ocrx_word' id='word_1_35' title='bbox 2887 1213 3281 1274; x_wconf 75' lang='lat' dir='ltr'><strong>satisfactum.</strong></span> <span class='ocrx_word' id='word_1_36' title='bbox 3755 1222 3870 1273; x_wconf 81' lang='grc'><strong>824</strong></span> 
     </span>
     <span class='ocr_line' id='line_1_9' title="bbox 1048 1307 3875 1392; baseline -0.001 -17"><span class='ocrx_word' id='word_1_37' title='bbox 1048 1320 1289 1392; x_wconf 80' lang='lat' dir='ltr'><strong>januar.</strong></span> <span class='ocrx_word' id='word_1_38' title='bbox 1470 1311 1648 1386; x_wconf 79' lang='lat' dir='ltr'><strong>Apud</strong></span> <span class='ocrx_word' id='word_1_39' title='bbox 1806 1345 1884 1357; x_wconf 89' lang='lat'>—</span> <span class='ocrx_word' id='word_1_40' title='bbox 1922 1311 2202 1372; x_wconf 83' lang='lat' dir='ltr'><strong>Notiilcat</strong></span> <span class='ocrx_word' id='word_1_41' title='bbox 2243 1314 2472 1388; x_wconf 89' lang='lat' dir='ltr'><strong>imperii</strong></span> <span class='ocrx_word' id='word_1_42' title='bbox 2520 1312 2797 1372; x_wconf 87' lang='lat' dir='ltr'><strong>fidelibus</strong></span> <span class='ocrx_word' id='word_1_43' title='bbox 2844 1312 3188 1388; x_wconf 74' lang='lat' dir='ltr'><strong>homagium</strong></span> <span class='ocrx_word' id='word_1_44' title='bbox 3238 1326 3343 1388; x_wconf 87' lang='lat' dir='ltr'><strong>per</strong></span> <span class='ocrx_word' id='word_1_45' title='bbox 3394 1307 3755 1371; x_wconf 87' lang='lat' dir='ltr'><strong>Warnerum</strong></span> <span class='ocrx_word' id='word_1_46' title='bbox 3799 1312 3875 1372; x_wconf 89' lang='lat' dir='ltr'><strong>de</strong></span> 
     </span>
     <span class='ocr_line' id='line_1_10' title="bbox 1375 1408 3873 1486; baseline 0 -19"><span class='ocrx_word' id='word_1_47' title='bbox 1375 1408 1743 1486; x_wconf 83' lang='lat' dir='ltr'><strong>Rotenburg.</strong></span> <span class='ocrx_word' id='word_1_48' title='bbox 1883 1408 2166 1467; x_wconf 89' lang='lat' dir='ltr'><strong>Bolandia</strong></span> <span class='ocrx_word' id='word_1_49' title='bbox 2215 1412 2549 1469; x_wconf 75' lang='lat' dir='ltr'><strong>comitissae</strong></span> <span class='ocrx_word' id='word_1_50' title='bbox 2586 1408 3092 1486; x_wconf 83' lang='lat' dir='ltr'><strong>Lucemburgensi</strong></span> <span class='ocrx_word' id='word_1_51' title='bbox 3131 1410 3478 1482; x_wconf 87' lang='lat' dir='ltr'><strong>praestitum</strong></span> <span class='ocrx_word' id='word_1_52' title='bbox 3500 1414 3707 1467; x_wconf 85' lang='lat' dir='ltr'><strong>contra</strong></span> <span class='ocrx_word' id='word_1_53' title='bbox 3731 1424 3873 1468; x_wconf 91' lang='lat' dir='ltr'><strong>om-</strong></span> 
     </span>
    </p>

    <p class='ocr_par' dir='ltr' id='par_1_8' title="bbox 1883 1504 3871 1582">
     <span class='ocr_line' id='line_1_11' title="bbox 1883 1504 3871 1582; baseline 0 -18"><span class='ocrx_word' id='word_1_54' title='bbox 1883 1521 2020 1578; x_wconf 82' lang='lat' dir='ltr'><strong>nes,</strong></span> <span class='ocrx_word' id='word_1_55' title='bbox 2051 1513 2301 1581; x_wconf 81' lang='lat' dir='ltr'><strong>excepto</strong></span> <span class='ocrx_word' id='word_1_56' title='bbox 2327 1508 2678 1581; x_wconf 76' lang='lat' dir='ltr'><strong>imperatore</strong></span> <span class='ocrx_word' id='word_1_57' title='bbox 2709 1513 2770 1566; x_wconf 90' lang='lat' dir='ltr'><strong>et</strong></span> <span class='ocrx_word' id='word_1_58' title='bbox 2795 1506 3231 1582; x_wconf 87' lang='lat' dir='ltr'><strong>archiepiscopo</strong></span> <span class='ocrx_word' id='word_1_59' title='bbox 3256 1504 3722 1581; x_wconf 84' lang='lat' dir='ltr'><strong>Moguntinensi.</strong></span> <span class='ocrx_word' id='word_1_60' title='bbox 3757 1513 3871 1564; x_wconf 84' lang='grc'><strong>825</strong></span> 
     </span>
    </p>
   </div>
   <div class='ocr_carea' id='block_1_7' title="bbox 1027 998 1301 1013">
    <p class='ocr_par' dir='ltr' id='par_1_9' title="bbox 1027 998 1301 1013">
     <span class='ocr_line' id='line_1_12' title="bbox 1027 998 1301 1013; baseline 0 5018"><span class='ocrx_word' id='word_1_61' title='bbox 1027 998 1301 1013; x_wconf 95' lang='lat' dir='ltr'><strong> </strong></span> 
     </span>
    </p>
   </div>
   <div class='ocr_carea' id='block_1_8' title="bbox 1030 1294 1305 1308">
    <p class='ocr_par' dir='ltr' id='par_1_10' title="bbox 1030 1294 1305 1308">
     <span class='ocr_line' id='line_1_13' title="bbox 1030 1294 1305 1308; baseline 0 4723"><span class='ocrx_word' id='word_1_62' title='bbox 1030 1294 1305 1308; x_wconf 95' lang='lat' dir='ltr'><strong> </strong></span> 
     </span>
    </p>
   </div>
   <div class='ocr_carea' id='block_1_9' title="bbox 1048 1600 3877 1679">
    <p class='ocr_par' dir='ltr' id='par_1_11' title="bbox 1048 1600 3877 1679">
     <span class='ocr_line' id='line_1_14' title="bbox 1048 1600 3877 1679; baseline -0.004 -9"><span class='ocrx_word' id='word_1_63' title='bbox 1048 1610 1307 1672; x_wconf 78' lang='lat' dir='ltr'><strong>februar.</strong></span> <span class='ocrx_word' id='word_1_64' title='bbox 1469 1600 1649 1675; x_wconf 84' lang='lat' dir='ltr'><strong>Apud</strong></span> <span class='ocrx_word' id='word_1_65' title='bbox 1806 1633 1886 1645; x_wconf 92' lang='lat'><strong>—</strong></span> <span class='ocrx_word' id='word_1_66' title='bbox 1928 1601 2218 1660; x_wconf 77' lang='lat' dir='ltr'><strong>officiatis</strong></span> <span class='ocrx_word' id='word_1_67' title='bbox 2246 1608 2307 1662; x_wconf 88' lang='lat' dir='ltr'><strong>et</strong></span> <span class='ocrx_word' id='word_1_68' title='bbox 2339 1601 2617 1663; x_wconf 85' lang='lat' dir='ltr'><strong>fidelibus</strong></span> <span class='ocrx_word' id='word_1_69' title='bbox 2644 1604 2877 1679; x_wconf 90' lang='lat' dir='ltr'><strong>imperii</strong></span> <span class='ocrx_word' id='word_1_70' title='bbox 2904 1601 3148 1661; x_wconf 88' lang='lat' dir='ltr'><strong>mandat</strong></span> <span class='ocrx_word' id='word_1_71' title='bbox 3169 1606 3240 1660; x_wconf 93' lang='lat' dir='ltr'><strong>ut</strong></span> <span class='ocrx_word' id='word_1_72' title='bbox 3257 1603 3435 1677; x_wconf 75' lang='lat' dir='ltr'><strong>Juxta</strong></span> <span class='ocrx_word' id='word_1_73' title='bbox 3459 1606 3723 1660; x_wconf 81' lang='lat' dir='ltr'><strong>tenorem</strong></span> <span class='ocrx_word' id='word_1_74' title='bbox 3752 1603 3877 1676; x_wconf 87' lang='lat' dir='ltr'><strong>pri-</strong></span> 
     </span>
    </p>
   </div>
   <div class='ocr_carea' id='block_1_10' title="bbox 1043 1697 3879 2648">
    <p class='ocr_par' dir='ltr' id='par_1_12' title="bbox 1430 1697 3872 1775">
     <span class='ocr_line' id='line_1_15' title="bbox 1430 1697 3872 1775; baseline -0.001 -17"><span class='ocrx_word' id='word_1_75' title='bbox 1430 1698 1685 1774; x_wconf 87' lang='lat' dir='ltr'><strong>Spiram.</strong></span> <span class='ocrx_word' id='word_1_76' title='bbox 1884 1698 2234 1773; x_wconf 79' lang='lat' dir='ltr'><strong>vilegiorum</strong></span> <span class='ocrx_word' id='word_1_77' title='bbox 2282 1697 2568 1756; x_wconf 86' lang='lat' dir='ltr'><strong>Friderici</strong></span> <span class='ocrx_word' id='word_1_78' title='bbox 2621 1700 2807 1775; x_wconf 87' lang='lat' dir='ltr'><strong>patris</strong></span> <span class='ocrx_word' id='word_1_79' title='bbox 2861 1700 2955 1757; x_wconf 85' lang='lat' dir='ltr'><strong>sui</strong></span> <span class='ocrx_word' id='word_1_80' title='bbox 3007 1703 3067 1756; x_wconf 88' lang='lat' dir='ltr'><strong>et</strong></span> <span class='ocrx_word' id='word_1_81' title='bbox 3119 1697 3368 1755; x_wconf 88' lang='lat' dir='ltr'><strong>aliorum</strong></span> <span class='ocrx_word' id='word_1_82' title='bbox 3415 1697 3872 1771; x_wconf 88' lang='lat' dir='ltr'><strong>imperatorum,</strong></span> 
     </span>
    </p>

    <p class='ocr_par' dir='ltr' id='par_1_13' title="bbox 1886 1795 3876 1875">
     <span class='ocr_line' id='line_1_16' title="bbox 1886 1795 3876 1875; baseline -0.001 -19"><span class='ocrx_word' id='word_1_83' title='bbox 1886 1800 2044 1856; x_wconf 80' lang='lat' dir='ltr'><strong>cives</strong></span> <span class='ocrx_word' id='word_1_84' title='bbox 2107 1797 2493 1874; x_wconf 83' lang='lat' dir='ltr'><strong>Moguntinos</strong></span> <span class='ocrx_word' id='word_1_85' title='bbox 2542 1800 2915 1875; x_wconf 81' lang='lat' dir='ltr'><strong>exemptione</strong></span> <span class='ocrx_word' id='word_1_86' title='bbox 2975 1812 3270 1856; x_wconf 87' lang='lat' dir='ltr'><strong>novarum</strong></span> <span class='ocrx_word' id='word_1_87' title='bbox 3321 1795 3701 1856; x_wconf 85' lang='lat' dir='ltr'><strong>collectarum</strong></span> <span class='ocrx_word' id='word_1_88' title='bbox 3756 1795 3876 1855; x_wconf 78' lang='lat' dir='ltr'><strong>frui</strong></span> 
     </span>
    </p>

    <p class='ocr_par' dir='ltr' id='par_1_14' title="bbox 1887 1897 3872 1970">
     <span class='ocr_line' id='line_1_17' title="bbox 1887 1897 3872 1970; baseline 0 -18"><span class='ocrx_word' id='word_1_89' title='bbox 1887 1897 2251 1970; x_wconf 84' lang='lat' dir='ltr'><strong>permittant.</strong></span> <span class='ocrx_word' id='word_1_90' title='bbox 3754 1901 3872 1953; x_wconf 83' lang='grc'><strong>826</strong></span> 
     </span>
    </p>

    <p class='ocr_par' dir='ltr' id='par_1_15' title="bbox 1043 1988 3877 2165">
     <span class='ocr_line' id='line_1_18' title="bbox 1043 1988 3877 2068; baseline -0.002 -10"><span class='ocrx_word' id='word_1_91' title='bbox 1043 2008 1099 2060; x_wconf 83' lang='lat'><strong>1⁰</strong></span> <span class='ocrx_word' id='word_1_92' title='bbox 1131 2002 1309 2058; x_wconf 86' lang='lat' dir='ltr'><strong>mart.</strong></span> <span class='ocrx_word' id='word_1_93' title='bbox 1422 1990 1706 2051; x_wconf 83' lang='lat' dir='ltr'><strong>Treviris.</strong></span> <span class='ocrx_word' id='word_1_94' title='bbox 1808 2025 1888 2037; x_wconf 90' lang='lat'>—</span> <span class='ocrx_word' id='word_1_95' title='bbox 1929 1993 2044 2052; x_wconf 87' lang='lat' dir='ltr'><strong>Pro</strong></span> <span class='ocrx_word' id='word_1_96' title='bbox 2089 1991 2382 2051; x_wconf 84' lang='lat' dir='ltr'><strong>solutione</strong></span> <span class='ocrx_word' id='word_1_97' title='bbox 2436 1997 2834 2051; x_wconf 86' lang='lat' dir='ltr'><strong>trecentarum</strong></span> <span class='ocrx_word' id='word_1_98' title='bbox 2889 1990 3169 2051; x_wconf 88' lang='lat' dir='ltr'><strong>librarum</strong></span> <span class='ocrx_word' id='word_1_99' title='bbox 3223 2006 3375 2068; x_wconf 82' lang='lat' dir='ltr'><strong>quas</strong></span> <span class='ocrx_word' id='word_1_100' title='bbox 3429 1988 3543 2050; x_wconf 84' lang='lat' dir='ltr'><strong>sibi</strong></span> <span class='ocrx_word' id='word_1_101' title='bbox 3583 1990 3877 2051; x_wconf 84' lang='lat' dir='ltr'><strong>Heuricus</strong></span> 
     </span>
     <span class='ocr_line' id='line_1_19' title="bbox 1887 2087 3877 2165; baseline 0 -19"><span class='ocrx_word' id='word_1_102' title='bbox 1887 2092 2257 2165; x_wconf 84' lang='lat' dir='ltr'><strong>praepositus</strong></span> <span class='ocrx_word' id='word_1_103' title='bbox 2285 2087 2358 2145; x_wconf 88' lang='lat' dir='ltr'><strong>de</strong></span> <span class='ocrx_word' id='word_1_104' title='bbox 2383 2087 2602 2148; x_wconf 74' lang='lat' dir='ltr'><strong>Pfaizel</strong></span> <span class='ocrx_word' id='word_1_105' title='bbox 2630 2090 2949 2165; x_wconf 87' lang='lat' dir='ltr'><strong>praestitit,</strong></span> <span class='ocrx_word' id='word_1_106' title='bbox 2980 2090 3034 2146; x_wconf 86' lang='lat' dir='ltr'><strong>ei</strong></span> <span class='ocrx_word' id='word_1_107' title='bbox 3061 2093 3180 2147; x_wconf 90' lang='lat' dir='ltr'><strong>tres</strong></span> <span class='ocrx_word' id='word_1_108' title='bbox 3204 2087 3463 2147; x_wconf 75' lang='lat' dir='ltr'><strong>Iudaeos</strong></span> <span class='ocrx_word' id='word_1_109' title='bbox 3487 2092 3692 2162; x_wconf 88' lang='lat' dir='ltr'><strong>captos</strong></span> <span class='ocrx_word' id='word_1_110' title='bbox 3716 2089 3877 2150; x_wconf 81' lang='lat' dir='ltr'><strong>assi-</strong></span> 
     </span>
    </p>

    <p class='ocr_par' dir='ltr' id='par_1_16' title="bbox 1891 2191 3870 2264">
     <span class='ocr_line' id='line_1_20' title="bbox 1891 2191 3870 2264; baseline -0.001 -20"><span class='ocrx_word' id='word_1_111' title='bbox 1891 2192 2031 2264; x_wconf 83' lang='lat' dir='ltr'><strong>gnat</strong></span> <span class='ocrx_word' id='word_1_112' title='bbox 2047 2230 2063 2259; x_wconf 91' lang='lat'>‚</span> <span class='ocrx_word' id='word_1_113' title='bbox 2090 2191 2206 2245; x_wconf 87' lang='lat' dir='ltr'><strong>etc.</strong></span> <span class='ocrx_word' id='word_1_114' title='bbox 3757 2193 3870 2243; x_wconf 82' lang='grc'><strong>827</strong></span> 
     </span>
    </p>

    <p class='ocr_par' dir='ltr' id='par_1_17' title="bbox 1053 2276 3876 2455">
     <span class='ocr_line' id='line_1_21' title="bbox 1053 2276 3876 2359; baseline -0.004 -7"><span class='ocrx_word' id='word_1_115' title='bbox 1053 2290 1281 2352; x_wconf 81' lang='lat' dir='ltr'><strong>martio.</strong></span> <span class='ocrx_word' id='word_1_116' title='bbox 1469 2283 1649 2359; x_wconf 83' lang='lat' dir='ltr'><strong>Apud</strong></span> <span class='ocrx_word' id='word_1_117' title='bbox 1810 2315 1891 2327; x_wconf 91' lang='lat'>—</span> <span class='ocrx_word' id='word_1_118' title='bbox 1930 2283 2219 2343; x_wconf 84' lang='lat' dir='ltr'><strong>Abbatem</strong></span> <span class='ocrx_word' id='word_1_119' title='bbox 2269 2289 2330 2342; x_wconf 91' lang='lat' dir='ltr'><strong>et</strong></span> <span class='ocrx_word' id='word_1_120' title='bbox 2375 2289 2733 2342; x_wconf 89' lang='lat' dir='ltr'><strong>conventum</strong></span> <span class='ocrx_word' id='word_1_121' title='bbox 2776 2280 2978 2340; x_wconf 88' lang='lat' dir='ltr'><strong>Sancti</strong></span> <span class='ocrx_word' id='word_1_122' title='bbox 3025 2276 3344 2340; x_wconf 78' lang='lat' dir='ltr'><strong>Maximini</strong></span> <span class='ocrx_word' id='word_1_123' title='bbox 3388 2281 3549 2358; x_wconf 91' lang='lat' dir='ltr'><strong>apud</strong></span> <span class='ocrx_word' id='word_1_124' title='bbox 3575 2283 3876 2344; x_wconf 84' lang='lat' dir='ltr'><strong>Treverim</strong></span> 
     </span>
     <span class='ocr_line' id='line_1_22' title="bbox 1402 2378 3869 2455; baseline -0.001 -16"><span class='ocrx_word' id='word_1_125' title='bbox 1402 2379 1722 2439; x_wconf 82' lang='lat' dir='ltr'><strong>Treverim.</strong></span> <span class='ocrx_word' id='word_1_126' title='bbox 1889 2379 2001 2439; x_wconf 88' lang='lat' dir='ltr'><strong>sub</strong></span> <span class='ocrx_word' id='word_1_127' title='bbox 2028 2396 2134 2438; x_wconf 89' lang='lat' dir='ltr'><strong>sua</strong></span> <span class='ocrx_word' id='word_1_128' title='bbox 2160 2385 2220 2438; x_wconf 90' lang='lat' dir='ltr'><strong>et</strong></span> <span class='ocrx_word' id='word_1_129' title='bbox 2244 2381 2474 2455; x_wconf 88' lang='lat' dir='ltr'><strong>imperii</strong></span> <span class='ocrx_word' id='word_1_130' title='bbox 2502 2381 2864 2455; x_wconf 85' lang='lat' dir='ltr'><strong>protectione</strong></span> <span class='ocrx_word' id='word_1_131' title='bbox 2893 2378 3127 2453; x_wconf 86' lang='lat' dir='ltr'><strong>speciali</strong></span> <span class='ocrx_word' id='word_1_132' title='bbox 3154 2379 3379 2452; x_wconf 81' lang='lat' dir='ltr'><strong>recipit.</strong></span> <span class='ocrx_word' id='word_1_133' title='bbox 3754 2386 3869 2438; x_wconf 90' lang='grc'><strong>828</strong></span> 
     </span>
    </p>

    <p class='ocr_par' dir='ltr' id='par_1_18' title="bbox 1054 2474 3879 2648">
     <span class='ocr_line' id='line_1_23' title="bbox 1054 2474 3873 2549; baseline -0.005 -2"><span class='ocrx_word' id='word_1_134' title='bbox 1054 2486 1292 2547; x_wconf 87' lang='lat' dir='ltr'><strong>martio.</strong></span> <span class='ocrx_word' id='word_1_135' title='bbox 1476 2475 1653 2549; x_wconf 79' lang='lat' dir='ltr'><strong>Apud</strong></span> <span class='ocrx_word' id='word_1_136' title='bbox 1810 2509 1890 2521; x_wconf 90' lang='lat'>-</span> <span class='ocrx_word' id='word_1_137' title='bbox 1930 2479 2042 2535; x_wconf 86' lang='lat' dir='ltr'><strong>Pro</strong></span> <span class='ocrx_word' id='word_1_138' title='bbox 2078 2475 2308 2535; x_wconf 88' lang='lat' dir='ltr'><strong>devotis</strong></span> <span class='ocrx_word' id='word_1_139' title='bbox 2343 2478 2595 2535; x_wconf 85' lang='lat' dir='ltr'><strong>servitiis</strong></span> <span class='ocrx_word' id='word_1_140' title='bbox 2633 2476 2865 2535; x_wconf 86' lang='lat' dir='ltr'><strong>Henrici</strong></span> <span class='ocrx_word' id='word_1_141' title='bbox 2905 2474 3257 2536; x_wconf 87' lang='lat' dir='ltr'><strong>Brabantiae</strong></span> <span class='ocrx_word' id='word_1_142' title='bbox 3293 2475 3462 2535; x_wconf 85' lang='lat' dir='ltr'><strong>ducis</strong></span> <span class='ocrx_word' id='word_1_143' title='bbox 3497 2476 3552 2533; x_wconf 87' lang='lat' dir='ltr'><strong>ei</strong></span> <span class='ocrx_word' id='word_1_144' title='bbox 3587 2477 3703 2533; x_wconf 87' lang='lat' dir='ltr'><strong>tria</strong></span> <span class='ocrx_word' id='word_1_145' title='bbox 3739 2475 3873 2534; x_wconf 93' lang='lat' dir='ltr'><strong>mil-</strong></span> 
     </span>
     <span class='ocr_line' id='line_1_24' title="bbox 1403 2569 3879 2648; baseline -0 -18"><span class='ocrx_word' id='word_1_146' title='bbox 1403 2570 1730 2631; x_wconf 88' lang='lat' dir='ltr'><strong>Coloniam.</strong></span> <span class='ocrx_word' id='word_1_147' title='bbox 1888 2575 1968 2633; x_wconf 92' lang='lat' dir='ltr'><strong>lia</strong></span> <span class='ocrx_word' id='word_1_148' title='bbox 2007 2588 2337 2632; x_wconf 85' lang='lat' dir='ltr'><strong>marcarum</strong></span> <span class='ocrx_word' id='word_1_149' title='bbox 2377 2571 2742 2631; x_wconf 83' lang='lat' dir='ltr'><strong>coloniensis</strong></span> <span class='ocrx_word' id='word_1_150' title='bbox 2787 2577 3058 2630; x_wconf 86' lang='lat' dir='ltr'><strong>monetae</strong></span> <span class='ocrx_word' id='word_1_151' title='bbox 3107 2571 3170 2629; x_wconf 89' lang='lat' dir='ltr'><strong>in</strong></span> <span class='ocrx_word' id='word_1_152' title='bbox 3207 2569 3355 2630; x_wconf 74' lang='lat' dir='ltr'><strong>festo</strong></span> <span class='ocrx_word' id='word_1_153' title='bbox 3392 2574 3582 2631; x_wconf 85' lang='lat' dir='ltr'><strong>sancti</strong></span> <span class='ocrx_word' id='word_1_154' title='bbox 3626 2571 3879 2648; x_wconf 83' lang='lat' dir='ltr'><strong>Remigii</strong></span> 
     </span>
    </p>
   </div>
   <div class='ocr_carea' id='block_1_11' title="bbox 1050 2669 3889 4882">
    <p class='ocr_par' dir='ltr' id='par_1_19' title="bbox 1889 2669 3874 2747">
     <span class='ocr_line' id='line_1_25' title="bbox 1889 2669 3874 2747; baseline -0.001 -18"><span class='ocrx_word' id='word_1_155' title='bbox 1889 2672 2155 2747; x_wconf 83' lang='lat' dir='ltr'><strong>proxime</strong></span> <span class='ocrx_word' id='word_1_156' title='bbox 2184 2676 2433 2729; x_wconf 83' lang='lat' dir='ltr'><strong>venturo</strong></span> <span class='ocrx_word' id='word_1_157' title='bbox 2462 2669 2844 2745; x_wconf 86' lang='lat' dir='ltr'><strong>persolvenda</strong></span> <span class='ocrx_word' id='word_1_158' title='bbox 2872 2670 3184 2745; x_wconf 88' lang='lat' dir='ltr'><strong>promittit.</strong></span> <span class='ocrx_word' id='word_1_159' title='bbox 3757 2677 3874 2728; x_wconf 81' lang='grc'><strong>829</strong></span> 
     </span>
    </p>

    <p class='ocr_par' dir='ltr' id='par_1_20' title="bbox 1063 2764 3880 2938">
     <span class='ocr_line' id='line_1_26' title="bbox 1063 2764 3880 2843; baseline -0.005 -5"><span class='ocrx_word' id='word_1_160' title='bbox 1063 2786 1119 2837; x_wconf 84' lang='lat'><strong>1⁰</strong></span> <span class='ocrx_word' id='word_1_161' title='bbox 1151 2776 1310 2835; x_wconf 90' lang='lat' dir='ltr'><strong>maii.</strong></span> <span class='ocrx_word' id='word_1_162' title='bbox 1383 2765 1744 2843; x_wconf 84' lang='lat' dir='ltr'><strong>Retenburg.</strong></span> <span class='ocrx_word' id='word_1_163' title='bbox 1812 2799 1888 2811; x_wconf 93' lang='lat'>—</span> <span class='ocrx_word' id='word_1_164' title='bbox 1931 2767 2186 2825; x_wconf 89' lang='lat' dir='ltr'><strong>Consilio</strong></span> <span class='ocrx_word' id='word_1_165' title='bbox 2233 2764 2493 2824; x_wconf 87' lang='lat' dir='ltr'><strong>Heinrici</strong></span> <span class='ocrx_word' id='word_1_166' title='bbox 2542 2766 2857 2841; x_wconf 80' lang='lat' dir='ltr'><strong>lantgravii</strong></span> <span class='ocrx_word' id='word_1_167' title='bbox 2895 2765 3287 2843; x_wconf 81' lang='lat' dir='ltr'><strong>Thuringlae,</strong></span> <span class='ocrx_word' id='word_1_168' title='bbox 3336 2765 3733 2839; x_wconf 80' lang='lat' dir='ltr'><strong>procuratoris</strong></span> <span class='ocrx_word' id='word_1_169' title='bbox 3785 2767 3880 2824; x_wconf 88' lang='lat' dir='ltr'><strong>sui</strong></span> 
     </span>
     <span class='ocr_line' id='line_1_27' title="bbox 1893 2861 3877 2938; baseline 0.001 -18"><span class='ocrx_word' id='word_1_170' title='bbox 1893 2880 1994 2938; x_wconf 89' lang='lat' dir='ltr'><strong>per</strong></span> <span class='ocrx_word' id='word_1_171' title='bbox 2023 2862 2403 2922; x_wconf 84' lang='lat' dir='ltr'><strong>Germaniam</strong></span> <span class='ocrx_word' id='word_1_172' title='bbox 2449 2870 2510 2921; x_wconf 91' lang='lat' dir='ltr'><strong>et</strong></span> <span class='ocrx_word' id='word_1_173' title='bbox 2541 2861 2826 2938; x_wconf 88' lang='lat' dir='ltr'><strong>aliorum,</strong></span> <span class='ocrx_word' id='word_1_174' title='bbox 2863 2862 3178 2938; x_wconf 87' lang='lat' dir='ltr'><strong>quemdam</strong></span> <span class='ocrx_word' id='word_1_175' title='bbox 3214 2863 3483 2937; x_wconf 87' lang='lat' dir='ltr'><strong>iniquum</strong></span> <span class='ocrx_word' id='word_1_176' title='bbox 3518 2861 3877 2921; x_wconf 86' lang='lat' dir='ltr'><strong>detentorem</strong></span> 
     </span>
    </p>

    <p class='ocr_par' dir='ltr' id='par_1_21' title="bbox 1890 2959 3879 3038">
     <span class='ocr_line' id='line_1_28' title="bbox 1890 2959 3879 3038; baseline 0 -17"><span class='ocrx_word' id='word_1_177' title='bbox 1890 2963 2169 3022; x_wconf 88' lang='lat' dir='ltr'><strong>ecclesiae</strong></span> <span class='ocrx_word' id='word_1_178' title='bbox 2186 2964 2246 3021; x_wconf 92' lang='lat' dir='ltr'><strong>in</strong></span> <span class='ocrx_word' id='word_1_179' title='bbox 2271 2963 2561 3038; x_wconf 85' lang='lat' dir='ltr'><strong>Elliugen,</strong></span> <span class='ocrx_word' id='word_1_180' title='bbox 2588 2961 2952 3038; x_wconf 85' lang='lat' dir='ltr'><strong>Eystetensis</strong></span> <span class='ocrx_word' id='word_1_181' title='bbox 2974 2960 3243 3033; x_wconf 86' lang='lat' dir='ltr'><strong>diocesis,</strong></span> <span class='ocrx_word' id='word_1_182' title='bbox 3267 2960 3344 3020; x_wconf 88' lang='lat' dir='ltr'><strong>ab</strong></span> <span class='ocrx_word' id='word_1_183' title='bbox 3365 2959 3879 3021; x_wconf 76' lang='lat' dir='ltr'><strong>administratione</strong></span> 
     </span>
    </p>

    <p class='ocr_par' dir='ltr' id='par_1_22' title="bbox 1891 3060 3877 3127">
     <span class='ocr_line' id='line_1_29' title="bbox 1891 3060 3877 3127; baseline -0.001 -9"><span class='ocrx_word' id='word_1_184' title='bbox 1891 3061 2063 3118; x_wconf 88' lang='lat' dir='ltr'><strong>istius</strong></span> <span class='ocrx_word' id='word_1_185' title='bbox 2087 3060 2367 3119; x_wconf 81' lang='lat' dir='ltr'><strong>ecciesiae</strong></span> <span class='ocrx_word' id='word_1_186' title='bbox 2386 3064 2625 3118; x_wconf 83' lang='lat' dir='ltr'><strong>amovet</strong></span> <span class='ocrx_word' id='word_1_187' title='bbox 2646 3100 2661 3127; x_wconf 86' lang='lat'><strong>,</strong></span> <span class='ocrx_word' id='word_1_188' title='bbox 2690 3065 2806 3119; x_wconf 86' lang='lat' dir='ltr'><strong>etc.</strong></span> <span class='ocrx_word' id='word_1_189' title='bbox 3760 3067 3877 3117; x_wconf 88' lang='grc'><strong>830</strong></span> 
     </span>
    </p>

    <p class='ocr_par' dir='ltr' id='par_1_23' title="bbox 1069 3154 3883 3328">
     <span class='ocr_line' id='line_1_30' title="bbox 1069 3154 3883 3235; baseline -0.003 -11"><span class='ocrx_word' id='word_1_190' title='bbox 1069 3172 1104 3224; x_wconf 91' lang='grc'><strong>2</strong></span> <span class='ocrx_word' id='word_1_191' title='bbox 1134 3164 1294 3223; x_wconf 85' lang='lat' dir='ltr'><strong>maii.</strong></span> <span class='ocrx_word' id='word_1_192' title='bbox 1383 3157 1745 3235; x_wconf 83' lang='lat' dir='ltr'><strong>Rotenburg.</strong></span> <span class='ocrx_word' id='word_1_193' title='bbox 1813 3189 1895 3199; x_wconf 93' lang='lat'><strong>—</strong></span> <span class='ocrx_word' id='word_1_194' title='bbox 1931 3155 2210 3216; x_wconf 88' lang='lat' dir='ltr'><strong>Notisscat</strong></span> <span class='ocrx_word' id='word_1_195' title='bbox 2254 3155 2581 3216; x_wconf 72' lang='lat' dir='ltr'><strong>Get-ardum</strong></span> <span class='ocrx_word' id='word_1_196' title='bbox 2625 3156 2700 3214; x_wconf 89' lang='lat' dir='ltr'><strong>de</strong></span> <span class='ocrx_word' id='word_1_197' title='bbox 2744 3155 2982 3215; x_wconf 82' lang='lat' dir='ltr'><strong>Sinzieh</strong></span> <span class='ocrx_word' id='word_1_198' title='bbox 3021 3157 3309 3214; x_wconf 87' lang='lat' dir='ltr'><strong>rationem</strong></span> <span class='ocrx_word' id='word_1_199' title='bbox 3338 3154 3711 3214; x_wconf 82' lang='lat' dir='ltr'><strong>villicationis</strong></span> <span class='ocrx_word' id='word_1_200' title='bbox 3736 3172 3883 3215; x_wconf 85' lang='lat' dir='ltr'><strong>suae</strong></span> 
     </span>
     <span class='ocr_line' id='line_1_31' title="bbox 1892 3251 3879 3328; baseline -0.001 -16"><span class='ocrx_word' id='word_1_201' title='bbox 1892 3270 1999 3328; x_wconf 90' lang='lat' dir='ltr'><strong>pro</strong></span> <span class='ocrx_word' id='word_1_202' title='bbox 2037 3269 2156 3311; x_wconf 91' lang='lat' dir='ltr'><strong>uno</strong></span> <span class='ocrx_word' id='word_1_203' title='bbox 2190 3268 2348 3311; x_wconf 88' lang='lat' dir='ltr'><strong>anno</strong></span> <span class='ocrx_word' id='word_1_204' title='bbox 2376 3251 2712 3328; x_wconf 86' lang='lat' dir='ltr'><strong>deposuisse</strong></span> <span class='ocrx_word' id='word_1_205' title='bbox 2729 3294 2747 3326; x_wconf 89' lang='lat'><strong>‚</strong></span> <span class='ocrx_word' id='word_1_206' title='bbox 2787 3251 3217 3328; x_wconf 83' lang='lat' dir='ltr'><strong>confiteturque</strong></span> <span class='ocrx_word' id='word_1_207' title='bbox 3242 3268 3307 3311; x_wconf 90' lang='lat' dir='ltr'><strong>se</strong></span> <span class='ocrx_word' id='word_1_208' title='bbox 3330 3254 3518 3312; x_wconf 87' lang='lat' dir='ltr'><strong>teneri</strong></span> <span class='ocrx_word' id='word_1_209' title='bbox 3544 3252 3735 3312; x_wconf 89' lang='lat' dir='ltr'><strong>eidem</strong></span> <span class='ocrx_word' id='word_1_210' title='bbox 3758 3252 3879 3312; x_wconf 87' lang='lat' dir='ltr'><strong>sol-</strong></span> 
     </span>
    </p>

    <p class='ocr_par' dir='ltr' id='par_1_24' title="bbox 1895 3351 3877 3426">
     <span class='ocr_line' id='line_1_32' title="bbox 1895 3351 3877 3426; baseline 0.001 -19"><span class='ocrx_word' id='word_1_211' title='bbox 1895 3366 2030 3409; x_wconf 82' lang='lat' dir='ltr'><strong>vere</strong></span> <span class='ocrx_word' id='word_1_212' title='bbox 2055 3351 2352 3426; x_wconf 81' lang='lat' dir='ltr'><strong>octoginta</strong></span> <span class='ocrx_word' id='word_1_213' title='bbox 2379 3357 2511 3409; x_wconf 92' lang='lat' dir='ltr'><strong>octo</strong></span> <span class='ocrx_word' id='word_1_214' title='bbox 2539 3366 2766 3409; x_wconf 88' lang='lat' dir='ltr'><strong>marcas</strong></span> <span class='ocrx_word' id='word_1_215' title='bbox 2792 3356 2853 3408; x_wconf 93' lang='lat' dir='ltr'><strong>et</strong></span> <span class='ocrx_word' id='word_1_216' title='bbox 2879 3351 3182 3412; x_wconf 85' lang='lat' dir='ltr'><strong>dimidiam</strong></span> <span class='ocrx_word' id='word_1_217' title='bbox 3198 3395 3215 3424; x_wconf 90' lang='lat'>,</span> <span class='ocrx_word' id='word_1_218' title='bbox 3247 3357 3361 3410; x_wconf 86' lang='lat' dir='ltr'><strong>etc.</strong></span> <span class='ocrx_word' id='word_1_219' title='bbox 3760 3357 3877 3409; x_wconf 88' lang='grc'><strong>832</strong></span> 
     </span>
    </p>

    <p class='ocr_par' dir='ltr' id='par_1_25' title="bbox 1090 3445 3876 3526">
     <span class='ocr_line' id='line_1_33' title="bbox 1090 3445 3876 3526; baseline -0.001 -17"><span class='ocrx_word' id='word_1_220' title='bbox 1090 3452 1271 3511; x_wconf 88' lang='lat' dir='ltr'><strong>maio.</strong></span> <span class='ocrx_word' id='word_1_221' title='bbox 1386 3448 1752 3525; x_wconf 82' lang='lat' dir='ltr'><strong>Rotenburg.</strong></span> <span class='ocrx_word' id='word_1_222' title='bbox 1816 3479 1896 3490; x_wconf 91' lang='lat'>—</span> <span class='ocrx_word' id='word_1_223' title='bbox 1937 3445 2182 3505; x_wconf 87' lang='lat' dir='ltr'><strong>Civibus</strong></span> <span class='ocrx_word' id='word_1_224' title='bbox 2208 3446 2284 3504; x_wconf 90' lang='lat' dir='ltr'><strong>de</strong></span> <span class='ocrx_word' id='word_1_225' title='bbox 2302 3446 2675 3521; x_wconf 89' lang='lat' dir='ltr'><strong>Wetphlaria</strong></span> <span class='ocrx_word' id='word_1_226' title='bbox 2710 3454 2770 3505; x_wconf 90' lang='lat' dir='ltr'><strong>et</strong></span> <span class='ocrx_word' id='word_1_227' title='bbox 2804 3447 2881 3506; x_wconf 90' lang='lat' dir='ltr'><strong>de</strong></span> <span class='ocrx_word' id='word_1_228' title='bbox 2915 3448 3311 3508; x_wconf 84' lang='lat' dir='ltr'><strong>Frankent&#39;urt</strong></span> <span class='ocrx_word' id='word_1_229' title='bbox 3344 3451 3511 3526; x_wconf 76' lang='lat' dir='ltr'><strong>jura,</strong></span> <span class='ocrx_word' id='word_1_230' title='bbox 3545 3445 3876 3515; x_wconf 84' lang='lat' dir='ltr'><strong>libertates,</strong></span> 
     </span>
    </p>

    <p class='ocr_par' dir='ltr' id='par_1_26' title="bbox 1897 3542 3882 3622">
     <span class='ocr_line' id='line_1_34' title="bbox 1897 3542 3882 3622; baseline 0.001 -21"><span class='ocrx_word' id='word_1_231' title='bbox 1897 3548 1954 3601; x_wconf 92' lang='lat' dir='ltr'><strong>et</strong></span> <span class='ocrx_word' id='word_1_232' title='bbox 1998 3542 2454 3602; x_wconf 85' lang='lat' dir='ltr'><strong>consuetudines</strong></span> <span class='ocrx_word' id='word_1_233' title='bbox 2498 3559 2703 3603; x_wconf 89' lang='lat' dir='ltr'><strong>eorum</strong></span> <span class='ocrx_word' id='word_1_234' title='bbox 2740 3549 2864 3602; x_wconf 92' lang='lat' dir='ltr'><strong>tam</strong></span> <span class='ocrx_word' id='word_1_235' title='bbox 2899 3546 3176 3619; x_wconf 90' lang='lat' dir='ltr'><strong>antiquas</strong></span> <span class='ocrx_word' id='word_1_236' title='bbox 3222 3560 3403 3622; x_wconf 85' lang='lat' dir='ltr'><strong>quam</strong></span> <span class='ocrx_word' id='word_1_237' title='bbox 3436 3560 3626 3604; x_wconf 86' lang='lat' dir='ltr'><strong>novas</strong></span> <span class='ocrx_word' id='word_1_238' title='bbox 3660 3542 3882 3605; x_wconf 85' lang='lat' dir='ltr'><strong>conflr-</strong></span> 
     </span>
    </p>

    <p class='ocr_par' dir='ltr' id='par_1_27' title="bbox 1896 3644 3879 3702">
     <span class='ocr_line' id='line_1_35' title="bbox 1896 3644 3879 3702; baseline 0.003 -5"><span class='ocrx_word' id='word_1_239' title='bbox 1896 3644 2036 3697; x_wconf 90' lang='lat' dir='ltr'><strong>mat.</strong></span> <span class='ocrx_word' id='word_1_240' title='bbox 3760 3649 3879 3702; x_wconf 84' lang='grc'><strong>834</strong></span> 
     </span>
    </p>

    <p class='ocr_par' dir='ltr' id='par_1_28' title="bbox 1050 3734 3880 3911">
     <span class='ocr_line' id='line_1_36' title="bbox 1050 3734 3880 3815; baseline -0.001 -13"><span class='ocrx_word' id='word_1_241' title='bbox 1050 3749 1117 3802; x_wconf 77' lang='grc'><strong>31</strong></span> <span class='ocrx_word' id='word_1_242' title='bbox 1158 3742 1318 3801; x_wconf 88' lang='lat' dir='ltr'><strong>maii.</strong></span> <span class='ocrx_word' id='word_1_243' title='bbox 1390 3736 1741 3815; x_wconf 80' lang='lat' dir='ltr'><strong>llaguenau.</strong></span> <span class='ocrx_word' id='word_1_244' title='bbox 1818 3769 1897 3781; x_wconf 93' lang='lat'>—</span> <span class='ocrx_word' id='word_1_245' title='bbox 1937 3735 2192 3796; x_wconf 88' lang='lat' dir='ltr'><strong>Suarum</strong></span> <span class='ocrx_word' id='word_1_246' title='bbox 2229 3739 2518 3813; x_wconf 88' lang='lat' dir='ltr'><strong>primitias</strong></span> <span class='ocrx_word' id='word_1_247' title='bbox 2555 3753 2794 3813; x_wconf 89' lang='lat' dir='ltr'><strong>precum</strong></span> <span class='ocrx_word' id='word_1_248' title='bbox 2838 3737 3093 3812; x_wconf 87' lang='lat' dir='ltr'><strong>capitulo</strong></span> <span class='ocrx_word' id='word_1_249' title='bbox 3133 3734 3653 3798; x_wconf 81' lang='lat' dir='ltr'><strong>Hildesheimensis</strong></span> <span class='ocrx_word' id='word_1_250' title='bbox 3695 3741 3880 3799; x_wconf 86' lang='lat' dir='ltr'><strong>eecle-</strong></span> 
     </span>
     <span class='ocr_line' id='line_1_37' title="bbox 1896 3834 3877 3911; baseline 0.002 -17"><span class='ocrx_word' id='word_1_251' title='bbox 1896 3837 2016 3895; x_wconf 84' lang='lat' dir='ltr'><strong>siae</strong></span> <span class='ocrx_word' id='word_1_252' title='bbox 2051 3834 2226 3894; x_wconf 81' lang='lat' dir='ltr'><strong>offert</strong></span> <span class='ocrx_word' id='word_1_253' title='bbox 2251 3852 2357 3911; x_wconf 89' lang='lat' dir='ltr'><strong>pro</strong></span> <span class='ocrx_word' id='word_1_254' title='bbox 2384 3835 2508 3894; x_wconf 88' lang='lat' dir='ltr'><strong>filio</strong></span> <span class='ocrx_word' id='word_1_255' title='bbox 2538 3838 2772 3896; x_wconf 88' lang='lat' dir='ltr'><strong>comitis</strong></span> <span class='ocrx_word' id='word_1_256' title='bbox 2806 3835 3111 3896; x_wconf 84' lang='lat' dir='ltr'><strong>Ludowici</strong></span> <span class='ocrx_word' id='word_1_257' title='bbox 3147 3836 3219 3894; x_wconf 89' lang='lat' dir='ltr'><strong>de</strong></span> <span class='ocrx_word' id='word_1_258' title='bbox 3248 3837 3549 3896; x_wconf 86' lang='lat' dir='ltr'><strong>Ebersteiu</strong></span> <span class='ocrx_word' id='word_1_259' title='bbox 3592 3838 3656 3895; x_wconf 90' lang='lat' dir='ltr'><strong>in</strong></span> <span class='ocrx_word' id='word_1_260' title='bbox 3693 3853 3877 3897; x_wconf 88' lang='lat' dir='ltr'><strong>cano-</strong></span> 
     </span>
    </p>

    <p class='ocr_par' dir='ltr' id='par_1_29' title="bbox 1896 3932 3877 4009">
     <span class='ocr_line' id='line_1_38' title="bbox 1896 3932 3877 4009; baseline 0.001 -17"><span class='ocrx_word' id='word_1_261' title='bbox 1896 3934 2096 3992; x_wconf 90' lang='lat' dir='ltr'><strong>nicum</strong></span> <span class='ocrx_word' id='word_1_262' title='bbox 2126 3933 2456 4008; x_wconf 87' lang='lat' dir='ltr'><strong>recipiendo</strong></span> <span class='ocrx_word' id='word_1_263' title='bbox 2483 3939 2542 3990; x_wconf 86' lang='lat' dir='ltr'><strong>et</strong></span> <span class='ocrx_word' id='word_1_264' title='bbox 2570 3932 2644 3991; x_wconf 90' lang='lat' dir='ltr'><strong>de</strong></span> <span class='ocrx_word' id='word_1_265' title='bbox 2672 3932 3005 4009; x_wconf 88' lang='lat' dir='ltr'><strong>praebenda</strong></span> <span class='ocrx_word' id='word_1_266' title='bbox 3034 3934 3418 4008; x_wconf 79' lang='lat' dir='ltr'><strong>providendo.</strong></span> <span class='ocrx_word' id='word_1_267' title='bbox 3759 3943 3877 3994; x_wconf 83' lang='grc'><strong>836</strong></span> 
     </span>
    </p>

    <p class='ocr_par' dir='ltr' id='par_1_30' title="bbox 1050 4024 3885 4204">
     <span class='ocr_line' id='line_1_39' title="bbox 1050 4024 3879 4111; baseline -0.001 -16"><span class='ocrx_word' id='word_1_268' title='bbox 1050 4043 1118 4095; x_wconf 85' lang='grc'><strong>21</strong></span> <span class='ocrx_word' id='word_1_269' title='bbox 1139 4035 1318 4111; x_wconf 81' lang='lat' dir='ltr'><strong>junii.</strong></span> <span class='ocrx_word' id='word_1_270' title='bbox 1352 4028 1786 4106; x_wconf 86' lang='lat' dir='ltr'><strong>Wissemburg.</strong></span> <span class='ocrx_word' id='word_1_271' title='bbox 1817 4065 1886 4077; x_wconf 93' lang='lat'><em>-</em></span> <span class='ocrx_word' id='word_1_272' title='bbox 1939 4030 2182 4090; x_wconf 90' lang='lat' dir='ltr'><strong>Civibus</strong></span> <span class='ocrx_word' id='word_1_273' title='bbox 2216 4030 2292 4089; x_wconf 89' lang='lat' dir='ltr'><strong>de</strong></span> <span class='ocrx_word' id='word_1_274' title='bbox 2328 4024 2702 4091; x_wconf 85' lang='lat' dir='ltr'><strong>Columbaria</strong></span> <span class='ocrx_word' id='word_1_275' title='bbox 2727 4035 2788 4088; x_wconf 89' lang='lat' dir='ltr'><strong>et</strong></span> <span class='ocrx_word' id='word_1_276' title='bbox 2814 4029 3193 4108; x_wconf 84' lang='lat' dir='ltr'><strong>Kaisersberg</strong></span> <span class='ocrx_word' id='word_1_277' title='bbox 3219 4031 3462 4090; x_wconf 88' lang='lat' dir='ltr'><strong>mandat</strong></span> <span class='ocrx_word' id='word_1_278' title='bbox 3494 4048 3570 4091; x_wconf 88' lang='lat' dir='ltr'><strong>ne</strong></span> <span class='ocrx_word' id='word_1_279' title='bbox 3601 4031 3879 4091; x_wconf 86' lang='lat' dir='ltr'><strong>abbatem</strong></span> 
     </span>
     <span class='ocr_line' id='line_1_40' title="bbox 1896 4126 3885 4204; baseline 0 -16"><span class='ocrx_word' id='word_1_280' title='bbox 1896 4135 1956 4188; x_wconf 89' lang='lat' dir='ltr'><strong>et</strong></span> <span class='ocrx_word' id='word_1_281' title='bbox 1981 4136 2334 4187; x_wconf 91' lang='lat' dir='ltr'><strong>conventum</strong></span> <span class='ocrx_word' id='word_1_282' title='bbox 2374 4128 2449 4187; x_wconf 88' lang='lat' dir='ltr'><strong>de</strong></span> <span class='ocrx_word' id='word_1_283' title='bbox 2497 4129 2667 4188; x_wconf 90' lang='lat' dir='ltr'><strong>Paris</strong></span> <span class='ocrx_word' id='word_1_284' title='bbox 2706 4128 2766 4185; x_wconf 89' lang='lat' dir='ltr'><strong>in</strong></span> <span class='ocrx_word' id='word_1_285' title='bbox 2823 4126 3232 4187; x_wconf 81' lang='lat' dir='ltr'><strong>exactionibus</strong></span> <span class='ocrx_word' id='word_1_286' title='bbox 3283 4129 3657 4204; x_wconf 84' lang='lat' dir='ltr'><strong>aliquatenus</strong></span> <span class='ocrx_word' id='word_1_287' title='bbox 3694 4130 3885 4190; x_wconf 89' lang='lat' dir='ltr'><strong>mole-</strong></span> 
     </span>
    </p>

    <p class='ocr_par' dir='ltr' id='par_1_31' title="bbox 1898 4224 3884 4302">
     <span class='ocr_line' id='line_1_41' title="bbox 1898 4224 3884 4302; baseline 0.002 -19"><span class='ocrx_word' id='word_1_288' title='bbox 1898 4231 2096 4299; x_wconf 87' lang='lat' dir='ltr'><strong>stent,</strong></span> <span class='ocrx_word' id='word_1_289' title='bbox 2141 4240 2280 4283; x_wconf 88' lang='lat' dir='ltr'><strong>cum</strong></span> <span class='ocrx_word' id='word_1_290' title='bbox 2318 4225 2472 4283; x_wconf 88' lang='lat' dir='ltr'><strong>idem</strong></span> <span class='ocrx_word' id='word_1_291' title='bbox 2515 4229 2844 4283; x_wconf 75' lang='lat' dir='ltr'><strong>conventus</strong></span> <span class='ocrx_word' id='word_1_292' title='bbox 2885 4224 3280 4302; x_wconf 83' lang='lat' dir='ltr'><strong>quadraginta</strong></span> <span class='ocrx_word' id='word_1_293' title='bbox 3320 4232 3577 4285; x_wconf 87' lang='lat' dir='ltr'><strong>carratas</strong></span> <span class='ocrx_word' id='word_1_294' title='bbox 3618 4226 3884 4301; x_wconf 86' lang='lat' dir='ltr'><strong>lapidum</strong></span> 
     </span>
    </p>

    <p class='ocr_par' dir='ltr' id='par_1_32' title="bbox 1897 4320 3883 4397">
     <span class='ocr_line' id='line_1_42' title="bbox 1897 4320 3883 4397; baseline 0.001 -17"><span class='ocrx_word' id='word_1_295' title='bbox 1897 4320 1976 4380; x_wconf 89' lang='lat' dir='ltr'><strong>ad</strong></span> <span class='ocrx_word' id='word_1_296' title='bbox 2046 4321 2399 4380; x_wconf 86' lang='lat' dir='ltr'><strong>muniendas</strong></span> <span class='ocrx_word' id='word_1_297' title='bbox 2454 4321 2686 4397; x_wconf 88' lang='lat' dir='ltr'><strong>imperii</strong></span> <span class='ocrx_word' id='word_1_298' title='bbox 2748 4322 3019 4381; x_wconf 86' lang='lat' dir='ltr'><strong>civitates</strong></span> <span class='ocrx_word' id='word_1_299' title='bbox 3074 4324 3377 4381; x_wconf 88' lang='lat' dir='ltr'><strong>aunuatim</strong></span> <span class='ocrx_word' id='word_1_300' title='bbox 3438 4322 3581 4382; x_wconf 88' lang='lat' dir='ltr'><strong>dare</strong></span> <span class='ocrx_word' id='word_1_301' title='bbox 3631 4339 3883 4382; x_wconf 88' lang='lat' dir='ltr'><strong>eonsue-</strong></span> 
     </span>
    </p>

    <p class='ocr_par' dir='ltr' id='par_1_33' title="bbox 1899 4420 3880 4479">
     <span class='ocr_line' id='line_1_43' title="bbox 1899 4420 3880 4479; baseline 0.002 -3"><span class='ocrx_word' id='word_1_302' title='bbox 1899 4420 2074 4477; x_wconf 80' lang='lat' dir='ltr'><strong>verit.</strong></span> <span class='ocrx_word' id='word_1_303' title='bbox 3768 4430 3880 4479; x_wconf 83' lang='grc'><strong>837</strong></span> 
     </span>
    </p>

    <p class='ocr_par' dir='ltr' id='par_1_34' title="bbox 1090 4514 3889 4595">
     <span class='ocr_line' id='line_1_44' title="bbox 1090 4514 3889 4595; baseline -0 -19"><span class='ocrx_word' id='word_1_304' title='bbox 1090 4519 1285 4595; x_wconf 88' lang='lat' dir='ltr'><strong>junio.</strong></span> <span class='ocrx_word' id='word_1_305' title='bbox 1397 4515 1745 4592; x_wconf 83' lang='lat' dir='ltr'><strong>Hagueuau.</strong></span> <span class='ocrx_word' id='word_1_306' title='bbox 1819 4547 1899 4558; x_wconf 95' lang='lat'>—</span> <span class='ocrx_word' id='word_1_307' title='bbox 1938 4515 2322 4590; x_wconf 83' lang='lat' dir='ltr'><strong>Privilegium</strong></span> <span class='ocrx_word' id='word_1_308' title='bbox 2385 4514 2460 4573; x_wconf 87' lang='lat' dir='ltr'><strong>ab</strong></span> <span class='ocrx_word' id='word_1_309' title='bbox 2526 4517 2877 4591; x_wconf 88' lang='lat' dir='ltr'><strong>imperatore</strong></span> <span class='ocrx_word' id='word_1_310' title='bbox 2931 4522 3097 4592; x_wconf 87' lang='lat' dir='ltr'><strong>patre</strong></span> <span class='ocrx_word' id='word_1_311' title='bbox 3149 4531 3259 4575; x_wconf 91' lang='lat' dir='ltr'><strong>suo</strong></span> <span class='ocrx_word' id='word_1_312' title='bbox 3316 4514 3588 4592; x_wconf 86' lang='lat' dir='ltr'><strong>hospitali</strong></span> <span class='ocrx_word' id='word_1_313' title='bbox 3638 4516 3889 4577; x_wconf 87' lang='lat' dir='ltr'><strong>Sanctae</strong></span> 
     </span>
    </p>

    <p class='ocr_par' dir='ltr' id='par_1_35' title="bbox 1898 4608 3887 4686">
     <span class='ocr_line' id='line_1_45' title="bbox 1898 4608 3887 4686; baseline 0.001 -18"><span class='ocrx_word' id='word_1_314' title='bbox 1898 4608 2120 4668; x_wconf 84' lang='lat' dir='ltr'><strong>Mariae</strong></span> <span class='ocrx_word' id='word_1_315' title='bbox 2164 4609 2667 4669; x_wconf 89' lang='lat' dir='ltr'><strong>Theutonieorum</strong></span> <span class='ocrx_word' id='word_1_316' title='bbox 2716 4610 2792 4669; x_wconf 90' lang='lat' dir='ltr'><strong>de</strong></span> <span class='ocrx_word' id='word_1_317' title='bbox 2839 4610 3012 4669; x_wconf 91' lang='lat' dir='ltr'><strong>bonis</strong></span> <span class='ocrx_word' id='word_1_318' title='bbox 3065 4611 3296 4686; x_wconf 85' lang='lat' dir='ltr'><strong>imperii</strong></span> <span class='ocrx_word' id='word_1_319' title='bbox 3350 4609 3679 4671; x_wconf 78' lang='lat' dir='ltr'><strong>feudalibus</strong></span> <span class='ocrx_word' id='word_1_320' title='bbox 3726 4626 3887 4670; x_wconf 89' lang='lat' dir='ltr'><strong>anno</strong></span> 
     </span>
    </p>

    <p class='ocr_par' dir='ltr' id='par_1_36' title="bbox 1905 4708 3883 4786">
     <span class='ocr_line' id='line_1_46' title="bbox 1905 4708 3883 4786; baseline 0.001 -20"><span class='ocrx_word' id='word_1_321' title='bbox 1905 4716 2056 4768; x_wconf 81' lang='grc'><strong>1223</strong></span> <span class='ocrx_word' id='word_1_322' title='bbox 2085 4709 2379 4768; x_wconf 88' lang='lat' dir='ltr'><strong>indultum</strong></span> <span class='ocrx_word' id='word_1_323' title='bbox 2402 4754 2419 4786; x_wconf 91' lang='lat'>‚</span> <span class='ocrx_word' id='word_1_324' title='bbox 2449 4714 2696 4768; x_wconf 88' lang='lat' dir='ltr'><strong>renovat</strong></span> <span class='ocrx_word' id='word_1_325' title='bbox 2718 4715 2778 4768; x_wconf 92' lang='lat' dir='ltr'><strong>et</strong></span> <span class='ocrx_word' id='word_1_326' title='bbox 2804 4708 3138 4768; x_wconf 87' lang='lat' dir='ltr'><strong>confirmat.</strong></span> <span class='ocrx_word' id='word_1_327' title='bbox 3766 4717 3883 4769; x_wconf 89' lang='grc'><strong>838</strong></span> 
     </span>
    </p>

    <p class='ocr_par' dir='ltr' id='par_1_37' title="bbox 1087 4803 3889 4882">
     <span class='ocr_line' id='line_1_47' title="bbox 1087 4803 3889 4882; baseline 0 -17"><span class='ocrx_word' id='word_1_328' title='bbox 1087 4813 1120 4865; x_wconf 85' lang='grc'><strong>3</strong></span> <span class='ocrx_word' id='word_1_329' title='bbox 1144 4806 1300 4882; x_wconf 85' lang='lat' dir='ltr'><strong>julii.</strong></span> <span class='ocrx_word' id='word_1_330' title='bbox 1396 4803 1743 4882; x_wconf 84' lang='lat' dir='ltr'><strong>Hagueuau.</strong></span> <span class='ocrx_word' id='word_1_331' title='bbox 1821 4836 1902 4848; x_wconf 97' lang='lat'>—</span> <span class='ocrx_word' id='word_1_332' title='bbox 1940 4804 2196 4864; x_wconf 81' lang='lat' dir='ltr'><strong>Johanni</strong></span> <span class='ocrx_word' id='word_1_333' title='bbox 2242 4807 2513 4882; x_wconf 87' lang='lat' dir='ltr'><strong>episcopo</strong></span> <span class='ocrx_word' id='word_1_334' title='bbox 2570 4805 2860 4864; x_wconf 89' lang='lat' dir='ltr'><strong>Mindensi</strong></span> <span class='ocrx_word' id='word_1_335' title='bbox 2900 4805 3169 4866; x_wconf 89' lang='lat' dir='ltr'><strong>concedit</strong></span> <span class='ocrx_word' id='word_1_336' title='bbox 3213 4811 3284 4866; x_wconf 88' lang='lat' dir='ltr'><strong>ut</strong></span> <span class='ocrx_word' id='word_1_337' title='bbox 3325 4807 3524 4866; x_wconf 86' lang='lat' dir='ltr'><strong>omnia</strong></span> <span class='ocrx_word' id='word_1_338' title='bbox 3563 4804 3759 4866; x_wconf 81' lang='lat' dir='ltr'><strong>officia</strong></span> <span class='ocrx_word' id='word_1_339' title='bbox 3807 4805 3889 4866; x_wconf 89' lang='lat' dir='ltr'><strong>ad</strong></span> 
     </span>
    </p>
   </div>
  </div>
 </body>
</html>
