4525 6031
701 642 904 703 lamet.
937 641 1030 718 7.]
1606 639 2000 703 ms'romA
2049 638 2642 703 DIPLOMATICA.
3402 636 3521 698 697

704 775 1006 868 legitime
1033 773 1618 847 descendentibus
1641 775 1710 845 in
1736 786 2149 871 perpetuum
2181 777 2408 849 casale
2437 785 2509 849 et
2534 783 2839 848 castrum
2865 771 3156 845 Militelli
3182 771 3253 843 in
3278 772 3527 844 eodem

703 908 941 971 nostro
974 920 1189 991 regno
1221 899 1448 970 Sicilie
1467 899 1768 994 positum
1798 911 1869 973 et
1903 901 1976 972 in
2006 903 2191 973 valle
2217 901 2403 991 Neti,
2444 922 2582 994 que
2614 900 2707 973 ob
2742 899 3103 971 decessum
3131 897 3404 970 illorum
3437 896 3527 968 de

700 1023 1037 1096 Leontino
1068 1024 1332 1118 absque
1360 1023 1592 1095 liberis
1624 1024 1714 1096 ad
1751 1048 1996 1097 manus
2032 1037 2268 1099 nostre
2301 1025 2491 1097 curie
2523 1024 2827 1117 legitime
2856 1023 3327 1112 devenerunt,
3366 1044 3527 1094 cum

701 1147 1022 1219 omnibus
1060 1147 1329 1240 juribus
1370 1157 1441 1220 et
1480 1149 1916 1243 pertinentiis
1947 1151 2089 1222 suis
2125 1150 2503 1241 universiS,
2540 1171 2699 1221 cum
2734 1158 2879 1220 toto
2913 1147 3254 1220 territorio
3283 1154 3353 1218 et
3381 1145 3525 1218 dis-

702 1272 945 1362 trictu,
989 1272 1353 1343 arboribus
1398 1274 1850 1368 sylvestribus
1896 1286 1967 1347 et
2012 1275 2445 1365 domestic-iS,
2494 1273 2750 1369 sylvis,
2795 1272 3050 1368 pratiS,
3085 1271 3526 1362 nemoribuS,

702 1396 936 1490 aquis,
973 1417 1311 1492 aquarum
1363 1398 1688 1487 saltibus,
1732 1398 2164 1497 hominibus„
2212 1398 2559 1488 vassalliS,
2611 1397 3150 1487 habitatoribus,
3199 1395 3524 1487 edificiis,

704 1521 970 1616 capella
994 1520 1140 1592 sive
1166 1521 1484 1612 ecclesia,
1519 1521 1898 1595 honoribus
1931 1532 2002 1595 et
2034 1523 2487 1616 dignitatibus
2508 1522 3086 1616 quibuscumque,
3119 1543 3257 1616 que
3278 1522 3529 1595 videli-

706 1656 816 1716 cet
854 1645 944 1717 de
980 1644 1305 1719 demanio
1335 1657 1574 1719 nostro
1620 1648 1690 1718 in
1719 1647 2120 1719 demanium
2153 1659 2224 1719 et
2255 1669 2394 1741 que
2435 1647 2524 1720 de
2565 1646 2847 1720 servitio
2891 1647 2963 1718 in
3003 1645 3400 1736 servitium,
3439 1646 3530 1719 de

704 1769 1112 1841 liberalitate
1140 1791 1329 1842 mera
1365 1781 1435 1842 et
1465 1771 1686 1864 gratia
1714 1771 1994 1868 speciali
2024 1771 2094 1843 in
2123 1771 2563 1845 excambium
2597 1770 2781 1843 dicte
2812 1780 2992 1843 terre
3027 1771 3349 1842 Corilioni
3376 1792 3534 1862 gra-

704 1893 875 1967 tiose
909 1894 1239 1966 duximus
1270 1895 1719 1967 concedenda
1746 1949 1765 1986 ,
1802 1907 2009 1992 prout
2047 1896 2287 1988 vigore
2330 1895 2673 1991 presentis
2720 1894 3164 1968 concedimus
3197 1904 3268 1968 et
3309 1896 3532 1969 dona-

704 2040 894 2111 mus3
943 2020 1039 2091 ita
1085 2030 1318 2093 tamen
1360 2020 1550 2113 quod
1590 2021 1818 2094 dictus
1861 2022 2113 2094 nobilis
2160 2034 2231 2094 et
2272 2022 2568 2094 heredes
2606 2020 2713 2092 sui
2757 2041 2883 2115 pro
2927 2020 3138 2092 casali
3189 2030 3260 2092 et
3304 2029 3532 2093 castro

705 2143 1032 2238 predictis
1070 2144 1273 2218 nobis
1310 2155 1380 2217 et
1416 2147 1931 2218 successoribus
1976 2147 2230 2220 nostris
2276 2147 2348 2217 in
2390 2146 2578 2218 dicto
2619 2166 2838 2237 regno
2882 2144 2954 2216 in
2996 2144 3222 2240 capite
3253 2144 3534 2216 militari

704 2268 985 2341 servitio
1019 2269 1281 2341 servire
1315 2279 1708 2361 teneantur,
1739 2292 1873 2343 ana
1892 2270 1995 2368 (a)
2027 2271 2352 2345 videlicet
2382 2271 2745 2342 unciarum
2774 2268 3022 2362 viginti
3062 2291 3189 2365 pro
3222 2269 3536 2362 quolibet

706 2413 887 2485 equo
909 2402 1203 2483 armato,
1220 2393 1425 2484 juxta
1448 2415 1653 2464 usum
1678 2403 1750 2465 et
1771 2394 2345 2466 consuetudinem
2367 2392 2531 2465 dicti
2553 2392 2767 2464 nostri
2797 2392 3020 2485 regni,
3044 2393 3370 2486 quodque
3395 2392 3536 2464 sint

707 2515 929 2587 incole
975 2516 1289 2609 ejusdem
1340 2518 1560 2590 nostri
1612 2520 1808 2610 regni
1857 2530 1927 2590 et
1969 2519 2211 2592 vivant
2248 2521 2407 2611 jure
2454 2518 2915 2604 Francorum,
2965 2495 3291 2589 videlicet
3341 2517 3533 2610 quod

706 2642 928 2733 major
959 2652 1126 2713 natu
1158 2640 1542 2714 minoribus
1573 2643 1902 2715 fratribus
1944 2653 2015 2714 et
2045 2642 2535 2716 consororibus
2574 2641 2717 2713 suis
2759 2650 2831 2713 et
2871 2641 3220 2713 masculus
3260 2641 3533 2712 feminis

706 2766 1126 2860 preferatur3
1164 2765 1451 2838 retentis
1497 2775 1730 2839 tamen
1767 2778 1838 2838 et
1866 2789 2195 2863 expresse
2228 2766 2599 2838 reservatis
2643 2765 2870 2839 eidem
2908 2764 3097 2837 curie
3131 2773 3366 2837 nostre
3393 2787 3532 2858 que

703 2912 745 2962 a
779 2900 1098 2985 presente
1128 2891 1503 2965 donatione
1535 2903 1606 2964 et
1635 2893 2083 2965 concessione
2114 2892 2399 2966 omnino
2429 2892 2894 2981 excludimus,
2915 2890 3190 2983 juribus
3219 2891 3534 2984 lignami-

706 3039 874 3087 num
902 3038 1176 3090 necnon
1225 3017 1572 3108 mineriis,
1611 3019 1882 3109 salinis,
1923 3019 2221 3108 solatiiS,
2259 3017 2531 3091 forestis
2563 3027 2635 3089 et
2660 3017 2964 3089 defensis
2998 3015 3335 3111 antiquis,
3375 3026 3530 3088 tan·

704 3163 915 3234 quam
952 3141 1044 3214 ad
1085 3142 1345 3233 regiam
1379 3141 1789 3234 dignitatem
1825 3143 2357 3237 pertinentibus,
2405 3165 2544 3236 que
2575 3151 2812 3214 nostre
2844 3141 3034 3213 curie
3062 3162 3525 3214 reservamus.

702 3264 1044 3337 Animalia
1075 3266 1358 3360 insuper
1389 3275 1460 3336 et
1491 3266 1879 3358 equitature
1913 3265 2316 3357 aratiarum,
2354 3267 2914 3337 marescallarum
2948 3275 3019 3338 et
3048 3266 3530 3339 massariarum

704 3399 1098 3462 nostrarum
1144 3388 1360 3461 libe're
1413 3411 1687 3462 sumere
1748 3390 2030 3461 valeant
2087 3410 2346 3486 pascua
2397 3390 2470 3460 in
2523 3390 2917 3461 tenimentis
2976 3401 3047 3462 et
3100 3390 3531 3485 pertinentiis

705 3515 950 3585 casalis
977 3525 1048 3585 et
1070 3514 1274 3586 castri
1303 3514 1794 3609 predictorum.
1832 3513 1942 3586 Ad
1969 3514 2174 3607 hujus
2201 3525 2437 3586 autem
2465 3523 2699 3587 nostre
2729 3513 3194 3587 concessionis
3223 3527 3294 3587 et
3319 3515 3534 3589 dona-

706 3638 908 3711 tionis
945 3637 1410 3711 testimonium
1444 3650 1515 3710 et
1546 3639 1760 3711 robur
1792 3649 2129 3735 perpetuo
2164 3635 2566 3730 valiturum,
2606 3662 2891 3736 presens
2920 3638 3353 3734 privilegium
3382 3639 3534 3713 fieri

706 3763 995 3835 fecimus
1021 3774 1396 3855 nostroque
1425 3763 1650 3857 sigillo
1680 3763 2019 3837 roborari.

812 3890 1064 3960 Datum
1140 3888 1475 3961 Cremone
1498 3940 1520 3978 ,
1594 3890 1752 3961 XX⁰
1828 3888 2087 3962 mensis
2163 3888 2545 3980 februarii,
2619 3887 2739 3960 vll
2826 3887 3219 3962 indictionis
3240 3940 3261 3979 ,
3346 3908 3534 3964 anno

706 4012 800 4085 Μ.
827 4014 951 4087 CC.
974 4008 1477 4111 XXX[X]V111,
1510 4014 1783 4111 imperii
1823 4015 2041 4088 nostri
2072 4036 2259 4087 anno
2296 4016 2542 4106 XXX,
2575 4015 2772 4106 regni
2798 4015 3244 4108 Hyerusalem
3275 4014 3532 4104 XXIII,

706 4138 933 4210 Sicilie
970 4159 1139 4211 vero
1170 4139 1380 4211 LXIX
1412 4135 1538 4234 (b).

789 4338 874 4419 (a)
919 4339 992 4402 In
1018 4341 1219 4403 eomes
1242 4358 1388 4403 una.

791 4445 873 4527 (b)
916 4449 1025 4509 Isti
1065 4453 1299 4510 numeri
1342 4451 1427 4510 lta
1465 4450 1795 4530 corrigendi
1840 4455 1980 4513 sunt
2021 4466 2038 4513 ε
2088 4448 2322 4531 imper-'i
2345 4448 2533 4511 nostri
2555 4465 2714 4511 armo
2738 4446 3026 4526 XXVIII,
3060 4448 3229 4530 reqm'
3253 4445 3534 4510 Hierusa-

711 4550 821 4614 lem
855 4555 1086 4632 XXIII,
1116 4552 1315 4617 Sicilie
1338 4573 1472 4617 vero
1500 4556 1569 4617 t..
