4525 6031
659 1728 871 1783 rogglne.
885 1726 1024 1775 nalo.

1071 680 1191 743 768
2069 681 2501 745 FRIDERICI
2548 682 2898 765 ssscunm
3506 686 3671 766 [Arm.
3710 688 3887 753 1250.

1067 814 1275 922 ipsos
1337 815 1436 897 ad
1510 812 1760 896 casale
1835 813 2090 895 Sancti
2162 814 2411 897 Evasii
2477 815 2879 899 destInavit
2906 876 2931 922 ,
2996 841 3195 926 quos
3254 817 3374 900 vel
3449 843 3709 902 amore
3770 821 3888 903 vel

1066 947 1389 1055 pecunia
1434 946 1972 1031 interveniente
2020 945 2230 1029 abire
2274 947 2618 1056 permisit
2659 976 2678 1028 :
2723 974 2879 1031 non
2933 948 3139 1031 enim
3183 948 3376 1032 bene
3433 975 3515 1033 se
3565 951 3893 1036 habebat

1065 1105 1244 1163 cum
1279 1079 1555 1164 Uberto
1590 1078 2014 1164 Pelavicino
2048 1078 2150 1163 ob
2186 1078 2579 1164 invidiam.
2620 1080 2963 1164 chronic.
2997 1083 3091 1164 de
3128 1084 3285 1165 reb.
3328 1080 3411 1164 in
3440 1086 3619 1167 Ital.
3660 1098 3882 1194 qest„

1062 1238 1144 1320 p.
1187 1214 1375 1294 221.

1497 1424 1772 1434 -ψ-οοο

1167 1702 1632 1809 FridericuS,
1686 1703 2205 1787 Romanorum
2261 1702 2703 1812 imperator,
2759 1702 2859 1785 ad
2923 1701 3552 1812 supplicationem
3619 1704 3883 1789 Ludo-

1060 1835 1271 1943 wici,
1318 1834 1800 1945 primogeniti
1840 1835 2141 1921 Ottonis
2195 1835 2412 1918 ducis
2463 1834 2888 1943 Bawariae,
2944 1836 3398 1918 sententiam
3447 1834 3593 1919 fert
3641 1848 3728 1920 ut
3779 1838 3878 1920 ad

1059 1967 1664 2052 observationem
1716 1967 2290 2078 fidejussionum
2310 2030 2335 2076 ,
2394 1967 2837 2051 cautionum
2892 1994 2981 2049 ac
3037 1967 3528 2051 securitatum
3588 1968 3880 2053 civibus

1057 2100 1745 2185 Wormatiensibus
1760 2161 1785 2207 ,
1857 2112 2070 2185 metu
2131 2126 2502 2210 personae
2557 2126 2771 2207 suae,
2828 2100 3361 2209 praestitarum
3377 2162 3401 2208 ,
3444 2102 3878 2187 nullatenus

1055 2244 1426 2319 teneatur.

1213 2447 1488 2530 (Editum
1515 2465 1614 2526 ap.
1644 2447 1904 2509 Momm.
1927 2447 2112 2525 Boia,
2135 2454 2182 2508 t.
2217 2446 2413 2526 XXX,
2442 2464 2503 2525 p.
2532 2455 2820 2527 307-308,
2850 2463 3023 2508 num.
3049 2446 3526 2520 DCCLXXXVI,
3550 2465 3626 2509 ex
3655 2451 3871 2528 orig-lu.

1293 2559 1356 2615 ln
1386 2554 1626 2616 archivo
1657 2571 1783 2631 reg.
1819 2555 1984 2616 dom.
2014 2553 2258 2631 Bavan,
2288 2554 2447 2614 unde
2476 2553 2739 2632 sigillum
2776 2554 3043 2615 nonnihil
3075 2555 3296 2615 laesum
3325 2554 3618 2632 appendet
3647 2571 3721 2616 ex
3755 2556 3875 2618 {ills

1291 2663 1490 2722 sericis
1515 2662 1680 2722 rubri
1705 2667 1767 2722 et
1791 2661 1934 2722 flavi
1959 2659 2221 2738 eoloris.)

1146 2846 1533 2920 Fridericus
1564 2846 1690 2918 Dei
1731 2845 1953 2938 gratia
1980 2847 2450 2917 Romanorum
2483 2844 2862 2940 imperator
2886 2865 3164 2940 semper
3188 2853 3559 2937 augustus,
3589 2847 3866 2919 Jerusa-

1049 2971 1186 3043 lem
1221 2980 1292 3043 et
1326 2970 1554 3042 Sicilie
1588 2991 1740 3041 reX.
1775 2969 1907 3041 Per
1938 2989 2226 3065 presens
2256 2968 2591 3065 scriptum
2621 2978 2864 3042 notum
2903 2968 3194 3041 facimus
3226 2968 3569 3041 universis
3595 2968 3867 3064 imperii

1047 3093 1371 3167 fidelibus
1415 3095 1606 3188 quod
1646 3094 2042 3168 Ludovicus
2089 3093 2591 3189 primogenitus
2625 3092 2825 3166 ducis
2863 3092 3218 3183 Bawarie,
3268 3092 3503 3166 dilecti
3539 3093 3866 3188 principis

1045 3220 1301 3309 nostri,
1358 3218 1750 3291 celsitudini
1802 3228 2037 3289 nostre
2082 3217 2499 3312 supplicavit
2542 3226 2805 3289 attente
2864 3216 3055 3310 quod
3105 3239 3267 3288 cum
3314 3218 3504 3289 cives
3540 3218 3862 3290 Worma-

1047 3343 1338 3433 tienses,
1393 3343 1464 3411 in
1514 3341 1664 3437 ipsa
1704 3340 1982 3422 civitate
2037 3349 2279 3412 contra
2330 3361 2489 3412 eum
2531 3351 2788 3413 temere
2829 3341 3302 3433 insurgentes,
3348 3342 3601 3412 multas
3631 3340 3867 3413 sibiet

1045 3464 1304 3537 familie
1337 3484 1461 3535 sue
1483 3473 1717 3559 preter
1743 3483 1954 3535 omne
1975 3462 2298 3534 meritum
2336 3485 2539 3534 suum
2570 3463 2860 3555 injurias
2887 3463 3313 3556 infligerent,
3341 3475 3669 3560 metuque
3701 3485 3862 3560 per-

1045 3609 1217 3662 sone
1250 3609 1374 3659 sue
1406 3597 1770 3680 cogeretur
1800 3586 1969 3680 ipsis
2008 3584 2486 3679 fidejussiones
2512 3640 2533 3678 ,
2570 3587 2962 3678 cautioneS,
3007 3609 3091 3659 ac
3122 3587 3525 3660 securitates
3554 3597 3865 3681 prestare

1042 3712 1235 3807 quod
1275 3733 1438 3784 suas
1475 3712 1547 3783 in
1591 3732 1712 3784 eos
1746 3732 1888 3784 non
1925 3711 2375 3783 ulcisceretur
2409 3710 2697 3803 injurias
2741 3708 2876 3806 (l),
2918 3711 3148 3806 ipsum
3182 3732 3225 3782 a
3256 3709 3857 3802 fidejussionibuS,

1043 3833 1512 3925 cautionibus,
1571 3854 1656 3905 ac
1702 3833 2187 3905 securitatibus
2229 3832 2560 3928 predictis
2581 3884 2601 3921 ,
2648 3854 2823 3926 quas
2864 3854 3006 3903 non
3061 3843 3309 3927 sponte
3361 3832 3488 3904 sed
3529 3831 3859 3904 cohactus

1039 3958 1374 4054 prestitit,
1427 3965 1635 4052 prout
1673 3956 1942 4049 justitia
1974 3955 2321 4047 exigeret,
2362 3955 2724 4028 absolvere
2755 3954 3228 4048 dignaremur.
3273 3956 3414 4027 Nos
3457 3954 3667 4047 igitur
3697 3977 3859 4050 sup·

1039 4081 1528 4177 plicationibus
1568 4079 1712 4150 suis
1745 4100 1883 4174 que
1904 4078 2241 4171 justitiam
2267 4077 2760 4167 continebant,
2796 4088 3242 4171 nequeuntes
3270 4078 3621 4149 ullatenus
3648 4078 3864 4150 refra-

1036 4206 1222 4299 gari,
1258 4206 1485 4300 ipsum
1507 4224 1551 4276 a
1577 4201 2140 4295 fidejussionibus
2157 4255 2177 4292 ,
2206 4201 2642 4274 cautionibus
2670 4211 2742 4274 et
2765 4202 3253 4274 securitatibus
3271 4255 3292 4293 ,
3324 4223 3498 4295 quas
3522 4201 3856 4298 predictis

1109 4507 1187 4579 (t)
1222 4506 1376 4562 Anno
1402 4504 1564 4584 ⁴249,
1593 4505 1660 4561 22
1690 4501 1921 4575 augusti,
1947 4501 2375 4559 wormatienses
2406 4500 2743 4575 insurgentes
2770 4501 2829 4558 in
2864 4516 3051 4559 servos
3078 4502 3341 4559 Zurnonis
3368 4500 3682 4560 marescalci
3700 4501 3855 4561 ducis

1032 4604 1314 4662 Bawariae
1340 4599 1634 4674 hospitium
1664 4598 1915 4656 Ludovici
1943 4597 2032 4654 tilii
2069 4598 2241 4672 ipsius
2269 4599 2423 4655 ducis
2457 4598 2792 4670 invaserant,
2830 4599 3049 4656 Bavaris
3076 4599 3397 4671 quibusdam
3433 4598 3727 4657 vulneratis
3750 4613 3849 4658 seu

1032 4701 1194 4760 etiam
1220 4699 1429 4757 occisis.
1459 4697 1612 4767 Quae
1640 4696 1906 4754 discordia
1930 4711 2030 4770 per
2055 4695 2255 4752 litteras
2282 4695 2561 4752 oblivionis
2587 4702 2702 4752 tum
2726 4711 2759 4752 a
2784 4696 3070 4767 Ludovico,
3101 4702 3217 4752 tum
3244 4712 3283 4752 a
3304 4698 3550 4755 Zurnone
3575 4696 3690 4774 ipso
3710 4711 3848 4754 con-

1032 4797 1208 4857 tectas
1226 4795 1401 4870 sopita
1423 4796 1616 4854 iuerat.
1639 4793 1719 4854 (ΖΙ.
1739 4792 1940 4851 Annei.
1978 4794 2236 4849 Wonnat.
2267 4808 2357 4866 ap.
2383 4792 2675 4865 nomn,
2705 4793 2923 4865 Fontes,
2954 4801 2999 4851 t.
3026 4794 3099 4866 11,
3129 4810 3186 4874 p.
3216 4796 3376 4850 tas-t
3389 4796 3479 4852 87.
