4525 6031
1190 636 1311 698 828
2240 638 2606 701 comum
2659 637 2957 713 ouant
3624 637 3792 716 [Am.
3830 637 4001 701 1242.

1191 773 1294 845 rei
1329 772 1791 846 testimonium
1828 794 2113 867 presens
2145 773 2479 868 scriptum
2525 772 2712 845 dicto
2739 771 3089 867 preposito
3122 768 3532 843 tradidimus
3564 770 3767 864 sigilli
3795 774 4006 845 nostri

1193 896 1570 967 munimine
1603 897 2031 970 roboratum.

1289 1021 1541 1091 Datum
1577 1029 1647 1090 et
1685 1029 1917 1091 actum
1944 1019 2260 1091 Treveris
2284 1073 2303 1108 ‚
2341 1041 2527 1092 anno
2568 1018 2847 1091 Domini
2877 1019 2971 1089 M.
3001 1017 3123 1090 CC.
3151 1017 3334 1107 XLI,
3377 1016 3694 1090 kalendis
3738 1018 3997 1090 marcii.

837 1539 1088 1647 maffia,
1305 1525 1733 1631 ConraduS,
1772 1525 1853 1604 in
1886 1523 2408 1607 Romanorum
2445 1545 2705 1632 regem
2733 1521 3047 1629 electus,
3081 1519 3435 1604 abbatem
3450 1532 3525 1605 et
3555 1532 4001 1606 conventum

1198 1659 1452 1743 Sancti
1513 1657 1903 1742 Maximini
1961 1658 2164 1765 apud
2219 1656 2600 1739 Treverim
2656 1655 2803 1739 sub
2873 1680 3013 1737 sua
3066 1664 3141 1737 et
3202 1653 3498 1763 imperii
3550 1657 4003 1764 protectione

1198 1790 1503 1901 speciali
1538 1789 1825 1898 recipit.

1358 1990 1623 2068 (Edlder.
1649 1992 2001 2061 Zuusms,
2031 1987 2295 2068 Defensio
2321 1984 2517 2048 abbat.
2549 1987 2754 2066 imper.
2779 1989 2842 2049 S.
2872 1977 3221 2060 Maximini,
3247 2003 3386 2063 pars
3407 1986 3529 2057 111,
3560 2004 3619 2063 p.
3649 1995 3747 2047 60.
3776 2020 3854 2031 -
3883 1988 4003 2049 Lu-

1434 2115 1566 2173 mo,
1596 2093 2012 2169 Reiclasarchiv,
2044 2102 2091 2154 t.
2125 2095 2290 2166 XVI,
2319 2112 2380 2171 p.
2414 2102 2554 2154 284.
2584 2126 2662 2139 -
2689 2094 3048 2162 Honmm,
3077 2093 3231 2154 Hm.
3269 2093 3494 2153 Treuir.
3524 2089 3850 2171 diplomat„
3880 2100 3916 2151 t.
3948 2092 3998 2166 1,

1433 2220 1493 2279 ῃ.
1529 2200 1695 2279 m.)

1290 2374 1681 2462 ConraduS‚
1724 2373 1870 2445 divi
1915 2372 2188 2462 augusti
2229 2370 2667 2466 imperatoris
2706 2370 3036 2443 Friderici
3072 2368 3290 2461 filius,
3331 2370 3458 2443 Dei
3497 2371 3718 2463 gratia
3757 2372 3999 2443 Roma·

1192 2521 1443 2572 norum
1498 2499 1569 2569 in
1627 2517 1867 2589 regem
1922 2496 2190 2567 electus
2247 2516 2523 2589 semper
2576 2504 2912 2586 augustus
2964 2505 3036 2566 et
3075 2494 3280 2567 heres
3343 2495 3540 2587 regni
3590 2498 3998 2584 Jerusalem,

1192 2624 1535 2696 universis
1585 2621 1852 2716 imperii
1912 2620 2234 2692 fidelibus
2286 2629 2647 2714 presentes
2692 2620 2958 2690 litteras
3012 2619 3425 2715 inspecturis
3471 2621 3766 2711 gratiam
3811 2642 4001 2692 suam

1193 2759 1264 2820 et
1317 2768 1522 2819 omne
1605 2747 1890 2816 bonum.
1971 2744 2551 2837 Supplicaverunt
2609 2742 3001 2813 celsitudini
3049 2752 3282 2813 nostre
3331 2744 3749 2827 venerabilis
3795 2744 4003 2815 abbas

1193 2883 1264 2943 et
1300 2878 1683 2943 conventus
1718 2868 1952 2940 Sancti
1978 2866 2339 2937 Maximini
2389 2865 2851 2955 TrevirensiS‚
2910 2864 3154 2936 fideles
3204 2867 3465 2955 nostri,
3512 2878 3593 2938 u‘t
3649 2868 4003 2939 ecclesiam

1192 3005 1264 3067 et
1300 2995 1533 3066 omnia
1574 2994 1758 3065 bona
1801 3011 2043 3062 eorum
2085 3011 2222 3083 que
2265 2991 2453 3082 juste
2496 2997 2737 3060 tenent
2786 2997 2858 3060 et
2893 2988 3284 3084 possident,
3336 2990 3466 3062 sub
3515 2990 3887 3086 imperialis
3938 3000 4003 3063 et

1191 3128 1425 3190 nostre
1462 3116 1911 3212 protectionis
1956 3116 2177 3206 gratia
2222 3115 2533 3209 recipere
2576 3114 3046 3206 dignaremur.
3097 3115 3239 3186 Nos
3286 3114 3494 3208 igitur
3526 3116 3645 3209 qui
3679 3138 4000 3212 personas

1191 3242 1546 3332 religiosas
1579 3250 1650 3311 et
1692 3241 1844 3311 loca
1873 3241 2019 3309 Deo
2056 3239 2284 3310 dicata
2318 3238 2406 3309 de
2442 3238 2681 3309 innata
2713 3238 2914 3310 nobis
2950 3239 3203 3333 pietate
3235 3239 3660 3311 intendimus
3697 3252 3769 3312 et
3797 3241 3997 3313 affec-

1195 3374 1418 3434 tamus
1468 3363 1830 3434 defensare
1890 3362 2361 3432 favorabiliter
2427 3383 2510 3433 ac
2571 3363 2848 3450 fovere,
2899 3361 3031 3455 piis
3096 3384 3335 3433 eorum
3395 3364 4000 3457 supplicationibus

1191 3487 1498 3577 legitime
1547 3484 1897 3573 inclinati,
1952 3484 2272 3555 eamdem
2327 3484 2688 3555 ecclesiam
2742 3506 2902 3556 cum
2952 3484 3277 3557 omnibus
3323 3485 3522 3556 bonis
3564 3486 3706 3557 suis
3745 3510 3882 3582 que
3934 3488 3998 3557 in

1190 3610 1495 3706 presenti
1543 3611 1731 3700 juste
1772 3617 2011 3678 tenent
2053 3617 2124 3677 et
2158 3607 2519 3700 possident
2553 3610 2666 3679 vel
2718 3629 2856 3700 que
2916 3609 2985 3678 in
3039 3619 3247 3680 antea
3278 3609 3484 3700 justis
3538 3610 3762 3682 modis
3806 3622 3998 3705 pote-

1189 3745 1356 3805 runt
1386 3733 1708 3828 adipisci,
1747 3732 1880 3803 sub
1916 3731 2343 3825 protectione
2375 3741 2609 3802 nostra
2636 3742 2710 3804 et
2734 3733 3007 3827 imperii
3034 3733 3404 3827 recipimus
3444 3734 3756 3828 speciali;
3808 3757 3996 3807 man-

1188 3860 1438 3930 dantes
1471 3868 1541 3929 et
1567 3878 1694 3950 per
1722 3856 2080 3926 obtentum
2116 3854 2337 3945 gratie
2372 3855 2639 3926 domini
2686 3867 2757 3926 et
2805 3855 3021 3950 patris
3065 3857 3283 3927 nostri
3336 3866 3407 3927 et
3446 3870 3683 3930 nostre
3727 3857 4007 3931 firmiter

1187 3982 1648 4079 precipientes
1689 3988 2033 4073 quatenus
2075 3979 2310 4049 nullus
2353 3977 2445 4049 sit
2485 3978 2605 4072 qui
2645 3978 2965 4050 eamdem
3012 3980 3374 4052 ecclesiam
3411 3982 3523 4052 vel
3567 4003 3900 4077 personas
3943 3984 4006 4055 in

1187 4129 1272 4179 ea
1303 4106 1598 4179 Domino
1625 4105 2040 4177 famulantes
2076 4102 2150 4173 in
2188 4102 2389 4173 bonis
2425 4101 2568 4173 suis
2604 4113 2960 4196 presumat
2991 4103 3108 4175 vel
3141 4103 3397 4176 audeat
3432 4105 3872 4199 aliquatenus
3906 4119 3999 4178 te·

1187 4252 1377 4303 mere
1400 4232 1790 4302 molestare.
1815 4228 2018 4312 Quod
2042 4227 2163 4320 qui
2192 4228 2693 4322 presumpserit
2716 4226 3265 4319 indignationem
3296 4239 3606 4301 nostram
3638 4240 3710 4301 et
3737 4229 3997 4326 imperii

1186 4375 1260 4425 se
1293 4353 1565 4426 noverit
1593 4351 1899 4443 graviter
1930 4350 2325 4421 incurrisse.

1278 4476 1531 4547 Actum
1563 4495 1748 4548 anuo
1773 4472 2119 4545 dominice
2151 4472 2643 4546 incarnationis
2675 4473 2769 4545 M.
2794 4473 3144 4563 CC.XL11,
3181 4495 3421 4547 mense
3440 4475 3707 4576 martii,
3736 4469 3862 4550 XV
3891 4477 3993 4550 iu·

1181 4599 1526 4673 dictionis.

1278 4726 1529 4795 Datum
1557 4718 1750 4816 apud
1781 4718 2162 4807 Treverim,
2196 4738 2412 4808 anno,
2445 4738 2683 4792 meuse
2712 4729 2787 4792 et
2816 4718 3197 4794 indictione
3231 4721 3654 4817 prescriptis.
