4525 6031
639 600 845 659 lame-r.
877 596 970 682 6.]
1538 601 1929 662 HISTORIA
1980 601 2574 664 DlPLOMATICA.
3349 608 3468 667 587

808 780 998 860 (Edit.
1037 783 1101 841 in
1142 781 1313 842 Petri
1344 779 1414 841 de
1452 782 1579 843 Vin.
1613 783 1809 863 epist„
1840 783 1945 845 nb.
1981 785 2102 857 111,
2132 802 2266 862 cap.
2298 787 2414 860 1x;
2448 787 2585 847 coll.
2617 803 2754 848 cum
2791 787 3043 850 codteib.
3081 787 3235 852 Bibl.
3267 792 3468 853 Cesar.

888 888 1103 966 Paria,
1116 886 1303 968 finde
1329 889 1753 977 Nota-Dama,
1782 901 1849 949 n⁶
1878 900 2018 963 202,
2045 898 2105 951 et
2111 889 2301 970 fonds
2326 890 2806 954 sam-Gomara
2832 892 3082 974 Harlay,
3110 907 3177 956 n⁰
3204 896 3369 975 455.)

738 1103 1033 1199 Speciali
1065 1104 1369 1196 quadam
1401 1104 1583 1176 inter
1621 1114 1723 1176 tot
1761 1115 1833 1176 et
1874 1114 2064 1176 tanta
2106 1106 2556 1197 negociorum
2587 1129 2886 1199 genera,
2921 1109 3176 1200 quibus
3205 1114 3471 1204 pectori

641 1238 884 1300 nostro
916 1229 1243 1299 continue
1270 1228 1559 1299 materia
1592 1229 2028 1320 cogitationis
2053 1229 2468 1319 infunditur,
2497 1231 2788 1303 sollicita
2820 1232 3270 1304 meditatione
3302 1256 3475 1328 pen-

642 1374 876 1424 samus
912 1352 1212 1445 qualiter
1251 1351 1495 1445 sopitis
1539 1351 1963 1443 quibuslibet
1996 1351 2178 1423 inter
2206 1374 2337 1423 vos
2366 1354 2696 1447 preterite
2728 1354 3178 1427 dissensionis
3216 1356 3470 1428 errori-

640 1477 811 1565 bus,
846 1498 991 1569 pax
1041 1486 1112 1546 et
1147 1476 1430 1567 justicia
1467 1475 1537 1545 in
1572 1476 1771 1548 vobis
1802 1498 1986 1548 nova
2017 1477 2537 1569 quodammodo
2573 1479 3003 1574 plantatione
3042 1492 3466 1572 succrescat3

639 1601 938 1695 qualiter
968 1601 1177 1673 etiam
1208 1601 1585 1672 voluntatis
1616 1610 1849 1672 vestre
1885 1614 2025 1672 tam
2065 1612 2388 1695 prompta
2432 1601 2747 1692 devotio,
2787 1625 2923 1695 que
2964 1604 3296 1697 quicquid
3343 1604 3472 1676 sibi

640 1724 838 1815 litigii
867 1724 1142 1796 sinistre
1174 1725 1444 1796 dudum
1474 1745 1684 1796 causa
1715 1724 2223 1818 superstitionis
2250 1725 2670 1817 adduxerat,
2685 1727 2950 1816 judicio
2979 1737 3212 1799 nostre
3248 1729 3473 1822 provi-

640 1848 851 1919 sionis
897 1848 1223 1943 exposuit
1268 1857 1341 1920 et
1380 1849 1451 1919 in
1479 1849 1654 1920 libra
1687 1848 1975 1920 Cesaree
2019 1847 2443 1920 definitionis
2478 1850 2841 1943 appendit,
2878 1853 2946 1919 in
2979 1851 3202 1942 gratie
3235 1861 3469 1923 nostre

636 1973 902 2066 gremio
936 1973 1186 2067 pocula
1222 1972 1478 2043 favoris
1507 1973 1842 2061 inveniat,
1876 1982 1947 2043 et
1978 1972 2334 2043 familiaris
2365 1982 2687 2066 aspectus
2714 1974 2935 2044 nostri
2963 1974 3294 2065 singulari
3324 1975 3466 2068 pri·

634 2096 889 2188 vilegio
930 2097 1258 2190 potiatur.
1306 2097 1486 2168 Ecce
1523 2096 1734 2187 igitur
1762 2097 2093 2167 dilectum
2127 2094 2347 2167 filium
2390 2106 2706 2167 nostrum
2741 2097 3167 2169 Fridericum
3198 2099 3288 2170 de
3318 2098 3466 2169 An·

637 2220 933 2310 tiochia,
984 2221 1076 2292 ad
1130 2220 1427 2292 civitatis
1485 2230 1718 2290 vestre
1772 2219 2080 2311 regimen
2122 2222 2325 2312 cujus
2371 2220 2553 2290 inter
2604 2242 2848 2292 omnes
2903 2222 3222 2293 civitates
3276 2222 3469 2293 Italie

634 2345 925 2439 pervigil
961 2365 1090 2415 nos
1125 2365 1290 2416 cura
1324 2343 1682 2432 sollicitat,
1717 2352 1788 2413 et
1836 2343 2056 2434 gratie
2097 2354 2335 2413 nostre
2377 2342 2510 2414 sibi
2552 2344 3055 2437 plenitudinem
3104 2346 3469 2438 specialius

635 2469 1037 2562 acquisivit,
1071 2468 1384 2559 diligenti
1421 2465 1975 2538 consideratione
2024 2466 2421 2560 prehabita,
2457 2468 2890 2560 providimus
2939 2467 3455 2538 destinandum.

632 2594 741 2665 Ex
781 2614 921 2686 quo
969 2591 1349 2663 manifestis
1389 2591 1703 2684 profecto
1741 2598 1932 2684 patet
1964 2589 2234 2660 indiciis
2291 2600 2361 2659 et
2411 2590 2888 2684 probabilibus
2930 2591 3318 2661 ostenditur
3349 2613 3462 2662 ar·

631 2716 980 2809 gumentis
1025 2725 1284 2807 quante
1326 2737 1454 2786 vos
1497 2713 1872 2808 imperialis
1902 2712 2235 2784 autoritas
2269 2713 2656 2783 dilectionis
2690 2713 3164 2805 singularitate
3201 2716 3465 2809 prospi—

632 2841 796 2930 ciat,
829 2851 902 2911 et
931 2861 1143 2932 quam
1171 2838 1421 2909 sinceri
1453 2858 1803 2930 quamque
1841 2838 2059 2908 teneri
2100 2837 2526 2930 specialitate
2564 2838 2820 2908 favoris
2853 2848 3108 2908 statum
3150 2849 3461 2909 vestrum

632 2963 996 3061 pacificum
1033 2964 1572 3058 amplectamur,
1613 2962 1781 3034 dum
1815 2960 2265 3032 humanitatis
2291 2970 2525 3032 nostre
2555 2961 2989 3032 clementiam
3029 2984 3154 3056 per
3181 2965 3463 3037 eviden-

631 3092 804 3164 tiora
827 3090 1023 3182 signa
1049 3087 1450 3160 videntibus
1476 3063 1749 3158 ostendi
1783 3107 1925 3156 non
1953 3106 2156 3179 posse
2185 3085 2546 3156 videamus
2574 3085 2893 3173 lucidiuS,
2915 3107 3124 3178 quam
3157 3089 3214 3158 si
3241 3087 3460 3160 filium

629 3225 945 3287 nostrum
976 3213 1068 3284 ad
1098 3235 1229 3284 vos
1262 3222 1594 3304 tanquam
1633 3210 2115 3301 imaginarium
2158 3220 2394 3280 nostre
2435 3209 2782 3303 presentie
2819 3210 3270 3283 destinemus,
3305 3215 3460 3285 Fuit

628 3338 760 3411 hec
791 3338 1136 3432 siquidem
1161 3335 1457 3407 salubris
1490 3345 1561 3405 et
1594 3343 1797 3405 cauta
1826 3333 2129 3427 provisio
2155 3387 2172 3422 ,
2211 3343 2292 3403 ut
2328 3333 2497 3404 dum
2531 3355 2610 3404 os
2642 3333 2731 3404 de
2769 3334 3038 3405 ossibus
3076 3345 3146 3405 et
3173 3357 3336 3408 caro
3367 3338 3456 3409 de

628 3483 836 3534 carne
865 3470 1101 3532 nostra
1134 3458 1645 3548 transmittitur,
1684 3477 1980 3551 persona
2018 3466 2252 3528 nostra
2291 3479 2416 3564 ger
2454 3479 2615 3528 eum
2653 3457 2834 3528 inter
2870 3480 2997 3529 vos
3029 3460 3456 3532 familiariter

627 3594 1051 3682 presentata,
1090 3584 1188 3654 sic
1214 3582 1510 3654 civitatis
1540 3591 1770 3652 vestre
1806 3580 2122 3671 regimini
2160 3580 2378 3674 presit
2405 3590 2485 3650 ut
2517 3581 2759 3674 prosit,
2789 3602 2914 3651 vos
2946 3582 3018 3651 in
3052 3581 3239 3654 bono
3268 3593 3460 3654 statu

626 3718 947 3805 protegat
979 3719 1051 3780 et
1096 3705 1469 3798 tranquillo
1501 3714 1902 3794 conservet,
1935 3714 2006 3774 et
2028 3703 2307 3795 justicie
2335 3704 2634 3797 copiam,
2667 3725 2874 3795 quam
2910 3704 3197 3795 singulis
3224 3708 3452 3800 propi-

625 3834 778 3905 nari
818 3831 1289 3928 precepimus,
1322 3829 1715 3923 petentibus
1757 3827 2268 3916 subministret,
2303 3836 2374 3898 et
2404 3826 2628 3898 fidelis
2660 3828 2862 3899 nobis
2895 3849 2977 3898 ac
3005 3828 3260 3900 devota
3292 3830 3449 3901 Flo-

625 3958 846 4030 rentia
896 3966 1036 4028 tam
1070 3955 1249 4046 grati
1290 3953 1612 4044 rectoriS,
1648 3962 1788 4022 tam
1833 3951 2023 4022 utilis
2067 3950 2392 4022 refloreat
2430 3954 2772 4041 novitate,
2807 3973 3016 4042 quem
3048 3974 3188 4023 non
3224 3955 3449 4024 solum

622 4091 1002 4176 potestate,
1035 4100 1243 4171 quam
1280 4077 1530 4149 ceteris
1563 4075 1968 4147 officialibus
2001 4074 2379 4168 imperialis
2410 4074 2800 4167 impartitur
2837 4075 3204 4165 autoritaS,
3241 4077 3444 4156 volu÷

622 4227 778 4276 mus
814 4225 967 4276 esse
1001 4212 1452 4290 contentum3
1495 4200 1620 4272 sed
1649 4209 1730 4271 ut
1765 4200 1835 4269 in
1872 4198 2294 4270 facinorosos
2334 4208 2405 4267 et
2446 4197 2747 4288 segniter
2785 4219 2910 4268 seu
2949 4201 3449 4271 contumaciter

621 4350 696 4401 se
724 4339 1050 4421 gerentes
1082 4325 1369 4397 liberius
1400 4322 1953 4395 animadvertere
1988 4322 2255 4412 valeat,
2300 4320 2429 4392 sibi
2452 4320 2897 4392 concedimus
2923 4321 3112 4392 vices
3142 4334 3438 4396 nostras.

616 4454 759 4526 Vos
789 4452 1001 4545 igitur
1030 4472 1205 4546 pure
1234 4449 1399 4521 fidei
1433 4459 1503 4519 et
1529 4468 1819 4543 syncere
1849 4445 2239 4517 devotionis
2276 4445 2569 4533 alumni,
2608 4446 3045 4539 presentibus
3072 4458 3306 4518 nostre
3340 4469 3442 4521 se-

620 4577 930 4649 renitatis
979 4574 1294 4670 apicibus
1335 4572 1646 4661 animati,
1678 4594 1853 4664 quos
1899 4569 2329 4664 irrequisitos
2374 4555 2669 4674 libenter
2703 4570 2775 4641 id
2808 4571 3034 4641 facere
3080 4592 3207 4664 pro
3248 4581 3441 4644 certo

620 4698 1068 4787 confidimus,
1105 4697 1319 4792 patris
1363 4696 1433 4767 in
1477 4694 1620 4769 filio
1669 4695 2083 4790 presentiam
2124 4691 2538 4786 figuranteS,
2572 4694 2798 4788 ipsum
2844 4693 3044 4786 quasi
3087 4695 3442 4768 familiaris
