4525 6031
1060 638 1186 701 926
2169 633 2793 700 Anm‘rAMENTA.

1061 772 1229 866 quia
1265 794 1397 844 nec
1446 795 1606 845 cum
1653 772 1801 843 istis
1849 773 1970 867 qui
2013 785 2354 847 venerant
2394 783 2626 862 erant,
2666 793 2796 843 nec
2822 791 2953 866 pro
2992 769 3409 865 imperatore
3441 766 3881 864 pugnabant,

1066 896 1192 967 sed
1249 898 1592 969 sedebant
1631 897 1955 992 trapezita
1996 897 2142 968 sive
2193 918 2589 993 campsores
2620 895 2712 967 ad
2744 896 3091 966 toloneum
3127 913 3369 981 suum,
3401 901 3474 962 et
3497 890 3614 963 alii
3649 890 3888 962 artiste

1013 1020 1026 1033 ’
1063 1043 1208 1093 non
1258 1020 1700 1092 dimittebant
1741 1031 2025 1116 propter
2075 1019 2211 1092 hoc
2250 1020 2420 1113 quin
2471 1026 2929 1116 operarentur
2953 1018 3025 1088 in
3058 1016 3472 1090 stationibus
3506 1015 3685 1104 suiS,
3716 1036 3800 1087 ac
3825 1014 3883 1086 si

1062 1143 1237 1214 nibil
1267 1153 1475 1214 esset.
1512 1144 1818 1238 Septima
1849 1145 2024 1215 ratio
2053 1154 2159 1215 est
2185 1145 2350 1237 quia
2379 1144 2650 1217 nobiles
2678 1153 2750 1214 et
2777 1151 3096 1237 potentes
3121 1140 3244 1235 qui
3272 1149 3472 1212 erant
3500 1140 3573 1211 in
3606 1138 3884 1212 civitate

1065 1288 1160 1338 ex
1186 1278 1384 1361 parte
1416 1267 1728 1364 imperii,
1764 1268 2032 1359 statim,
2065 1268 2306 1340 relicta
2339 1268 2654 1358 civitate,
2691 1266 3118 1339 diffuderunt
3143 1286 3219 1337 se
3254 1287 3382 1360 per
3409 1263 3884 1359 episcopatum

1062 1391 1153 1463 ad
1189 1401 1414 1462 castra
1446 1391 1515 1462 in
1553 1391 1991 1462 fortitudines
2017 1413 2212 1484 suaS,
2247 1391 2569 1463 timentes
2600 1412 2718 1463 eas
2741 1389 3083 1462 amittere.
3110 1390 3372 1462 Octava
3390 1388 3564 1460 ratio
3592 1395 3697 1459 est
3722 1388 3886 1481 quia

1064 1515 1274 1587 etiam
1315 1514 1721 1586 Theutonici
1754 1515 2189 1611 imperatoris
2228 1514 2592 1587 audientes
2623 1514 2797 1609 quia
2835 1522 3139 1608 potestas
3163 1513 3408 1586 Parme
3445 1521 3597 1584 erat
3621 1512 3712 1583 ab
3739 1512 3888 1584 istis

1063 1639 1373 1729 occisus,
1437 1639 1757 1710 timentes
1803 1640 2020 1731 mori,
2079 1640 2470 1711 invitabant
2510 1639 2681 1710 istos
2715 1650 2795 1710 ut
2831 1635 3116 1733 pacifice
3149 1636 3237 1710 de
3265 1637 3545 1709 civitate
3578 1637 3887 1708 facerent

1061 1762 1405 1855 quidquid
1423 1763 1710 1835 vellent.
1731 1762 1920 1835 Idem
1942 1764 2151 1836 etiam
2174 1765 2490 1837 fecerunt
2516 1763 2841 1835 custodes
2867 1761 3104 1834 Palatii
3132 1760 3519 1832 communis
3546 1769 3618 1832 et
3644 1760 3879 1850 turris,

1063 1887 1264 1980 quasi
1323 1888 1464 1959 duo
1526 1910 1727 1981 reges
1789 1890 2072 1960 fu‘erunt
2120 1888 2446 1961 dominus
2501 1887 2838 1959 Henricus
2868 1889 3110 1976 Testa,
3157 1894 3465 1980 potestas
3489 1886 3772 1976 Parme,
3813 1895 3888 1957 et

1062 2011 1388 2084 dominus
1428 2011 1794 2083 Bartholus
1847 2011 2342 2102 Tabernerius,
2393 2011 2514 2105 qui
2563 2032 2692 2107 pro
2741 2012 3160 2105 imperatore
3193 2019 3345 2080 erat
3376 2010 3780 2104 capitaneus
3811 2010 3881 2080 in

1060 2136 1306 2208 Parma
1337 2134 1552 2230 partis
1579 2136 1876 2230 imperii.
1913 2135 2112 2207 Nona
2140 2135 2317 2207 ratio
2345 2145 2451 2207 est
2485 2136 2649 2228 quia
2689 2134 3072 2207 maximum
3113 2134 3487 2228 sperabant
3524 2134 3594 2204 in
3635 2131 3881 2226 hujus·

1062 2259 1251 2331 modi
1305 2259 1616 2331 adversis
1666 2258 1925 2331 habere
1970 2259 2314 2330 auxilium
2361 2284 2378 2328 ε
2441 2258 2665 2353 primo
2709 2281 2751 2330 a
2795 2279 2976 2353 papa
3007 2256 3410 2329 Innocentio
3443 2267 3729 2350 quarm,
3759 2258 3880 2351 qui

1059 2383 1318 2454 multos
1373 2384 1801 2479 propinquos
1843 2393 1914 2455 et
1956 2383 2199 2454 affines
2243 2382 2548 2454 habebat
2595 2383 2665 2454 in
2716 2384 3001 2472 Parma,
3047 2391 3119 2453 et
3163 2380 3329 2473 quia
3362 2382 3607 2453 Parma
3640 2391 3884 2453 contra

1059 2505 1583 2601 imperatorem,
1626 2507 1981 2578 inimicum
2015 2529 2217 2577 suum
2240 2560 2260 2598 ,
2311 2527 2623 2601 pugnare
2654 2507 2938 2579 volebat
2964 2515 3036 2576 et
3060 2505 3209 2597 Jam
3229 2504 3678 2576 inchoaverat
3705 2527 3885 2599 pug-
3922 2555 3936 2566 .

1057 2649 1263 2718 nam;
1329 2630 1640 2703 secundo
1688 2652 1731 2702 a
1777 2631 2106 2723 Gregorio
2143 2632 2230 2703 de
2276 2632 2764 2722 Montelongo,
2817 2630 2889 2699 in
2935 2628 3345 2702 Lombardia
3407 2630 3675 2720 legam,
3761 2622 3924 2723 qui'

1057 2752 1434 2824 Mediolani
1480 2762 1629 2823 erat
1675 2763 1958 2847 paratus
2003 2754 2244 2825 venire
2295 2775 2455 2824 cum
2505 2752 2792 2825 domino
2833 2753 3189 2825 Bernardo
3223 2752 3516 2825 Rolandi
3543 2752 3764 2824 Rubei
3793 2752 3883 2824 de

1058 2875 1301 2948 Parma
1322 2928 1341 2965 ,
1375 2886 1670 2968 cognato
1715 2876 1979 2948 domini
2021 2898 2202 2971 pape
2244 2875 2627 2947 iunocentii
2659 2876 2929 2970 quarti,
2962 2885 3224 2947 etcum
3249 2875 3883 2948 Mediolanensibus

1061 3000 1476 3093 quibuscum
1510 2998 1603 3097 (?)
1636 3000 2025 3073 mitteretur
2049 3023 2175 3096 pro
2205 3000 2345 3093 eis;
2384 2999 2586 3073 tertio
2622 3022 2665 3072 a
2696 2999 3138 3092 PlacentiniS,
3167 3009 3278 3073 etc
3284 3053 3873 3074 ........

1158 3122 1327 3194 Cum
1357 3123 1567 3216 igitur
1592 3123 1898 3196 audisset
1921 3147 2051 3196 rex
2075 3125 2379 3196 Hencius
2399 3177 2419 3213 ,
2447 3123 2566 3216 qui
2604 3145 2762 3195 cum
2796 3124 3372 3195 Cremonensibus
3399 3133 3551 3196 erat
3585 3123 3657 3194 in
3692 3124 3880 3196 obsi·

1061 3244 1271 3316 dione
1317 3245 1692 3335 Quinzani‚
1742 3246 1932 3339 quod
1982 3242 2355 3317 forbanniti
2406 3246 2840 3341 imperatoris
2884 3245 3102 3340 patris
3149 3245 3257 3317 sui
3302 3246 3423 3339 qui
3472 3244 3883 3319 habitabant

1061 3367 1450 3456 placentie,
1486 3368 1830 3439 violenter
1857 3369 2170 3440 Parmam
2223 3369 2629 3459 intrassent,
2692 3368 3024 3441 dissolute
3083 3379 3247 3441 sunt
3299 3390 3548 3440 manus
3589 3370 3778 3461 ejuS,
3811 3380 3884 3442 et

1061 3489 1346 3562 dimissa
1378 3490 1739 3562 obsidione
1771 3490 2109 3576 Quinzani
2129 3543 2148 3582 ,
2186 3492 2538 3563 festinavit
2580 3500 2651 3563 et
2676 3492 2868 3564 venit
2903 3501 3047 3564 tota
3073 3502 3277 3565 nocte
3310 3513 3452 3564 non
3485 3492 3875 3583 cantandO,

1062 3611 1189 3683 sed
1222 3613 1353 3683 sub
1381 3612 1656 3685 silentio
1684 3614 2162 3705 gemebundo,
2201 3615 2419 3686 veluti
2467 3637 2626 3687 cum
2669 3616 3018 3687 exercitus
3063 3626 3222 3712 post
3275 3616 3512 3709 fugam
3553 3618 3733 3689 solet
3764 3638 3881 3688 re-

1059 3735 1241 3807 verti
1274 3735 1363 3807 de
1395 3736 1607 3808 bello,
1644 3729 2056 3808 Habitabam
2086 3747 2252 3808 tunc
2277 3739 2604 3832 temporis
2636 3738 2704 3808 in
2732 3751 3081 3811 conventu
3113 3740 3446 3813 Cremone
3466 3793 3487 3831 ,
3529 3740 3601 3810 in
3633 3739 3884 3812 ordine

1061 3860 1353 3929 fratrum
1398 3858 1781 3951 minorum,
1839 3861 2004 3954 quia
2054 3862 2270 3932 frater
2307 3861 2533 3932 minor
2575 3882 2801 3952 eram,
2838 3871 2910 3934 et
2936 3862 3094 3936 ideo
3121 3862 3382 3957 optime
3416 3864 3716 3956 cognovi
3751 3862 3885 3935 hec

1064 3981 1300 4053 omnia
1330 3980 1464 4078 (⁴).
1510 3983 1685 4053 Nam
1735 4004 2007 4055 summo
2054 3983 2361 4056 diluculo
2413 3985 2642 4055 statim
2675 3985 2958 4056 suerunt
2989 3986 3487 4058 Cremonenses
3523 4009 3684 4059 cum
3716 3996 3884 4078 rege

1071 4105 1331 4176 Hencio
1368 4105 1439 4174 in
1472 4106 1759 4177 consilio
1792 4106 2193 4200 congregati
2222 4116 2294 4179 et
2327 4129 2552 4200 usque
2583 4106 2675 4178 ad
2704 4107 3106 4180 altissimam
3138 4110 3411 4182 tertiam
3442 4111 3617 4182 illud
3648 4109 3879 4182 consi·

1133 4436 1211 4506 (4)
1248 4436 1536 4493 Noscimus
1559 4451 1626 4493 ex
1643 4436 1760 4509 ipso
1779 4436 2088 4493 Salimbenii
2121 4437 2425 4495 testimonio
2443 4438 2588 4495 hunc
2613 4438 2793 4496 virum
2820 4440 3002 4498 relicta
3029 4441 3288 4499 Cremona
3309 4443 3561 4500 Parmam
3596 4458 3659 4500 se
3683 4449 3881 4500 contu-

1065 4529 1198 4587 lisse
1218 4546 1340 4587 cum
1358 4531 1472 4604 jam
1492 4531 1698 4588 obsidio
1718 4530 2061 4603 incoepisset,
2084 4538 2139 4589 et
2158 4540 2343 4605 postea
2362 4534 2483 4589 inde
2510 4534 2704 4592 exiisse
2727 4543 2787 4591 ut
2805 4536 2907 4592 iret
2922 4538 3260 4610 Lugdunum,
3283 4539 3376 4595 ubi
3403 4555 3528 4597 cum
3549 4541 3694 4612 Papa
3718 4555 3882 4612 quem

1064 4626 1290 4683 anxium
1315 4627 1540 4697 invenit,
1570 4626 1716 4683 solus
1753 4642 1877 4683 cum
1904 4626 2018 4683 solo
2042 4628 2418 4687 confabulatus
2440 4636 2547 4688 est.
2578 4631 2805 4690 Advenit
2830 4639 3011 4692 autom
3038 4635 3353 4707 Lugdunum
3380 4636 3432 4692 in
3461 4636 3600 4695 sesto
3625 4635 3880 4694 Omnium

1064 4721 1407 4794 Sanctorum,
1434 4723 1595 4795 hujus
1616 4722 1763 4779 anni.
