<?xml version="1.0" encoding="UTF-8"?>
<!DOCTYPE html PUBLIC "-//W3C//DTD XHTML 1.0 Transitional//EN"
    "http://www.w3.org/TR/xhtml1/DTD/xhtml1-transitional.dtd">
<html xmlns="http://www.w3.org/1999/xhtml" xml:lang="en" lang="en">
 <head>
  <title>
</title>
<meta http-equiv="Content-Type" content="text/html;charset=utf-8" />
  <meta name='ocr-system' content='tesseract 3.04.00' />
  <meta name='ocr-capabilities' content='ocr_page ocr_carea ocr_par ocr_line ocrx_word'/>
</head>
<body>
  <div class='ocr_page' id='page_1' title='image "./historiadiploma01empegoog_0174.png"; bbox 0 0 4525 6031; ppageno 0'>
   <div class='ocr_carea' id='block_1_1' title="bbox 1060 633 3870 733">
    <p class='ocr_par' dir='ltr' id='par_1_1' title="bbox 1060 633 3870 733">
     <span class='ocr_line' id='line_1_1' title="bbox 1060 633 3870 733; baseline 0.002 -23"><span class='ocrx_word' id='word_1_1' title='bbox 1060 649 1180 711; x_wconf 80' lang='lat'><strong>716</strong></span> <span class='ocrx_word' id='word_1_2' title='bbox 2059 645 2490 708; x_wconf 66' lang='lat' dir='ltr'><strong>tammum</strong></span> <span class='ocrx_word' id='word_1_3' title='bbox 2540 645 2885 708; x_wconf 67' lang='lat' dir='ltr'><strong>saeuum</strong></span> <span class='ocrx_word' id='word_1_4' title='bbox 3117 633 3122 644; x_wconf 80' lang='grc'><em>“</em></span> <span class='ocrx_word' id='word_1_5' title='bbox 3488 648 3652 733; x_wconf 70' lang='lat' dir='ltr'><strong>[An.</strong></span> <span class='ocrx_word' id='word_1_6' title='bbox 3690 652 3870 717; x_wconf 72' lang='lat'><strong>1249.</strong></span> 
     </span>
    </p>
   </div>
   <div class='ocr_carea' id='block_1_2' title="bbox 1052 780 3881 2601">
    <p class='ocr_par' dir='ltr' id='par_1_2' title="bbox 1052 780 3881 1372">
     <span class='ocr_line' id='line_1_2' title="bbox 1054 780 3881 877; baseline 0.001 -21"><span class='ocrx_word' id='word_1_7' title='bbox 1054 783 1579 873; x_wconf 86' lang='lat' dir='ltr'><strong>committenda;</strong></span> <span class='ocrx_word' id='word_1_8' title='bbox 1611 783 1914 877; x_wconf 87' lang='lat' dir='ltr'><strong>ideoque</strong></span> <span class='ocrx_word' id='word_1_9' title='bbox 1942 780 2374 853; x_wconf 79' lang='lat' dir='ltr'><strong>universitati</strong></span> <span class='ocrx_word' id='word_1_10' title='bbox 2406 791 2637 852; x_wconf 87' lang='lat' dir='ltr'><strong>vestre</strong></span> <span class='ocrx_word' id='word_1_11' title='bbox 2661 781 2971 854; x_wconf 87' lang='lat' dir='ltr'><strong>districte</strong></span> <span class='ocrx_word' id='word_1_12' title='bbox 2994 781 3444 877; x_wconf 80' lang='lat' dir='ltr'><strong>precipiendo</strong></span> <span class='ocrx_word' id='word_1_13' title='bbox 3467 784 3881 858; x_wconf 90' lang='lat' dir='ltr'><strong>mandamus</strong></span> 
     </span>
     <span class='ocr_line' id='line_1_3' title="bbox 1053 903 3880 1001; baseline 0.001 -23"><span class='ocrx_word' id='word_1_14' title='bbox 1053 917 1396 999; x_wconf 88' lang='lat' dir='ltr'><strong>quatenus</strong></span> <span class='ocrx_word' id='word_1_15' title='bbox 1437 908 1667 1001; x_wconf 89' lang='lat' dir='ltr'><strong>ipsum</strong></span> <span class='ocrx_word' id='word_1_16' title='bbox 1712 907 1926 978; x_wconf 93' lang='lat' dir='ltr'><strong>immo</strong></span> <span class='ocrx_word' id='word_1_17' title='bbox 1966 905 2197 1000; x_wconf 88' lang='lat' dir='ltr'><strong>potius</strong></span> <span class='ocrx_word' id='word_1_18' title='bbox 2223 924 2357 975; x_wconf 90' lang='lat' dir='ltr'><strong>nos</strong></span> <span class='ocrx_word' id='word_1_19' title='bbox 2397 903 2470 976; x_wconf 89' lang='lat' dir='ltr'><strong>in</strong></span> <span class='ocrx_word' id='word_1_20' title='bbox 2514 925 2600 976; x_wconf 90' lang='lat' dir='ltr'><strong>eo</strong></span> <span class='ocrx_word' id='word_1_21' title='bbox 2641 903 2893 977; x_wconf 85' lang='lat' dir='ltr'><strong>devote</strong></span> <span class='ocrx_word' id='word_1_22' title='bbox 2939 905 3349 1000; x_wconf 84' lang='lat' dir='ltr'><strong>recipientes</strong></span> <span class='ocrx_word' id='word_1_23' title='bbox 3389 916 3462 978; x_wconf 91' lang='lat' dir='ltr'><strong>et</strong></span> <span class='ocrx_word' id='word_1_24' title='bbox 3498 906 3880 982; x_wconf 81' lang='lat' dir='ltr'><strong>honorifice</strong></span> 
     </span>
     <span class='ocr_line' id='line_1_4' title="bbox 1052 1026 3878 1126; baseline 0.001 -26"><span class='ocrx_word' id='word_1_25' title='bbox 1052 1039 1579 1125; x_wconf 89' lang='lat' dir='ltr'><strong>pertractantes,</strong></span> <span class='ocrx_word' id='word_1_26' title='bbox 1610 1030 1840 1101; x_wconf 91' lang='lat' dir='ltr'><strong>eidem</strong></span> <span class='ocrx_word' id='word_1_27' title='bbox 1862 1039 2190 1122; x_wconf 87' lang='lat' dir='ltr'><strong>tanquam</strong></span> <span class='ocrx_word' id='word_1_28' title='bbox 2208 1027 2590 1121; x_wconf 87' lang='lat' dir='ltr'><strong>apostolico</strong></span> <span class='ocrx_word' id='word_1_29' title='bbox 2607 1029 2837 1119; x_wconf 78' lang='lat' dir='ltr'><strong>legato</strong></span> <span class='ocrx_word' id='word_1_30' title='bbox 2859 1026 3214 1100; x_wconf 90' lang='lat' dir='ltr'><strong>humiliter</strong></span> <span class='ocrx_word' id='word_1_31' title='bbox 3237 1028 3640 1121; x_wconf 88' lang='lat' dir='ltr'><strong>intendatis,</strong></span> <span class='ocrx_word' id='word_1_32' title='bbox 3663 1031 3878 1126; x_wconf 87' lang='lat' dir='ltr'><strong>ipsius</strong></span> 
     </span>
     <span class='ocr_line' id='line_1_5' title="bbox 1053 1151 3874 1250; baseline 0 -24"><span class='ocrx_word' id='word_1_33' title='bbox 1053 1154 1316 1226; x_wconf 91' lang='lat' dir='ltr'><strong>monita</strong></span> <span class='ocrx_word' id='word_1_34' title='bbox 1355 1165 1427 1226; x_wconf 85' lang='lat' dir='ltr'><strong>et</strong></span> <span class='ocrx_word' id='word_1_35' title='bbox 1460 1164 1785 1250; x_wconf 88' lang='lat' dir='ltr'><strong>precepta</strong></span> <span class='ocrx_word' id='word_1_36' title='bbox 1813 1163 1884 1225; x_wconf 91' lang='lat' dir='ltr'><strong>et</strong></span> <span class='ocrx_word' id='word_1_37' title='bbox 1910 1173 2351 1246; x_wconf 85' lang='lat' dir='ltr'><strong>quecumque</strong></span> <span class='ocrx_word' id='word_1_38' title='bbox 2380 1151 2581 1223; x_wconf 85' lang='lat' dir='ltr'><strong>vobis</strong></span> <span class='ocrx_word' id='word_1_39' title='bbox 2608 1173 2704 1223; x_wconf 84' lang='lat' dir='ltr'><strong>ex</strong></span> <span class='ocrx_word' id='word_1_40' title='bbox 2739 1162 2935 1246; x_wconf 83' lang='lat' dir='ltr'><strong>parte</strong></span> <span class='ocrx_word' id='word_1_41' title='bbox 2976 1161 3214 1225; x_wconf 88' lang='lat' dir='ltr'><strong>nostra</strong></span> <span class='ocrx_word' id='word_1_42' title='bbox 3249 1153 3632 1245; x_wconf 83' lang='lat' dir='ltr'><strong>injunxerit</strong></span> <span class='ocrx_word' id='word_1_43' title='bbox 3660 1153 3874 1227; x_wconf 84' lang='lat' dir='ltr'><strong>firmi·</strong></span> 
     </span>
     <span class='ocr_line' id='line_1_6' title="bbox 1058 1273 3865 1372; baseline 0 -24"><span class='ocrx_word' id='word_1_44' title='bbox 1058 1288 1161 1348; x_wconf 86' lang='lat' dir='ltr'><strong>ter</strong></span> <span class='ocrx_word' id='word_1_45' title='bbox 1192 1276 1677 1372; x_wconf 88' lang='lat' dir='ltr'><strong>adimplendo;</strong></span> <span class='ocrx_word' id='word_1_46' title='bbox 1706 1276 2019 1370; x_wconf 89' lang='lat' dir='ltr'><strong>alioquin</strong></span> <span class='ocrx_word' id='word_1_47' title='bbox 2051 1275 2497 1363; x_wconf 87' lang='lat' dir='ltr'><strong>sententiam,</strong></span> <span class='ocrx_word' id='word_1_48' title='bbox 2519 1295 2729 1367; x_wconf 91' lang='lat' dir='ltr'><strong>quam</strong></span> <span class='ocrx_word' id='word_1_49' title='bbox 2759 1273 2949 1347; x_wconf 90' lang='lat' dir='ltr'><strong>idem</strong></span> <span class='ocrx_word' id='word_1_50' title='bbox 2978 1275 3214 1348; x_wconf 90' lang='lat' dir='ltr'><strong>tulerit</strong></span> <span class='ocrx_word' id='word_1_51' title='bbox 3241 1275 3315 1346; x_wconf 92' lang='lat' dir='ltr'><strong>in</strong></span> <span class='ocrx_word' id='word_1_52' title='bbox 3341 1276 3637 1348; x_wconf 85' lang='lat' dir='ltr'><strong>rebelles</strong></span> <span class='ocrx_word' id='word_1_53' title='bbox 3658 1329 3681 1367; x_wconf 95' lang='lat'><strong>,</strong></span> <span class='ocrx_word' id='word_1_54' title='bbox 3729 1286 3865 1348; x_wconf 87' lang='lat' dir='ltr'><strong>etc.</strong></span> 
     </span>
    </p>

    <p class='ocr_par' dir='ltr' id='par_1_3' title="bbox 1148 1397 2801 1491">
     <span class='ocr_line' id='line_1_7' title="bbox 1148 1397 2801 1491; baseline -0.003 -19"><span class='ocrx_word' id='word_1_55' title='bbox 1148 1401 1403 1472; x_wconf 88' lang='lat' dir='ltr'><strong>Datum</strong></span> <span class='ocrx_word' id='word_1_56' title='bbox 1434 1401 1782 1491; x_wconf 83' lang='lat' dir='ltr'><strong>Lugduni,</strong></span> <span class='ocrx_word' id='word_1_57' title='bbox 1812 1400 1927 1471; x_wconf 85' lang='lat' dir='ltr'><strong>vn</strong></span> <span class='ocrx_word' id='word_1_58' title='bbox 1962 1399 2120 1470; x_wconf 89' lang='lat' dir='ltr'><strong>idus</strong></span> <span class='ocrx_word' id='word_1_59' title='bbox 2145 1398 2408 1491; x_wconf 81' lang='lat' dir='ltr'><strong>aprilis,</strong></span> <span class='ocrx_word' id='word_1_60' title='bbox 2440 1417 2625 1469; x_wconf 90' lang='lat' dir='ltr'><strong>anno</strong></span> <span class='ocrx_word' id='word_1_61' title='bbox 2655 1397 2801 1469; x_wconf 77' lang='lat' dir='ltr'><strong>V10.</strong></span> 
     </span>
    </p>

    <p class='ocr_par' dir='ltr' id='par_1_4' title="bbox 1052 1521 3879 1740">
     <span class='ocr_line' id='line_1_8' title="bbox 1147 1521 3879 1617; baseline 0 -23"><span class='ocrx_word' id='word_1_62' title='bbox 1147 1522 1317 1594; x_wconf 87' lang='lat' dir='ltr'><strong>Fere</strong></span> <span class='ocrx_word' id='word_1_63' title='bbox 1345 1523 1418 1593; x_wconf 93' lang='lat' dir='ltr'><strong>in</strong></span> <span class='ocrx_word' id='word_1_64' title='bbox 1442 1522 1768 1594; x_wconf 88' lang='lat' dir='ltr'><strong>eumdem</strong></span> <span class='ocrx_word' id='word_1_65' title='bbox 1798 1522 2085 1594; x_wconf 91' lang='lat' dir='ltr'><strong>modum</strong></span> <span class='ocrx_word' id='word_1_66' title='bbox 2111 1521 2443 1615; x_wconf 87' lang='lat' dir='ltr'><strong>scriptum</strong></span> <span class='ocrx_word' id='word_1_67' title='bbox 2467 1530 2573 1592; x_wconf 91' lang='lat' dir='ltr'><strong>est</strong></span> <span class='ocrx_word' id='word_1_68' title='bbox 2596 1521 3003 1610; x_wconf 82' lang='lat' dir='ltr'><strong>baronibus,</strong></span> <span class='ocrx_word' id='word_1_69' title='bbox 3025 1521 3400 1614; x_wconf 90' lang='lat' dir='ltr'><strong>nobilibus,</strong></span> <span class='ocrx_word' id='word_1_70' title='bbox 3422 1522 3879 1617; x_wconf 86' lang='lat' dir='ltr'><strong>potestatibus</strong></span> 
     </span>
     <span class='ocr_line' id='line_1_9' title="bbox 1052 1643 3274 1740; baseline -0.001 -24"><span class='ocrx_word' id='word_1_71' title='bbox 1052 1656 1125 1717; x_wconf 88' lang='lat' dir='ltr'><strong>et</strong></span> <span class='ocrx_word' id='word_1_72' title='bbox 1150 1645 1547 1717; x_wconf 88' lang='lat' dir='ltr'><strong>civitatibus</strong></span> <span class='ocrx_word' id='word_1_73' title='bbox 1576 1645 1927 1717; x_wconf 88' lang='lat' dir='ltr'><strong>marchiae</strong></span> <span class='ocrx_word' id='word_1_74' title='bbox 1954 1644 2432 1717; x_wconf 88' lang='lat' dir='ltr'><strong>Anconitanae</strong></span> <span class='ocrx_word' id='word_1_75' title='bbox 2461 1654 2533 1715; x_wconf 88' lang='lat' dir='ltr'><strong>et</strong></span> <span class='ocrx_word' id='word_1_76' title='bbox 2560 1643 2854 1716; x_wconf 87' lang='lat' dir='ltr'><strong>ducatus</strong></span> <span class='ocrx_word' id='word_1_77' title='bbox 2885 1645 3274 1740; x_wconf 83' lang='lat' dir='ltr'><strong>Spoletani;</strong></span> 
     </span>
    </p>

    <p class='ocr_par' dir='ltr' id='par_1_5' title="bbox 1054 1766 3877 1982">
     <span class='ocr_line' id='line_1_10' title="bbox 1145 1766 3877 1864; baseline -0 -25"><span class='ocrx_word' id='word_1_78' title='bbox 1145 1768 1556 1858; x_wconf 73' lang='lat' dir='ltr'><strong>Batonibus,</strong></span> <span class='ocrx_word' id='word_1_79' title='bbox 1599 1768 2081 1864; x_wconf 82' lang='lat' dir='ltr'><strong>potestatibus,</strong></span> <span class='ocrx_word' id='word_1_80' title='bbox 2110 1766 2520 1856; x_wconf 87' lang='lat' dir='ltr'><strong>rectoribus,</strong></span> <span class='ocrx_word' id='word_1_81' title='bbox 2554 1776 2726 1858; x_wconf 64' lang='lat' dir='ltr'><strong>etc„</strong></span> <span class='ocrx_word' id='word_1_82' title='bbox 2752 1789 2877 1862; x_wconf 90' lang='lat' dir='ltr'><strong>per</strong></span> <span class='ocrx_word' id='word_1_83' title='bbox 2902 1768 3347 1861; x_wconf 88' lang='lat' dir='ltr'><strong>Campaniam</strong></span> <span class='ocrx_word' id='word_1_84' title='bbox 3373 1776 3446 1838; x_wconf 89' lang='lat' dir='ltr'><strong>et</strong></span> <span class='ocrx_word' id='word_1_85' title='bbox 3463 1767 3877 1839; x_wconf 85' lang='lat' dir='ltr'><strong>Maritimam</strong></span> 
     </span>
     <span class='ocr_line' id='line_1_11' title="bbox 1054 1891 1479 1982; baseline 0 -20"><span class='ocrx_word' id='word_1_86' title='bbox 1054 1891 1479 1982; x_wconf 86' lang='lat' dir='ltr'><strong>constitutis;</strong></span> 
     </span>
    </p>

    <p class='ocr_par' dir='ltr' id='par_1_6' title="bbox 1058 2013 3878 2226">
     <span class='ocr_line' id='line_1_12' title="bbox 1153 2013 3878 2108; baseline 0 -22"><span class='ocrx_word' id='word_1_87' title='bbox 1153 2015 1503 2087; x_wconf 86' lang='lat' dir='ltr'><strong>Universis</strong></span> <span class='ocrx_word' id='word_1_88' title='bbox 1565 2013 1889 2087; x_wconf 86' lang='lat' dir='ltr'><strong>fidelibus</strong></span> <span class='ocrx_word' id='word_1_89' title='bbox 1940 2015 2290 2086; x_wconf 86' lang='lat' dir='ltr'><strong>Ecclesiae</strong></span> <span class='ocrx_word' id='word_1_90' title='bbox 2335 2034 2462 2108; x_wconf 88' lang='lat' dir='ltr'><strong>per</strong></span> <span class='ocrx_word' id='word_1_91' title='bbox 2503 2013 2998 2085; x_wconf 86' lang='lat' dir='ltr'><strong>Patrimonium</strong></span> <span class='ocrx_word' id='word_1_92' title='bbox 3053 2014 3240 2086; x_wconf 91' lang='lat' dir='ltr'><strong>beati</strong></span> <span class='ocrx_word' id='word_1_93' title='bbox 3288 2015 3470 2086; x_wconf 89' lang='lat' dir='ltr'><strong>Petri</strong></span> <span class='ocrx_word' id='word_1_94' title='bbox 3513 2016 3587 2086; x_wconf 92' lang='lat' dir='ltr'><strong>in</strong></span> <span class='ocrx_word' id='word_1_95' title='bbox 3632 2014 3878 2087; x_wconf 78' lang='lat' dir='ltr'><strong>Tuscia</strong></span> 
     </span>
     <span class='ocr_line' id='line_1_13' title="bbox 1058 2139 1481 2226; baseline -0.007 -15"><span class='ocrx_word' id='word_1_96' title='bbox 1058 2139 1481 2226; x_wconf 84' lang='lat' dir='ltr'><strong>constitutis;</strong></span> 
     </span>
    </p>

    <p class='ocr_par' dir='ltr' id='par_1_7' title="bbox 1156 2260 2246 2350">
     <span class='ocr_line' id='line_1_14' title="bbox 1156 2260 2246 2350; baseline -0.002 -17"><span class='ocrx_word' id='word_1_97' title='bbox 1156 2261 1413 2333; x_wconf 87' lang='lat' dir='ltr'><strong>Abbati</strong></span> <span class='ocrx_word' id='word_1_98' title='bbox 1446 2261 1842 2331; x_wconf 86' lang='lat' dir='ltr'><strong>monasterii</strong></span> <span class='ocrx_word' id='word_1_99' title='bbox 1872 2260 2246 2350; x_wconf 79' lang='lat' dir='ltr'><strong>Farfensis3</strong></span> 
     </span>
    </p>

    <p class='ocr_par' dir='ltr' id='par_1_8' title="bbox 1058 2381 3880 2601">
     <span class='ocr_line' id='line_1_15' title="bbox 1156 2381 3880 2479; baseline -0.001 -23"><span class='ocrx_word' id='word_1_100' title='bbox 1156 2384 1497 2479; x_wconf 91' lang='lat' dir='ltr'><strong>Episcopo</strong></span> <span class='ocrx_word' id='word_1_101' title='bbox 1541 2383 1872 2472; x_wconf 89' lang='lat' dir='ltr'><strong>Ostiensi,</strong></span> <span class='ocrx_word' id='word_1_102' title='bbox 1908 2381 2373 2454; x_wconf 86' lang='lat' dir='ltr'><strong>cardinalibus</strong></span> <span class='ocrx_word' id='word_1_103' title='bbox 2411 2382 2706 2454; x_wconf 88' lang='lat' dir='ltr'><strong>Sanctae</strong></span> <span class='ocrx_word' id='word_1_104' title='bbox 2740 2382 2998 2453; x_wconf 87' lang='lat' dir='ltr'><strong>Mariae</strong></span> <span class='ocrx_word' id='word_1_105' title='bbox 3028 2382 3518 2454; x_wconf 86' lang='lat' dir='ltr'><strong>Transtiberim</strong></span> <span class='ocrx_word' id='word_1_106' title='bbox 3550 2393 3623 2455; x_wconf 88' lang='lat' dir='ltr'><strong>et</strong></span> <span class='ocrx_word' id='word_1_107' title='bbox 3646 2381 3880 2456; x_wconf 86' lang='lat' dir='ltr'><strong>Sancti</strong></span> 
     </span>
     <span class='ocr_line' id='line_1_16' title="bbox 1058 2501 2582 2601; baseline -0.005 -21"><span class='ocrx_word' id='word_1_108' title='bbox 1058 2507 1334 2601; x_wconf 79' lang='lat' dir='ltr'><strong>Angeli,</strong></span> <span class='ocrx_word' id='word_1_109' title='bbox 1369 2527 1645 2579; x_wconf 92' lang='lat' dir='ltr'><strong>necnon</strong></span> <span class='ocrx_word' id='word_1_110' title='bbox 1684 2516 1756 2577; x_wconf 89' lang='lat' dir='ltr'><strong>et</strong></span> <span class='ocrx_word' id='word_1_111' title='bbox 1786 2505 2090 2579; x_wconf 89' lang='lat' dir='ltr'><strong>senatori</strong></span> <span class='ocrx_word' id='word_1_112' title='bbox 2115 2507 2429 2579; x_wconf 86' lang='lat' dir='ltr'><strong>Romano</strong></span> <span class='ocrx_word' id='word_1_113' title='bbox 2452 2503 2513 2600; x_wconf 77' lang='grc'><strong>(4</strong></span> <span class='ocrx_word' id='word_1_114' title='bbox 2529 2501 2582 2598; x_wconf 92' lang='grc'><strong>).</strong></span> 
     </span>
    </p>
   </div>
   <div class='ocr_carea' id='block_1_3' title="bbox 1479 2857 3439 2869">
    <p class='ocr_par' dir='ltr' id='par_1_9' title="bbox 1479 2857 3439 2869">
     <span class='ocr_line' id='line_1_17' title="bbox 1479 2857 3439 2869; baseline 0.002 -4"><span class='ocrx_word' id='word_1_115' title='bbox 1479 2857 1535 2866; x_wconf 79' lang='lat'>-</span> <span class='ocrx_word' id='word_1_116' title='bbox 1558 2858 2201 2866; x_wconf 54' lang='lat'><strong>··..—-—0-—.-⁴---——--.-</strong></span> <span class='ocrx_word' id='word_1_117' title='bbox 2221 2858 2392 2866; x_wconf 64' lang='lat'><strong>..—--..-..-</strong></span> <span class='ocrx_word' id='word_1_118' title='bbox 2405 2859 2492 2865; x_wconf 66' lang='lat'><strong>-.-.-</strong></span> <span class='ocrx_word' id='word_1_119' title='bbox 2519 2860 2528 2865; x_wconf 89' lang='lat'>-</span> <span class='ocrx_word' id='word_1_120' title='bbox 2543 2857 3439 2869; x_wconf 45' lang='grc' dir='ltr'><strong>-Ἲ--.-..--,.,-.-.-..-.-....----σ</strong></span> 
     </span>
    </p>
   </div>
   <div class='ocr_carea' id='block_1_4' title="bbox 1056 3121 3882 3760">
    <p class='ocr_par' dir='ltr' id='par_1_10' title="bbox 1056 3121 3882 3760">
     <span class='ocr_line' id='line_1_18' title="bbox 1161 3121 3877 3237; baseline 0 -28"><span class='ocrx_word' id='word_1_121' title='bbox 1161 3121 1642 3210; x_wconf 87' lang='lat' dir='ltr'><strong>Innocentius</strong></span> <span class='ocrx_word' id='word_1_122' title='bbox 1679 3154 1877 3237; x_wconf 92' lang='lat' dir='ltr'><strong>papa</strong></span> <span class='ocrx_word' id='word_1_123' title='bbox 1921 3127 2142 3210; x_wconf 88' lang='lat' dir='ltr'><strong>Petro</strong></span> <span class='ocrx_word' id='word_1_124' title='bbox 2187 3126 2558 3208; x_wconf 88' lang='lat' dir='ltr'><strong>cardinali</strong></span> <span class='ocrx_word' id='word_1_125' title='bbox 2611 3125 2867 3207; x_wconf 89' lang='lat' dir='ltr'><strong>Sancti</strong></span> <span class='ocrx_word' id='word_1_126' title='bbox 2906 3125 3206 3235; x_wconf 86' lang='lat' dir='ltr'><strong>Georgii</strong></span> <span class='ocrx_word' id='word_1_127' title='bbox 3253 3127 3352 3209; x_wconf 88' lang='lat' dir='ltr'><strong>ad</strong></span> <span class='ocrx_word' id='word_1_128' title='bbox 3386 3126 3661 3209; x_wconf 90' lang='lat' dir='ltr'><strong>Velum</strong></span> <span class='ocrx_word' id='word_1_129' title='bbox 3698 3125 3877 3209; x_wconf 87' lang='lat' dir='ltr'><strong>Au-</strong></span> 
     </span>
     <span class='ocr_line' id='line_1_19' title="bbox 1056 3257 3878 3368; baseline 0 -28"><span class='ocrx_word' id='word_1_130' title='bbox 1056 3284 1271 3340; x_wconf 88' lang='lat' dir='ltr'><strong>reum</strong></span> <span class='ocrx_word' id='word_1_131' title='bbox 1329 3268 1776 3367; x_wconf 85' lang='lat' dir='ltr'><strong>potestatem</strong></span> <span class='ocrx_word' id='word_1_132' title='bbox 1830 3260 1964 3341; x_wconf 89' lang='lat' dir='ltr'><strong>dat</strong></span> <span class='ocrx_word' id='word_1_133' title='bbox 2012 3258 2499 3366; x_wconf 86' lang='lat' dir='ltr'><strong>promittendi</strong></span> <span class='ocrx_word' id='word_1_134' title='bbox 2547 3258 2902 3367; x_wconf 88' lang='lat' dir='ltr'><strong>praelatis</strong></span> <span class='ocrx_word' id='word_1_135' title='bbox 2939 3268 3015 3341; x_wconf 85' lang='lat' dir='ltr'><strong>et</strong></span> <span class='ocrx_word' id='word_1_136' title='bbox 3049 3258 3516 3368; x_wconf 87' lang='lat' dir='ltr'><strong>principibus</strong></span> <span class='ocrx_word' id='word_1_137' title='bbox 3564 3257 3878 3341; x_wconf 90' lang='lat' dir='ltr'><strong>secula-</strong></span> 
     </span>
     <span class='ocr_line' id='line_1_20' title="bbox 1057 3388 3881 3500; baseline 0.002 -30"><span class='ocrx_word' id='word_1_138' title='bbox 1057 3388 1270 3471; x_wconf 88' lang='lat' dir='ltr'><strong>ribus</strong></span> <span class='ocrx_word' id='word_1_139' title='bbox 1330 3391 1539 3500; x_wconf 88' lang='lat' dir='ltr'><strong>quod</strong></span> <span class='ocrx_word' id='word_1_140' title='bbox 1594 3415 1990 3499; x_wconf 91' lang='lat' dir='ltr'><strong>nunquam</strong></span> <span class='ocrx_word' id='word_1_141' title='bbox 2048 3391 2209 3499; x_wconf 89' lang='lat' dir='ltr'><strong>ipse</strong></span> <span class='ocrx_word' id='word_1_142' title='bbox 2258 3392 2378 3473; x_wconf 85' lang='lat' dir='ltr'><strong>vel</strong></span> <span class='ocrx_word' id='word_1_143' title='bbox 2433 3390 2704 3473; x_wconf 88' lang='lat' dir='ltr'><strong>fratres</strong></span> <span class='ocrx_word' id='word_1_144' title='bbox 2752 3390 2867 3473; x_wconf 87' lang='lat' dir='ltr'><strong>sui</strong></span> <span class='ocrx_word' id='word_1_145' title='bbox 2930 3415 3194 3500; x_wconf 87' lang='lat' dir='ltr'><strong>pacem</strong></span> <span class='ocrx_word' id='word_1_146' title='bbox 3254 3416 3430 3472; x_wconf 92' lang='lat' dir='ltr'><strong>cum</strong></span> <span class='ocrx_word' id='word_1_147' title='bbox 3489 3389 3881 3475; x_wconf 85' lang='lat' dir='ltr'><strong>Frederico</strong></span> 
     </span>
     <span class='ocr_line' id='line_1_21' title="bbox 1056 3519 3882 3631; baseline 0.001 -30"><span class='ocrx_word' id='word_1_148' title='bbox 1056 3519 1622 3627; x_wconf 83' lang='lat' dir='ltr'><strong>reformabunt,</strong></span> <span class='ocrx_word' id='word_1_149' title='bbox 1661 3521 1769 3602; x_wconf 86' lang='lat' dir='ltr'><strong>ita</strong></span> <span class='ocrx_word' id='word_1_150' title='bbox 1806 3522 2016 3631; x_wconf 88' lang='lat' dir='ltr'><strong>quod</strong></span> <span class='ocrx_word' id='word_1_151' title='bbox 2048 3521 2491 3606; x_wconf 87' lang='lat' dir='ltr'><strong>Fredericus</strong></span> <span class='ocrx_word' id='word_1_152' title='bbox 2527 3522 2647 3605; x_wconf 82' lang='lat' dir='ltr'><strong>vel</strong></span> <span class='ocrx_word' id='word_1_153' title='bbox 2685 3521 2963 3631; x_wconf 89' lang='lat' dir='ltr'><strong>aliquis</strong></span> <span class='ocrx_word' id='word_1_154' title='bbox 2998 3522 3332 3606; x_wconf 85' lang='lat' dir='ltr'><strong>filiorum</strong></span> <span class='ocrx_word' id='word_1_155' title='bbox 3368 3521 3533 3631; x_wconf 89' lang='lat' dir='ltr'><strong>ejus</strong></span> <span class='ocrx_word' id='word_1_156' title='bbox 3577 3548 3713 3607; x_wconf 87' lang='lat' dir='ltr'><strong>rex</strong></span> <span class='ocrx_word' id='word_1_157' title='bbox 3747 3532 3882 3607; x_wconf 88' lang='lat' dir='ltr'><strong>aut</strong></span> 
     </span>
     <span class='ocr_line' id='line_1_22' title="bbox 1056 3652 1798 3760; baseline 0.003 -29"><span class='ocrx_word' id='word_1_158' title='bbox 1056 3652 1469 3760; x_wconf 87' lang='lat' dir='ltr'><strong>imperator</strong></span> <span class='ocrx_word' id='word_1_159' title='bbox 1501 3652 1798 3735; x_wconf 86' lang='lat' dir='ltr'><strong>existat.</strong></span> 
     </span>
    </p>
   </div>
   <div class='ocr_carea' id='block_1_5' title="bbox 1214 3889 3877 4077">
    <p class='ocr_par' dir='ltr' id='par_1_11' title="bbox 1214 3889 3877 4077">
     <span class='ocr_line' id='line_1_23' title="bbox 1214 3889 3876 3972; baseline 0 -20"><span class='ocrx_word' id='word_1_160' title='bbox 1214 3892 1463 3967; x_wconf 88' lang='lat' dir='ltr'><strong>(Inedit.</strong></span> <span class='ocrx_word' id='word_1_161' title='bbox 1512 3911 1590 3955; x_wconf 86' lang='lat' dir='ltr'><strong>ex</strong></span> <span class='ocrx_word' id='word_1_162' title='bbox 1634 3894 1767 3954; x_wconf 85' lang='lat' dir='ltr'><strong>cod.</strong></span> <span class='ocrx_word' id='word_1_163' title='bbox 1796 3893 1949 3955; x_wconf 84' lang='lat' dir='ltr'><strong>Bibl.</strong></span> <span class='ocrx_word' id='word_1_164' title='bbox 1992 3893 2188 3955; x_wconf 78' lang='lat' dir='ltr'><strong>Cesar.</strong></span> <span class='ocrx_word' id='word_1_165' title='bbox 2222 3892 2431 3968; x_wconf 58' lang='lat' dir='ltr'><strong>Paris„</strong></span> <span class='ocrx_word' id='word_1_166' title='bbox 2474 3890 2805 3970; x_wconf 55' lang='lat' dir='ltr'><strong>anasonds</strong></span> <span class='ocrx_word' id='word_1_167' title='bbox 2830 3889 3016 3972; x_wconf 71' lang='lat' dir='ltr'><strong>latin,</strong></span> <span class='ocrx_word' id='word_1_168' title='bbox 3059 3901 3126 3953; x_wconf 72' lang='grc' dir='ltr'><strong>η’</strong></span> <span class='ocrx_word' id='word_1_169' title='bbox 3169 3901 3351 3966; x_wconf 76' lang='grc'><strong>4039,</strong></span> <span class='ocrx_word' id='word_1_170' title='bbox 3409 3892 3589 3953; x_wconf 70' lang='lat' dir='ltr'><strong>litter.</strong></span> <span class='ocrx_word' id='word_1_171' title='bbox 3639 3895 3876 3967; x_wconf 68' lang='lat' dir='ltr'><strong>curtal„</strong></span> 
     </span>
     <span class='ocr_line' id='line_1_24' title="bbox 1294 3997 3877 4077; baseline 0 -18"><span class='ocrx_word' id='word_1_172' title='bbox 1294 4006 1363 4059; x_wconf 72' lang='grc' dir='ltr'><strong>η’</strong></span> <span class='ocrx_word' id='word_1_173' title='bbox 1386 3997 1514 4077; x_wconf 84' lang='grc' dir='ltr'><strong>4ο.)</strong></span> <span class='ocrx_word' id='word_1_174' title='bbox 3871 4028 3877 4034; x_wconf 46' lang='grc'><em>’</em></span> 
     </span>
    </p>
   </div>
   <div class='ocr_carea' id='block_1_6' title="bbox 1066 4163 1327 4175">
    <p class='ocr_par' dir='ltr' id='par_1_12' title="bbox 1066 4163 1327 4175">
     <span class='ocr_line' id='line_1_25' title="bbox 1066 4163 1327 4175; baseline 0 0"><span class='ocrx_word' id='word_1_175' title='bbox 1066 4163 1327 4175; x_wconf 95' lang='lat' dir='ltr'><strong> </strong></span> 
     </span>
    </p>
   </div>
   <div class='ocr_carea' id='block_1_7' title="bbox 1052 4245 3881 4805">
    <p class='ocr_par' dir='ltr' id='par_1_13' title="bbox 1052 4245 3881 4515">
     <span class='ocr_line' id='line_1_26' title="bbox 1125 4245 3879 4322; baseline 0 -20"><span class='ocrx_word' id='word_1_176' title='bbox 1125 4248 1195 4321; x_wconf 74' lang='grc'><strong>(4)</strong></span> <span class='ocrx_word' id='word_1_177' title='bbox 1231 4247 1499 4317; x_wconf 88' lang='lat' dir='ltr'><strong>Quasdam</strong></span> <span class='ocrx_word' id='word_1_178' title='bbox 1516 4247 1649 4305; x_wconf 88' lang='lat' dir='ltr'><strong>alias</strong></span> <span class='ocrx_word' id='word_1_179' title='bbox 1672 4248 1963 4305; x_wconf 82' lang='lat' dir='ltr'><strong>Innocentii</strong></span> <span class='ocrx_word' id='word_1_180' title='bbox 1986 4262 2162 4322; x_wconf 88' lang='lat' dir='ltr'><strong>papae</strong></span> <span class='ocrx_word' id='word_1_181' title='bbox 2187 4247 2444 4321; x_wconf 81' lang='lat' dir='ltr'><strong>epistolas</strong></span> <span class='ocrx_word' id='word_1_182' title='bbox 2469 4248 2558 4305; x_wconf 90' lang='lat' dir='ltr'><strong>hic</strong></span> <span class='ocrx_word' id='word_1_183' title='bbox 2575 4247 2944 4305; x_wconf 85' lang='lat' dir='ltr'><strong>tantummodo</strong></span> <span class='ocrx_word' id='word_1_184' title='bbox 2966 4262 3348 4319; x_wconf 81' lang='lat' dir='ltr'><strong>memoramus,</strong></span> <span class='ocrx_word' id='word_1_185' title='bbox 3374 4246 3609 4305; x_wconf 84' lang='lat' dir='ltr'><strong>scilicet:</strong></span> <span class='ocrx_word' id='word_1_186' title='bbox 3628 4245 3700 4303; x_wconf 88' lang='lat' dir='ltr'><strong>ad</strong></span> <span class='ocrx_word' id='word_1_187' title='bbox 3725 4260 3879 4304; x_wconf 86' lang='lat' dir='ltr'><strong>eum-</strong></span> 
     </span>
     <span class='ocr_line' id='line_1_27' title="bbox 1054 4341 3881 4418; baseline -0.001 -16"><span class='ocrx_word' id='word_1_188' title='bbox 1054 4345 1176 4402; x_wconf 86' lang='lat' dir='ltr'><strong>dem</strong></span> <span class='ocrx_word' id='word_1_189' title='bbox 1199 4344 1383 4402; x_wconf 88' lang='lat' dir='ltr'><strong>Sancti</strong></span> <span class='ocrx_word' id='word_1_190' title='bbox 1409 4345 1621 4417; x_wconf 80' lang='lat' dir='ltr'><strong>Georgii</strong></span> <span class='ocrx_word' id='word_1_191' title='bbox 1646 4344 1969 4402; x_wconf 85' lang='lat' dir='ltr'><strong>cardinalem</strong></span> <span class='ocrx_word' id='word_1_192' title='bbox 1994 4350 2055 4402; x_wconf 90' lang='lat' dir='ltr'><strong>ut</strong></span> <span class='ocrx_word' id='word_1_193' title='bbox 2093 4346 2149 4401; x_wconf 90' lang='lat' dir='ltr'><strong>in</strong></span> <span class='ocrx_word' id='word_1_194' title='bbox 2184 4344 2436 4402; x_wconf 89' lang='lat' dir='ltr'><strong>omnibus</strong></span> <span class='ocrx_word' id='word_1_195' title='bbox 2468 4346 2629 4402; x_wconf 90' lang='lat' dir='ltr'><strong>terris</strong></span> <span class='ocrx_word' id='word_1_196' title='bbox 2662 4360 2792 4402; x_wconf 89' lang='lat' dir='ltr'><strong>suae</strong></span> <span class='ocrx_word' id='word_1_197' title='bbox 2829 4343 3083 4417; x_wconf 82' lang='lat' dir='ltr'><strong>legationi</strong></span> <span class='ocrx_word' id='word_1_198' title='bbox 3116 4343 3642 4418; x_wconf 80' lang='lat' dir='ltr'><strong>commissiscopias</strong></span> <span class='ocrx_word' id='word_1_199' title='bbox 3664 4341 3881 4417; x_wconf 79' lang='lat' dir='ltr'><strong>colligat</strong></span> 
     </span>
     <span class='ocr_line' id='line_1_28' title="bbox 1052 4439 3071 4515; baseline 0 -16"><span class='ocrx_word' id='word_1_200' title='bbox 1052 4439 1121 4499; x_wconf 87' lang='lat' dir='ltr'><strong>ad</strong></span> <span class='ocrx_word' id='word_1_201' title='bbox 1147 4456 1373 4513; x_wconf 85' lang='lat' dir='ltr'><strong>reguum</strong></span> <span class='ocrx_word' id='word_1_202' title='bbox 1397 4441 1606 4499; x_wconf 89' lang='lat' dir='ltr'><strong>Siciliae</strong></span> <span class='ocrx_word' id='word_1_203' title='bbox 1629 4440 2010 4499; x_wconf 83' lang='lat' dir='ltr'><strong>invadendum.</strong></span> <span class='ocrx_word' id='word_1_204' title='bbox 2034 4443 2306 4515; x_wconf 84' lang='lat' dir='ltr'><strong>Lugduni,</strong></span> <span class='ocrx_word' id='word_1_205' title='bbox 2336 4443 2385 4501; x_wconf 87' lang='lat' dir='ltr'>V</span> <span class='ocrx_word' id='word_1_206' title='bbox 2414 4442 2538 4500; x_wconf 88' lang='lat' dir='ltr'><strong>idus</strong></span> <span class='ocrx_word' id='word_1_207' title='bbox 2560 4442 2746 4515; x_wconf 87' lang='lat' dir='ltr'><strong>aprilis</strong></span> <span class='ocrx_word' id='word_1_208' title='bbox 2774 4445 2824 4513; x_wconf 85' lang='grc'><strong>(9</strong></span> <span class='ocrx_word' id='word_1_209' title='bbox 2851 4440 3071 4515; x_wconf 87' lang='lat' dir='ltr'><strong>aprilis).</strong></span> 
     </span>
    </p>

    <p class='ocr_par' dir='ltr' id='par_1_14' title="bbox 1052 4537 3881 4805">
     <span class='ocr_line' id='line_1_29' title="bbox 1124 4537 3880 4612; baseline 0 -19"><span class='ocrx_word' id='word_1_210' title='bbox 1124 4537 1208 4594; x_wconf 76' lang='lat' dir='ltr'><strong>Ad</strong></span> <span class='ocrx_word' id='word_1_211' title='bbox 1244 4537 1495 4595; x_wconf 88' lang='lat' dir='ltr'><strong>eumdem</strong></span> <span class='ocrx_word' id='word_1_212' title='bbox 1529 4544 1589 4593; x_wconf 93' lang='lat' dir='ltr'><strong>ut</strong></span> <span class='ocrx_word' id='word_1_213' title='bbox 1625 4554 1725 4610; x_wconf 87' lang='lat' dir='ltr'><strong>pro</strong></span> <span class='ocrx_word' id='word_1_214' title='bbox 1764 4540 2012 4612; x_wconf 81' lang='lat' dir='ltr'><strong>expensis</strong></span> <span class='ocrx_word' id='word_1_215' title='bbox 2047 4539 2209 4611; x_wconf 84' lang='lat' dir='ltr'><strong>hujus</strong></span> <span class='ocrx_word' id='word_1_216' title='bbox 2250 4539 2375 4596; x_wconf 88' lang='lat' dir='ltr'><strong>belli</strong></span> <span class='ocrx_word' id='word_1_217' title='bbox 2409 4539 2595 4595; x_wconf 89' lang='lat' dir='ltr'><strong>decem</strong></span> <span class='ocrx_word' id='word_1_218' title='bbox 2631 4538 2794 4595; x_wconf 88' lang='lat' dir='ltr'><strong>millia</strong></span> <span class='ocrx_word' id='word_1_219' title='bbox 2826 4552 3131 4596; x_wconf 85' lang='lat' dir='ltr'><strong>marcarum</strong></span> <span class='ocrx_word' id='word_1_220' title='bbox 3169 4537 3376 4611; x_wconf 77' lang='lat' dir='ltr'><strong>argenti</strong></span> <span class='ocrx_word' id='word_1_221' title='bbox 3410 4553 3578 4612; x_wconf 83' lang='lat' dir='ltr'><strong>super</strong></span> <span class='ocrx_word' id='word_1_222' title='bbox 3610 4541 3791 4596; x_wconf 84' lang='lat' dir='ltr'><strong>castra</strong></span> <span class='ocrx_word' id='word_1_223' title='bbox 3821 4541 3880 4594; x_wconf 84' lang='lat' dir='ltr'><strong>et</strong></span> 
     </span>
     <span class='ocr_line' id='line_1_30' title="bbox 1053 4631 3881 4709; baseline 0 -18"><span class='ocrx_word' id='word_1_224' title='bbox 1053 4642 1224 4692; x_wconf 84' lang='lat' dir='ltr'><strong>terras</strong></span> <span class='ocrx_word' id='word_1_225' title='bbox 1250 4634 1404 4692; x_wconf 90' lang='lat' dir='ltr'><strong>urbis</strong></span> <span class='ocrx_word' id='word_1_226' title='bbox 1425 4635 1657 4703; x_wconf 86' lang='lat' dir='ltr'><strong>Romae,</strong></span> <span class='ocrx_word' id='word_1_227' title='bbox 1687 4640 1743 4691; x_wconf 88' lang='lat' dir='ltr'><strong>et</strong></span> <span class='ocrx_word' id='word_1_228' title='bbox 1766 4635 1955 4692; x_wconf 87' lang='lat' dir='ltr'><strong>decem</strong></span> <span class='ocrx_word' id='word_1_229' title='bbox 1981 4635 2148 4691; x_wconf 89' lang='lat' dir='ltr'><strong>millia</strong></span> <span class='ocrx_word' id='word_1_230' title='bbox 2171 4635 2359 4693; x_wconf 83' lang='lat' dir='ltr'><strong>uncias</strong></span> <span class='ocrx_word' id='word_1_231' title='bbox 2392 4635 2509 4692; x_wconf 89' lang='lat' dir='ltr'><strong>auri</strong></span> <span class='ocrx_word' id='word_1_232' title='bbox 2545 4650 2708 4709; x_wconf 87' lang='lat' dir='ltr'><strong>super</strong></span> <span class='ocrx_word' id='word_1_233' title='bbox 2734 4641 2912 4694; x_wconf 87' lang='lat' dir='ltr'><strong>castra</strong></span> <span class='ocrx_word' id='word_1_234' title='bbox 2942 4634 3253 4693; x_wconf 86' lang='lat' dir='ltr'><strong>Patrimouii</strong></span> <span class='ocrx_word' id='word_1_235' title='bbox 3276 4634 3445 4693; x_wconf 85' lang='lat' dir='ltr'><strong>sancti</strong></span> <span class='ocrx_word' id='word_1_236' title='bbox 3472 4633 3616 4693; x_wconf 85' lang='lat' dir='ltr'><strong>Petri</strong></span> <span class='ocrx_word' id='word_1_237' title='bbox 3645 4631 3881 4692; x_wconf 84' lang='lat' dir='ltr'><strong>mutuari</strong></span> 
     </span>
     <span class='ocr_line' id='line_1_31' title="bbox 1052 4730 2331 4805; baseline 0.002 -20"><span class='ocrx_word' id='word_1_238' title='bbox 1052 4730 1239 4804; x_wconf 84' lang='lat' dir='ltr'><strong>possit.</strong></span> <span class='ocrx_word' id='word_1_239' title='bbox 1268 4731 1531 4803; x_wconf 85' lang='lat' dir='ltr'><strong>Lugduni,</strong></span> <span class='ocrx_word' id='word_1_240' title='bbox 1556 4731 1653 4790; x_wconf 89' lang='lat' dir='ltr'><strong>vn</strong></span> <span class='ocrx_word' id='word_1_241' title='bbox 1674 4732 1796 4789; x_wconf 90' lang='lat' dir='ltr'><strong>idus</strong></span> <span class='ocrx_word' id='word_1_242' title='bbox 1817 4731 2001 4804; x_wconf 86' lang='lat' dir='ltr'><strong>aprilis</strong></span> <span class='ocrx_word' id='word_1_243' title='bbox 2027 4732 2083 4805; x_wconf 69' lang='lat'><strong>(¹⁷</strong></span> <span class='ocrx_word' id='word_1_244' title='bbox 2105 4731 2331 4805; x_wconf 82' lang='lat' dir='ltr'><strong>aprilis).</strong></span> 
     </span>
    </p>
   </div>
  </div>
 </body>
</html>
