4525 6031
1026 648 1150 712 676
2025 647 2462 710 nmmum
2514 648 2863 712 sncuan
3472 659 3637 737 [Anu.
3673 660 3850 723 1248.

1122 785 1529 858 'thomasius
1572 784 1665 857 de
1710 781 2054 856 Sabaudia
2109 803 2378 874 comes,
2421 783 2716 857 dilectus
2759 786 2986 858 affinis
3032 798 3106 859 et
3145 788 3373 863 fidelis
3415 804 3678 884 noster,
3714 795 3856 867 suis

1028 910 1242 982 literis
1273 920 1509 983 nostre
1536 908 1863 1003 exposuit
1898 908 2267 1000 majestati,
2299 908 2491 1001 quod
2524 909 2684 981 licet
2714 910 2904 1005 apud
2929 911 3353 986 Thaurinum
3366 914 3495 1013 (a),
3517 917 3611 989 ad
3638 917 3856 1014 ipsius

1024 1034 1603 1130 supplicationem
1629 1084 1650 1122 ,
1682 1033 1807 1104 tibi
1839 1030 2239 1104 dederimus
2285 1032 2357 1102 in
2391 1032 2736 1105 mandatis
2789 1046 2867 1106 ut
2903 1036 3242 1128 quosdam
3285 1041 3636 1134 captivos,
3677 1064 3855 1136 quos

1024 1158 1117 1229 ad
1149 1180 1223 1230 se
1254 1158 1599 1251 pertinere
1627 1177 1816 1227 nunc
1842 1155 2117 1246 asserit,
2152 1156 2449 1228 deberes
2482 1178 2525 1228 a
2558 1159 2857 1230 carceris
2884 1159 3165 1232 vinculo
3196 1162 3515 1253 liberare,
3555 1176 3627 1236 tu
3665 1177 3854 1259 post·

1022 1281 1311 1353 modum
1366 1283 1599 1374 plures
1660 1280 1836 1351 alios
1893 1280 2239 1374 captivoS,
2287 1280 2377 1352 de
2428 1282 2681 1374 quibus
2735 1285 3113 1377 majestatis
3162 1296 3395 1358 nostre
3446 1289 3851 1362 mandatum

1020 1404 1250 1475 simile
1287 1403 1634 1498 recepisti,
1669 1418 1742 1474 et
1771 1424 1899 1497 pro
1934 1424 2232 1495 quorum
2262 1405 2675 1478 liberatione
2707 1406 2856 1501 ipse
2889 1430 3123 1481 comes
3152 1412 3550 1483 nullatenus
3584 1416 3851 1509 suppli-

1020 1529 1233 1620 cavit,
1266 1552 1309 1603 a
1334 1549 1611 1601 carcere
1647 1527 2043 1617 liberando,
2077 1529 2265 1623 ipsos
2298 1552 2425 1623 pro
2458 1532 2713 1624 quibus
2743 1544 2980 1605 nostre
3010 1534 3402 1608 celsitudini
3437 1539 3851 1633 supplicavit

1023 1654 1340 1744 liberari,
1380 1662 1588 1748 prout
1622 1652 1770 1746 ipse
1804 1651 2208 1748 descripsit,
2246 1654 2522 1748 penitus
2551 1656 2867 1728 omisisti.
2903 1658 3012 1731 Ob
3039 1679 3340 1752 quorum
3368 1661 3848 1736 liberationem

1021 1782 1189 1876 quia
1212 1800 1451 1851 comes
1480 1779 1787 1873 prefatus
1818 1799 2045 1872 nuper
2069 1779 2424 1850 serenitati
2449 1791 2686 1853 nostre
2710 1781 3064 1854 humiliter
3080 1785 3520 1880 supplicavit,
3533 1784 3849 1860 fidelitati

1022 1915 1144 1977 tue
1193 1901 1638 1998 precipiendo
1693 1901 2104 1973 mandamus
2144 1912 2527 1998 quatenus,
2571 1904 2630 1976 si
2672 1914 2779 1976 est
2825 1907 2954 1997 ita,
2990 1907 3196 1998 juxta
3239 1910 3530 1981 formam
3599 1911 3847 2006 prioris

1025 2026 1336 2101 mandati
1399 2026 1617 2098 nostri
1648 2078 1669 2116 ,
1754 2025 2036 2098 eosdem
2100 2027 2414 2122 captivos
2465 2049 2508 2101 a
2566 2030 2865 2103 nexibus
2928 2032 3223 2105 carceris
3284 2035 3645 2109 absolvere
3704 2058 3846 2109 non

1022 2153 1329 2226 omittas.

635 2564 940 2663 akussssi..
1127 2561 1609 2645 Innocentius
1656 2589 1852 2671 papa
1909 2563 2272 2646 acerrime
2320 2574 2585 2646 contra
2621 2564 3086 2647 Fridericum
3137 2565 3474 2648 invectus
3519 2566 3844 2648 misera-

1020 2694 1251 2778 bilem
1288 2696 1503 2806 regni
1543 2695 1840 2779 Siciliae
1876 2706 2159 2779 statum
2195 2695 2445 2779 fusius
2479 2697 2867 2803 describit,
2899 2709 2973 2780 et
3009 2697 3527 2781 reformationi
3563 2699 3839 2783 Eccle-

954 2895 957 2896 ἢ
1016 2829 1176 2911 siae
1218 2829 1456 2939 quam
1506 2827 1944 2913 reformatio
1995 2829 2208 2939 regni
2246 2829 2488 2938 ipsius
2527 2829 3034 2938 subsequetur
3059 2830 3439 2938 providet,
3490 2831 3840 2914 universa

1020 2970 1301 3044 statuta
1346 2961 1421 3043 in
1477 2960 2029 3071 praejudicium
2085 2960 2627 3046 ecclesiasticae
2661 2961 3032 3045 fibertatis
3069 2962 3274 3046 edita
3312 2962 3524 3047 irrita
3559 2963 3837 3047 decer-

1017 3095 1307 3202 nendo,
1368 3095 1767 3178 electiones
1818 3095 2097 3178 liberas
2154 3095 2251 3178 ab
2308 3096 2518 3177 omni
2577 3094 2896 3177 seculari
2950 3106 3315 3204 potestate
3384 3097 3831 3204 sanciendo,

1009 3228 1501 3338 jubendoque
1572 3228 1881 3311 demum
1945 3238 2028 3311 ut
2086 3228 2298 3310 nulla
2353 3228 2853 3311 ecclesiastica
2898 3253 3222 3338 persona
3296 3228 3465 3314 foro
3535 3239 3838 3339 tempo-

1017 3361 1160 3446 rali
1198 3361 1277 3442 in
1315 3386 1799 3471 quacumque
1835 3387 2066 3443 causa
2104 3363 2559 3470 respondere
2594 3361 2891 3444 debeat.

1179 3577 1410 3659 (Edidit
1438 3579 1754 3655 Gru-ou,
1785 3575 1884 3637 Ad
1907 3577 2053 3638 Hice.
2087 3576 2219 3638 abb.
2257 3578 2484 3639 Cassia.
2513 3578 2884 3648 accessiones,
2916 3593 3053 3653 pars
3078 3579 3168 3647 11,
3210 3595 3272 3657 p.
3314 3586 3608 3651 717·718;
3652 3595 3834 3655 quam

1250 3686 1491 3763 quidem
1517 3684 1741 3746 bullam
1769 3684 1908 3745 fecit
1934 3687 2207 3745 annotari
2237 3685 2508 3747 Clemens
2534 3701 2687 3762 papa
2711 3691 2959 3761 quartus
2978 3686 3039 3743 in
3055 3699 3214 3744 anno
3250 3692 3424 3756 1267,
3458 3685 3834 3760 pontificatus

1251 3795 1344 3854 sui
1385 3794 1590 3865 tertio,
1639 3796 1850 3869 quinto
1889 3792 2118 3853 decimo
2158 3793 2255 3853 dle
2289 3791 2565 3852 octobris.
2608 3790 2756 3851 Coll.
2804 3807 2941 3850 cum
2983 3791 3113 3851 cod.
3165 3790 3317 3852 Bibl.
3364 3790 3560 3851 Cesar.
3611 3793 3828 3865 Paris„

1250 3912 1317 3961 n⁰
1341 3909 1522 3979 4039,
1551 3912 1618 3959 n·
1645 3909 1753 3974 225
1782 3899 1939 3962 unde
1958 3916 2087 3960 eam
2114 3899 2383 3959 exhibuit
2410 3900 2678 3969 Horum,
2706 3896 2915 3957 Kaiser
2938 3895 3170 3957 Fn‘edr.
3194 3898 3274 3975 II,
3297 3899 3579 3977 append„
3602 3909 3670 3958 n⁰
3700 3898 3826 3977 35.)

1105 4089 1547 4162 Innocentius
1575 4088 1963 4184 episcopuS,
1987 4108 2230 4159 servus
2257 4107 2620 4158 servorum
2646 4085 2800 4174 Dei,
2823 4085 2915 4156 ad
2939 4085 3448 4157 observantiam
3479 4094 3550 4155 et
3577 4106 3831 4157 memo-

1010 4215 1179 4286 riam
1216 4224 1651 4309 perpetuam.
1672 4211 1731 4283 A
1762 4212 2009 4284 diebus
2035 4210 2380 4283 Frederici
2409 4210 2670 4281 alumni
2704 4210 3011 4302 nequitie
3041 4210 3235 4302 quasi
3257 4209 3655 4280 Antichristi
3679 4231 3830 4303 pre-

1007 4339 1267 4428 nuntii,
1310 4338 1538 4411 Sicilie
1575 4359 1865 4429 regnum
1911 4337 2053 4408 vim
2086 4336 2347 4430 patitur
2379 4345 2449 4406 et
2481 4335 2773 4406 ministri
2810 4336 2961 4427 ejus
3003 4333 3407 4428 predatione
3442 4334 3613 4405 illud
3658 4334 3825 4405 diri·

1007 4464 1206 4560 piunt
1245 4464 1584 4550 violenta3
1637 4483 1799 4533 nam
1849 4471 1927 4533 ut
1974 4461 2116 4532 vite
2177 4482 2302 4532 sue
2347 4481 2625 4531 cursum
2686 4458 3122 4551 breviloquio
3166 4468 3714 4530 transcurramus
3757 4468 3829 4530 et

1003 4588 1284 4678 longam
1317 4606 1804 4679 perversorum
1830 4595 2114 4656 actuum
2141 4584 2292 4675 ejus
2326 4584 2533 4655 telam
2557 4581 3052 4678 compendiosa
3078 4582 3453 4655 verborum
3479 4581 3662 4655 serie
3698 4582 3823 4654 de-

1086 4775 1168 4856 (a)
1214 4776 1288 4837 In
1313 4774 1619 4857 cod-bibl.
1647 4772 1995 4839 Guelferblt.
2025 4789 2241 4835 nomen
2276 4771 2389 4833 loci
2417 4773 2500 4833 ita
2531 4776 2809 4833 exaratur
2833 4770 3187 4849 amenum,
3221 4772 3319 4835 vel
3348 4771 3711 4852 hujusmodi.
