4525 6031
640 682 841 744 Ixnlcr.
880 683 1006 761 15.]
1530 684 1924 747 HISTORIA
1972 687 2568 751 Dll‘LoMA'rch.
3340 683 3463 746 833

736 820 1065 892 Introitus
1099 842 1121 888 .·

678 1026 685 1037 ⁵
734 943 1020 1040 Recepit
1060 943 1251 1016 idem
1296 943 1696 1016 Gerhardus
1736 946 1809 1016 in
1848 945 2150 1018 denariis
2187 946 2279 1018 de
2319 946 2706 1018 redditibus
2754 945 2979 1019 XXIX
3023 966 3290 1017 marcas
3328 944 3457 1017 flo-

640 1088 810 1141 reno
847 1065 959 1164 (Ρ)
994 1068 1249 1140 minus.

734 1191 910 1264 Item
942 1192 1206 1286 recepit
1235 1190 1326 1264 de
1357 1190 1596 1265 Iudeis
1625 1194 1685 1263 V
1719 1214 2010 1265 marcas.

733 1317 907 1388 Item
937 1315 1028 1388 de
1059 1336 1283 1388 uxore
1323 1316 1654 1411 prepositi
1685 1318 1808 1390 XV
1834 1338 2129 1390 marcas.

734 1416 906 1511 Item
935 1440 1009 1511 in
1041 1440 1355 1535 precaria
1387 1441 1441 1512 L
1473 1460 1766 1513 marcas·

734 1564 906 1636 Item
937 1564 1028 1636 de
1059 1561 1295 1635 Iudeis
1325 1563 1450 1636 XV
1478 1585 1772 1636 marcas.

734 1688 908 1759 Item
943 1688 1015 1758 in
1043 1688 1528 1760 exactionibus
1575 1687 1770 1760 factis
1796 1687 1867 1758 in
1897 1688 2134 1760 hostes
2164 1688 2440 1783 imperii
2473 1688 2581 1762 CV
2612 1708 2904 1760 marcas,

732 1811 907 1883 Item
934 1812 1007 1883 in
1041 1833 1321 1884 annona
1357 1812 1429 1887 in
1470 1812 1742 1903 siligine
1780 1813 2121 1885 XXXVIII
2154 1813 2425 1884 maldra
2466 1823 2537 1884 et
2569 1811 2932 1884 dImidium
2988 1820 3059 1882 et
3107 1811 3180 1883 in
3235 1831 3460 1883 avena

637 1934 921 2007 XXXIII
955 1935 1227 2007 maldra
1257 1945 1328 2006 et
1358 1934 1751 2025 dimidium,
1784 1956 1922 2027 que
1947 1935 2268 2007 vendidit
2292 1956 2421 2030 pro
2449 1936 2544 2006 IX
2569 1931 2872 2032 [marcis]
2903 1934 3130 2005 minus
3157 1935 3453 2006 fertone.

734 2059 909 2131 Item
940 2058 1204 2153 recepit
1247 2057 1319 2128 in
1362 2058 1529 2130 vino
1560 2058 1713 2130 XVI
1759 2068 2063 2130 carratas
2097 2080 2272 2152 quas
2311 2058 2688 2152 assignavit
2734 2057 2896 2130 duci
2933 2057 3330 2130 Brabantie.
3363 2098 3459 2112 --

637 2181 922 2253 Summa
953 2182 1265 2277 percepti
1296 2182 1395 2255 CC
1430 2202 1699 2271 marce,
1731 2182 1981 2255 XXVII
2015 2201 2248 2254 marce
2278 2191 2349 2254 et
2376 2182 2662 2254 dimidia
2694 2178 2831 2278 (a).

729 2305 982 2396 Emittts
1009 2329 1032 2373 .·

731 2429 1100 2501 Inventum
1137 2440 1245 2500 est
1279 2430 1351 2499 in
1388 2429 1693 2524 apodixa
1734 2452 1858 2501 sua
1890 2428 2083 2524 quod
2118 2452 2247 2502 nos
2298 2431 2635 2502 debemus
2686 2430 2912 2501 eidem
2961 2427 3321 2503 Gerhardo
3368 2428 3459 2501 de

631 2552 953 2647 ‘proxima
980 2553 1496 2647 computatione
1530 2574 1656 2625 sua
1681 2553 1955 2625 XXVIII
1982 2574 2251 2624 marcas
2281 2563 2351 2624 et
2379 2554 2528 2625 VIII
2562 2553 2821 2625 solidos
2856 2552 3322 2625 Colonienses.
3463 2534 3482 2547 ⁶

731 2677 1079 2748 Debemus
1110 2687 1180 2747 et
1208 2675 1295 2749 de
1327 2677 1572 2748 militia
1605 2699 1730 2749 sua
1758 2698 1896 2769 qua
1927 2687 2032 2749 est
2058 2678 2411 2748 accinctus
2446 2676 2576 2748 XX
2606 2698 2898 2748 marcaS.

729 2800 901 2872 Item
936 2799 1132 2871 dedit
1160 2800 1457 2871 Iohanni
1484 2801 1679 2873 Bono
1707 2802 1796 2873 de
1823 2801 2034 2873 feudo
2060 2802 2339 2874 Castelli
2371 2801 2517 2872 VIII
2544 2821 2839 2873 marcas,

717 2924 903 2996 Item
935 2924 1341 2997 Everhardo
1370 2925 1459 2997 de
1487 2924 1824 3020 Mendorp
1850 2925 1940 2997 de
1970 2925 2176 2997 feodo
2207 2923 2484 2998 Castelli
2509 2926 2596 2997 VI
2621 2945 2916 2997 marcas,

729 3050 904 3124 Item
932 3071 1061 3145 pro
1097 3050 1303 3121 blidis
1332 3051 1665 3122 faciendis
1691 3051 1906 3123 XVIII
1939 3070 2232 3122 marcas,

726 3173 946 3246 Item
928 3196 1001 3245 1n
1035 3195 1344 3268 expensa
1376 3186 1610 3245 nostra
1644 3174 1915 3246 Sinsich
1941 3175 2117 3246 LXII
2151 3194 2455 3263 marcaS,
2488 3173 2706 3245 XXVI
2746 3172 3092 3245 denarios,

727 3297 955 3369 Item
936 3319 1011 3368 1n
1057 3319 1360 3392 expensa
1396 3294 1692 3391 militum
1729 3309 1887 3393 post
1925 3318 2055 3370 nos
2105 3264 2536 3370 venientium
2575 3297 2669 3369 ad
2704 3306 3012 3369 nostram
3063 3296 3457 3391 expeditio-

629 3441 792 3493 nem
822 3422 1075 3493 XXXII
1109 3442 1404 3511 marcas,
1443 3423 1711 3494 fertone
1745 3422 2002 3493 minus·

724 3546 899 3619 Item
930 3546 1125 3618 dedit
1154 3545 1246 3618 ad
1284 3567 1667 3641 expensam
1695 3546 1939 3618 messis
1968 3555 2040 3617 et
2079 3545 2396 3616 autumni
2426 3545 2515 3617 VI
2546 3565 2814 3616 marcas
2853 3543 3259 3617 solidorum.

727 3670 901 3741 Item
938 3670 1031 3741 ad
1067 3680 1382 3742 nostrum
1418 3669 1778 3742 servitium
1817 3670 2037 3742 tribus
2072 3669 2408 3740 militibus
2439 3690 2567 3763 pro
2605 3667 2977 3740 dextrariis
3005 3668 3125 3740 LX
3160 3689 3455 3740 marcas,

585 3870 591 3877 ,
726 3793 896 3866 Item
930 3794 1204 3866 duobus
1242 3793 1602 3886 armigeris
1630 3815 1757 3889 pro
1798 3794 1996 3889 equis
2034 3813 2212 3886 quos
2258 3791 2712 3893 perdiderant
2762 3792 2836 3863 in
2885 3812 3124 3887 pugna
3163 3791 3255 3863 ad
3301 3812 3464 3864 nos-

634 3928 816 3989 trum
848 3918 1204 3989 servitium
1228 3971 1248 4009 ,
1289 3918 1442 3990 XVI
1476 3938 1768 3989 marcas·

703 4021 898 4113 'Item
933 4063 1062 4135 pro
1092 4042 1312 4113 tribus
1343 4041 1543 4134 equis
1570 4041 1645 4112 in
1673 4041 2003 4113 exutione
2038 4036 2132 4135 (b)
2167 4039 2331 4112 ville
2354 4037 2659 4111 Arwilre
2687 4037 2974 4132 perditis
3004 4038 3129 4110 XV
3157 4057 3456 4109 marcas.

722 4163 896 4246 Item
928 4164 1299 4237 balistariis
1327 4186 1458 4237 sex
1483 4187 1612 4260 per
1642 4175 1784 4237 tres
1811 4185 2088 4235 menses
2114 4162 2419 4235 detentis
2449 4162 2661 4235 XVIII
2692 4182 2987 4233 marcas.

725 4288 898 4361 Item
929 4288 1006 4359 in
1033 4310 1342 4385 expensa
1372 4299 1607 4362 nostra
1637 4289 1827 4383 apud
1855 4288 2206 4361 Trev'erim
2237 4287 2383 4359 VIII
2410 4286 2624 4358 libras
2654 4287 3135 4358 Treverenses.

723 4411 895 4484 Item
929 4412 1002 4483 in
1036 4415 1346 4507 expensa
1374 4411 1593 4505 Aquis
1618 4413 1706 4484 Ill
1738 4433 2032 4514 marcas,
2598 4403 2603 4410 ’

726 4534 901 4610 Item
933 4535 1007 4607 in
1042 4556 1353 4632 expensa
1379 4557 1506 4607 sua
1533 4535 1812 4608 Colonie
1819 4585 2656 4609 ...........

712 4688 797 4771 (α)
841 4690 915 4752 In
942 4693 1227 4769 impresso
1253 4689 1396 4769 dua,
1427 4692 1605 4755 male.

713 4792 797 4875 (b)
840 4797 973 4877 5¹03
1008 4799 1418 4861 verosimffiter
1444 4798 1765 4861 mucione.
