4525 6031
695 2945 919 3001 leuans«,

714 3000 770 3042 ⁸0
782 2997 889 3052 lulli.

1034 678 1157 740 78⁴
1820 739 1830 754 ,
2039 679 2472 743 anmucl
2522 680 2868 743 ssscuwm
3477 683 3644 761 [An.
3678 682 3856 746 1250.

2402 921 2507 993 111

1202 1094 1390 1173 (nur.
1415 1097 1480 1155 nn
1506 1066 1674 1156 rem
1697 1092 1767 1154 a«
1806 1094 1935 1163 Vin.
1968 1098 2164 1176 epm„
2193 1095 2299 1156 m».
2327 1095 2444 1173 111,
2474 1109 2604 1172 cap.
2634 1095 2718 1168 ις
2748 1094 2887 1155 ωιι.
2908 1110 3046 1154 cum
3069 1093 3206 1154 οοιι.
3236 1093 3395 1155 sm.
3418 1093 3618 1156 cesa.
3639 1096 3855 1173 rans„

1258 1198 1443 1282 fonds
1467 1202 1871 1279 Nom-Dama,
1902 1212 1968 1261 n⁰
1997 1210 2137 1262 202.
2182 1200 2256 1260 In
2287 1200 2413 1261 cod.
2463 1200 2851 1275 mediomont.
2884 1199 3190 1277 Phlfflpps.
3221 1199 3431 1261 titulus
3465 1203 3553 1261 lta
3581 1209 3860 1264 exaratur

1277 1306 1409 1368 duci
1434 1309 1721 1384 Bawarie,
1752 1308 1855 1368 sed
1876 1310 2072 1368 minus
2098 1304 2305 1385 recte.)

1133 1490 1568 1583 Benignitate
1617 1490 1821 1562 solita
1860 1489 2128 1584 recepit
2164 1498 2403 1561 nostra
2444 1486 2781 1559 serenitas
2820 1486 3057 1558 literas
3091 1507 3267 1580 quas
3304 1497 3543 1559 nostro
3577 1488 3861 1562 culmini

998 1659 1004 1664 -
1039 1611 1426 1704 destinasti,
1453 1623 1688 1705 etque
1719 1611 2255 1684 continebantur
2280 1611 2354 1680 in
2388 1608 2490 1680 eis
2510 1608 2980 1680 intelleximus
3001 1608 3394 1701 diligenter.
3426 1609 3537 1682 Ad
3564 1630 3861 1703 quorum

1040 1735 1456 1831 significata,
1516 1737 1871 1809 devotioni
1910 1747 2026 1807 tue
2060 1735 2291 1807 taliter
2332 1733 2837 1828 respondemus
2864 1733 3058 1827 quod
3090 1732 3256 1825 quia
3286 1733 3377 1806 de
3414 1734 3598 1807 facto
3624 1734 3862 1808 Jacobi

1041 1863 1133 1935 ds
1182 1861 1269 1934 N.
1311 1882 1439 1956 per
1465 1860 1639 1932 alias
1684 1881 1917 1932 sacras
1955 1869 2191 1931 nostre
2227 1858 2610 1950 majestatis
2654 1858 2890 1928 literas
2935 1855 3060 1928 tibi
3100 1856 3458 1951 scripsisse
3491 1859 3863 1932 mcolimus

937 1979 943 1984 ’
1042 1995 1279 2059 nostre
1308 1983 1820 2079 beneplacitum
1858 1983 2277 2073 voluntatis,
2318 1959 2655 2077 expedire
2690 2001 2834 2052 non
2861 1980 3185 2053 videmus
3214 1982 3308 2054 ad
3346 2002 3636 2076 presens
3669 1982 3862 2056 aliud

1043 2111 1300 2195 exinde
1349 2109 1518 2181 dare
1567 2128 2003 2203 responsum.
2068 2109 2168 2179 De
2213 2106 2352 2179 alio
2394 2126 2566 2178 vero
2607 2106 2800 2198 quod
2843 2104 3176 2200 scripsisti
3256 2114 3324 2177 te
3382 2090 3592 2198 juxta
3656 2127 3859 2179 man-

1043 2236 1287 2308 datum
1324 2242 1639 2306 nostrum
1665 2229 1879 2303 filiam
1915 2241 2105 2302 tuam
2140 2230 2529 2302 marchioni
2574 2229 2665 2329 de
2693 2230 3051 2321 Homburg
3092 2226 3201 2324 (4)
3256 2251 3385 2324 per
3421 2231 3863 2324 conjugalem

1043 2360 1366 2456 copulam
1394 2355 1786 2447 tradidisse,
1810 2364 2054 2427 nostre
2080 2355 2248 2427 satis
2282 2354 2671 2449 complacet
2705 2352 3078 2446 majestati.

1149 2894 1508 3010 Vivaldus
1545 2918 1641 3007 de
1682 2904 1920 3006 Bona*
1945 2914 2181 3006 Morte
2235 2916 2544 3034 bajulus
2588 2916 2979 3007 Messanae
3034 2948 3213 3005 cum
3264 2934 3598 3032 quatuor
3641 2920 3864 3034 judi-

1041 3045 1260 3142 cibus
1295 3051 1439 3141 sibi
1476 3049 2041 3165 assistentibus»,
2083 3057 2183 3139 ad
2220 3055 2791 3166 requisitionem
2829 3053 3109 3138 Terrici
3146 3055 3624 3164 Theotonici,
3661 3057 3862 3141 Petri

1043 3193 1140 3275 de
1199 3191 1619 3297 Latiniano,
1672 3189 2038 3272 Johannis
2095 3190 2192 3271 de
2239 3189 2383 3272 Ala
2425 3200 2499 3271 et
2539 3188 2885 3271 Riccardi
2929 3186 3270 3298 Anglici‚
3323 3189 3864 3272 sententialiter

1048 3321 1540 3407 Guillelmum
1591 3321 1900 3430 Mayum
1954 3330 2029 3402 et
2063 3320 2370 3402 Petrum
2406 3320 3026 3426 Constantinum,
3072 3321 3426 3403 dominos
3458 3331 3534 3403 et
3558 3321 3862 3429 partio-

1046 3453 1306 3535 narios
1361 3453 1579 3535 navis
1634 3451 1891 3534 Sancti
1951 3450 2272 3535 Victoris
2295 3514 2319 3559 ,
2359 3452 2870 3560 condempnat
2929 3453 3144 3561 quod
3190 3453 3289 3535 ad
3323 3463 3576 3561 partes
3611 3452 3863 3537 ultra-

1044 3585 1383 3668 marinas
1431 3586 1535 3668 ad
1585 3584 1842 3667 locum
1899 3583 2032 3667 ubi
2082 3595 2199 3667 est
2243 3610 2380 3666 rex
2431 3584 2791 3667 Franciae
2810 3643 2835 3688 ,
2877 3595 3391 3693 transportem
3425 3584 3866 3695 peregrinos

1048 3742 1382 3829 quorum
1414 3718 1730 3802 nomina
1764 3717 1843 3798 in
1880 3717 2386 3800 instrumento
2422 3717 2889 3799 inseruntur.

1210 3928 1459 4009 (Inedlt.
1490 3939 1568 3991 cx
1595 3931 1863 4008 originali
1891 3932 1955 3990 iu
1979 3921 2206 3992 archiv.
2240 3930 2437 3991 Cesar.
2471 3933 2689 4006 Paris„
2729 3930 2936 3991 Tresor
2960 3928 3059 3990 des
3084 3927 3335 4010 εΙιανειε,
3365 3931 3425 3992 J.
3460 3941 3602 4009 455,
3631 3941 3698 3992 n⁰
3731 3933 3856 4012 19.)

1141 4127 1223 4199 ln
1284 4128 1569 4201 nomine
1626 4128 1939 4219 Domini,
1997 4148 2233 4200 amen.
2297 4125 2504 4200 Anno
2567 4127 2882 4220 ejusdem
2944 4127 3438 4199 incarnationis
3497 4127 3863 4202 millesimo

1048 4250 1525 4326 ducentesimo
1569 4252 2146 4347 quinquagesimo
2167 4305 2187 4342 ,
2240 4251 2627 4346 penultimo
2673 4250 2789 4323 die
2829 4250 3090 4322 mensis
3118 4249 3311 4342 julii,
3360 4261 3605 4323 octavo
3638 4251 3866 4326 indic-

1121 4595 1194 4668 (4)
1229 4596 1290 4653 In
1320 4595 1505 4652 codice
1539 4595 1611 4652 N.
1641 4595 1842 4666 Dame,
1875 4595 2011 4666 202,
2052 4592 2353 4665 Embucho,
2390 4593 2552 4651 male.
2592 4593 2785 4667 Agitur
2817 4595 2887 4653 de
2926 4592 3231 4652 marchione
3272 4594 3343 4652 de
3383 4593 3736 4669 Hohcnburg,
3778 4598 3868 4654 cui

1049 4691 1355 4750 Gualtcrius
1378 4706 1559 4748 comes
1588 4691 1655 4746 de
1683 4689 1987 4763 Manupello
2015 4689 2183 4747 filiam
2209 4704 2367 4747 suam
2391 4690 2728 4748 Thomasiam
2757 4690 2811 4747 in
2838 4688 3477 4765 conjugem-muas,
3506 4687 3647 4750 sicut
3674 4703 3743 4752 ex
3774 4686 3861 4750 in-

1049 4788 1364 4848 strumentis
1387 4787 1794 4846 cassinensibus
1827 4785 1961 4845 eatis
1990 4791 2163 4860 patet.
3758 4811 3764 4816 -
