<?xml version="1.0" encoding="UTF-8"?>
<!DOCTYPE html PUBLIC "-//W3C//DTD XHTML 1.0 Transitional//EN"
    "http://www.w3.org/TR/xhtml1/DTD/xhtml1-transitional.dtd">
<html xmlns="http://www.w3.org/1999/xhtml" xml:lang="en" lang="en">
 <head>
  <title>
</title>
<meta http-equiv="Content-Type" content="text/html;charset=utf-8" />
  <meta name='ocr-system' content='tesseract 3.04.00' />
  <meta name='ocr-capabilities' content='ocr_page ocr_carea ocr_par ocr_line ocrx_word'/>
</head>
<body>
  <div class='ocr_page' id='page_1' title='image "./historiadiploma01empegoog_0289.png"; bbox 0 0 4525 6031; ppageno 0'>
   <div class='ocr_carea' id='block_1_1' title="bbox 758 641 3579 733">
    <p class='ocr_par' dir='ltr' id='par_1_1' title="bbox 758 641 3579 733">
     <span class='ocr_line' id='line_1_1' title="bbox 758 641 3579 733; baseline 0.002 -31"><span class='ocrx_word' id='word_1_1' title='bbox 758 644 965 704; x_wconf 73' lang='lat' dir='ltr'>Iunior.</span> <span class='ocrx_word' id='word_1_2' title='bbox 1003 642 1129 721; x_wconf 85' lang='lat'>15.]</span> <span class='ocrx_word' id='word_1_3' title='bbox 1618 708 1624 713; x_wconf 72' lang='grc'>,</span> <span class='ocrx_word' id='word_1_4' title='bbox 1660 641 2060 705; x_wconf 76' lang='lat' dir='ltr'>HISTORIA</span> <span class='ocrx_word' id='word_1_5' title='bbox 2109 642 2697 733; x_wconf 62' lang='lat' dir='ltr'>DIPLOMATICA.</span> <span class='ocrx_word' id='word_1_6' title='bbox 3286 722 3291 727; x_wconf 86' lang='lat'><em>.</em></span> <span class='ocrx_word' id='word_1_7' title='bbox 3461 646 3579 708; x_wconf 86' lang='lat'>831</span> 
     </span>
    </p>
   </div>
   <div class='ocr_carea' id='block_1_2' title="bbox 753 776 3601 4831">
    <p class='ocr_par' dir='ltr' id='par_1_2' title="bbox 753 776 3601 4831">
     <span class='ocr_line' id='line_1_2' title="bbox 759 776 3584 869; baseline 0.001 -21"><span class='ocrx_word' id='word_1_8' title='bbox 759 776 946 849; x_wconf 92' lang='lat' dir='ltr'>idem</span> <span class='ocrx_word' id='word_1_9' title='bbox 1007 778 1237 849; x_wconf 90' lang='lat' dir='ltr'>minus</span> <span class='ocrx_word' id='word_1_10' title='bbox 1291 798 1464 849; x_wconf 88' lang='lat' dir='ltr'>sano</span> <span class='ocrx_word' id='word_1_11' title='bbox 1506 777 1758 849; x_wconf 86' lang='lat' dir='ltr'>ductus</span> <span class='ocrx_word' id='word_1_12' title='bbox 1798 779 2124 869; x_wconf 90' lang='lat' dir='ltr'>consilio,</span> <span class='ocrx_word' id='word_1_13' title='bbox 2177 781 2401 851; x_wconf 91' lang='lat' dir='ltr'>Deum</span> <span class='ocrx_word' id='word_1_14' title='bbox 2454 787 2594 850; x_wconf 85' lang='lat' dir='ltr'>non</span> <span class='ocrx_word' id='word_1_15' title='bbox 2650 779 2900 851; x_wconf 88' lang='lat' dir='ltr'>timens</span> <span class='ocrx_word' id='word_1_16' title='bbox 2940 789 3010 850; x_wconf 92' lang='lat' dir='ltr'>et</span> <span class='ocrx_word' id='word_1_17' title='bbox 3051 777 3403 851; x_wconf 89' lang='lat' dir='ltr'>hominem</span> <span class='ocrx_word' id='word_1_18' title='bbox 3439 801 3584 851; x_wconf 90' lang='lat' dir='ltr'>non</span> 
     </span>
     <span class='ocr_line' id='line_1_3' title="bbox 758 901 3579 998; baseline 0.002 -27"><span class='ocrx_word' id='word_1_19' title='bbox 758 901 1136 991; x_wconf 88' lang='lat' dir='ltr'>reveritus,</span> <span class='ocrx_word' id='word_1_20' title='bbox 1191 901 1702 996; x_wconf 87' lang='lat' dir='ltr'>possessionem</span> <span class='ocrx_word' id='word_1_21' title='bbox 1762 904 2107 975; x_wconf 89' lang='lat' dir='ltr'>antedicte</span> <span class='ocrx_word' id='word_1_22' title='bbox 2162 902 2413 975; x_wconf 91' lang='lat' dir='ltr'>domus</span> <span class='ocrx_word' id='word_1_23' title='bbox 2455 913 2770 975; x_wconf 89' lang='lat' dir='ltr'>evertere</span> <span class='ocrx_word' id='word_1_24' title='bbox 2810 903 3096 998; x_wconf 91' lang='lat' dir='ltr'>cupiens</span> <span class='ocrx_word' id='word_1_25' title='bbox 3139 913 3210 974; x_wconf 92' lang='lat' dir='ltr'>et</span> <span class='ocrx_word' id='word_1_26' title='bbox 3257 904 3537 976; x_wconf 90' lang='lat' dir='ltr'>turbare</span> <span class='ocrx_word' id='word_1_27' title='bbox 3556 956 3579 995; x_wconf 93' lang='lat'>,</span> 
     </span>
     <span class='ocr_line' id='line_1_4' title="bbox 758 1020 3584 1122; baseline 0.001 -25"><span class='ocrx_word' id='word_1_28' title='bbox 758 1026 970 1098; x_wconf 94' lang='lat' dir='ltr'>immo</span> <span class='ocrx_word' id='word_1_29' title='bbox 1001 1036 1222 1098; x_wconf 90' lang='lat' dir='ltr'>totum</span> <span class='ocrx_word' id='word_1_30' title='bbox 1247 1026 1466 1122; x_wconf 92' lang='lat' dir='ltr'>ipsius</span> <span class='ocrx_word' id='word_1_31' title='bbox 1484 1028 1602 1118; x_wconf 89' lang='lat' dir='ltr'>jus</span> <span class='ocrx_word' id='word_1_32' title='bbox 1629 1020 1907 1121; x_wconf 77' lang='lat' dir='ltr'>penitus</span> <span class='ocrx_word' id='word_1_33' title='bbox 1953 1038 2315 1116; x_wconf 89' lang='lat' dir='ltr'>enervare,</span> <span class='ocrx_word' id='word_1_34' title='bbox 2343 1030 2460 1120; x_wconf 89' lang='lat' dir='ltr'>jus</span> <span class='ocrx_word' id='word_1_35' title='bbox 2491 1028 2795 1099; x_wconf 89' lang='lat' dir='ltr'>alienum</span> <span class='ocrx_word' id='word_1_36' title='bbox 2829 1028 2920 1099; x_wconf 90' lang='lat' dir='ltr'>ad</span> <span class='ocrx_word' id='word_1_37' title='bbox 2952 1049 3027 1098; x_wconf 93' lang='lat' dir='ltr'>se</span> <span class='ocrx_word' id='word_1_38' title='bbox 3055 1048 3198 1098; x_wconf 94' lang='lat' dir='ltr'>non</span> <span class='ocrx_word' id='word_1_39' title='bbox 3228 1028 3584 1121; x_wconf 76' lang='lat' dir='ltr'>pertinens</span> 
     </span>
     <span class='ocr_line' id='line_1_5' title="bbox 753 1149 3583 1247; baseline 0 -26"><span class='ocrx_word' id='word_1_40' title='bbox 753 1150 927 1223; x_wconf 82' lang='lat' dir='ltr'>falso</span> <span class='ocrx_word' id='word_1_41' title='bbox 972 1149 1103 1221; x_wconf 84' lang='lat' dir='ltr'>sibi</span> <span class='ocrx_word' id='word_1_42' title='bbox 1139 1156 1485 1245; x_wconf 84' lang='lat' dir='ltr'>usurpans</span> <span class='ocrx_word' id='word_1_43' title='bbox 1530 1150 1680 1222; x_wconf 90' lang='lat' dir='ltr'>veri</span> <span class='ocrx_word' id='word_1_44' title='bbox 1735 1151 2023 1223; x_wconf 92' lang='lat' dir='ltr'>dominii</span> <span class='ocrx_word' id='word_1_45' title='bbox 2073 1162 2527 1247; x_wconf 84' lang='lat' dir='ltr'>potestatem,</span> <span class='ocrx_word' id='word_1_46' title='bbox 2573 1150 2773 1243; x_wconf 86' lang='lat' dir='ltr'>quasi</span> <span class='ocrx_word' id='word_1_47' title='bbox 2821 1150 3286 1223; x_wconf 82' lang='lat' dir='ltr'><strong>mercenarius</strong></span> <span class='ocrx_word' id='word_1_48' title='bbox 3324 1160 3395 1220; x_wconf 89' lang='lat' dir='ltr'>et</span> <span class='ocrx_word' id='word_1_49' title='bbox 3443 1171 3583 1221; x_wconf 92' lang='lat' dir='ltr'>non</span> 
     </span>
     <span class='ocr_line' id='line_1_6' title="bbox 754 1272 3580 1368; baseline 0 -25"><span class='ocrx_word' id='word_1_50' title='bbox 754 1282 1016 1367; x_wconf 86' lang='lat' dir='ltr'>pastor,</span> <span class='ocrx_word' id='word_1_51' title='bbox 1049 1273 1405 1368; x_wconf 91' lang='lat' dir='ltr'>preposito</span> <span class='ocrx_word' id='word_1_52' title='bbox 1439 1283 1510 1343; x_wconf 92' lang='lat' dir='ltr'>et</span> <span class='ocrx_word' id='word_1_53' title='bbox 1552 1274 1969 1346; x_wconf 89' lang='lat' dir='ltr'>monasterio</span> <span class='ocrx_word' id='word_1_54' title='bbox 2002 1274 2073 1344; x_wconf 93' lang='lat' dir='ltr'>in</span> <span class='ocrx_word' id='word_1_55' title='bbox 2101 1272 2730 1365; x_wconf 86' lang='lat' dir='ltr'>Bergkersgademe</span> <span class='ocrx_word' id='word_1_56' title='bbox 2756 1274 2873 1367; x_wconf 75' lang='lat' dir='ltr'>Jus</span> <span class='ocrx_word' id='word_1_57' title='bbox 2905 1273 3096 1366; x_wconf 89' lang='lat' dir='ltr'>quod</span> <span class='ocrx_word' id='word_1_58' title='bbox 3137 1294 3277 1344; x_wconf 94' lang='lat' dir='ltr'>non</span> <span class='ocrx_word' id='word_1_59' title='bbox 3309 1272 3580 1364; x_wconf 92' lang='lat' dir='ltr'>habuit,</span> 
     </span>
     <span class='ocr_line' id='line_1_7' title="bbox 753 1395 3584 1490; baseline 0 -23"><span class='ocrx_word' id='word_1_60' title='bbox 753 1395 1007 1467; x_wconf 82' lang='lat' dir='ltr'>furtive</span> <span class='ocrx_word' id='word_1_61' title='bbox 1048 1406 1120 1467; x_wconf 86' lang='lat' dir='ltr'>et</span> <span class='ocrx_word' id='word_1_62' title='bbox 1156 1396 1584 1467; x_wconf 88' lang='lat' dir='ltr'>clandestine</span> <span class='ocrx_word' id='word_1_63' title='bbox 1632 1397 2073 1489; x_wconf 83' lang='lat' dir='ltr'>recognovit,</span> <span class='ocrx_word' id='word_1_64' title='bbox 2120 1397 2341 1490; x_wconf 89' lang='lat' dir='ltr'>pactis</span> <span class='ocrx_word' id='word_1_65' title='bbox 2394 1407 2465 1469; x_wconf 85' lang='lat' dir='ltr'>et</span> <span class='ocrx_word' id='word_1_66' title='bbox 2510 1397 2707 1468; x_wconf 86' lang='lat' dir='ltr'>factis</span> <span class='ocrx_word' id='word_1_67' title='bbox 2757 1397 3012 1475; x_wconf 79' lang='lat' dir='ltr'>illicitis</span> <span class='ocrx_word' id='word_1_68' title='bbox 3062 1396 3584 1469; x_wconf 90' lang='lat' dir='ltr'>intervenienti-</span> 
     </span>
     <span class='ocr_line' id='line_1_8' title="bbox 755 1518 3578 1616; baseline 0 -27"><span class='ocrx_word' id='word_1_69' title='bbox 755 1518 925 1608; x_wconf 86' lang='lat' dir='ltr'>bus,</span> <span class='ocrx_word' id='word_1_70' title='bbox 973 1529 1054 1589; x_wconf 92' lang='lat' dir='ltr'>ut</span> <span class='ocrx_word' id='word_1_71' title='bbox 1085 1519 1365 1608; x_wconf 88' lang='lat' dir='ltr'>dicitur,</span> <span class='ocrx_word' id='word_1_72' title='bbox 1415 1520 1487 1590; x_wconf 93' lang='lat' dir='ltr'>in</span> <span class='ocrx_word' id='word_1_73' title='bbox 1535 1523 1801 1616; x_wconf 85' lang='lat' dir='ltr'>prefate</span> <span class='ocrx_word' id='word_1_74' title='bbox 1852 1521 2101 1592; x_wconf 93' lang='lat' dir='ltr'>domus</span> <span class='ocrx_word' id='word_1_75' title='bbox 2149 1518 2644 1614; x_wconf 86' lang='lat' dir='ltr'>prejudicium,</span> <span class='ocrx_word' id='word_1_76' title='bbox 2687 1519 3010 1611; x_wconf 86' lang='lat' dir='ltr'>injuriam</span> <span class='ocrx_word' id='word_1_77' title='bbox 3047 1530 3119 1591; x_wconf 91' lang='lat' dir='ltr'>et</span> <span class='ocrx_word' id='word_1_78' title='bbox 3166 1541 3578 1611; x_wconf 80' lang='lat' dir='ltr'>gravamen3</span> 
     </span>
     <span class='ocr_line' id='line_1_9' title="bbox 758 1642 3585 1738; baseline 0.001 -24"><span class='ocrx_word' id='word_1_79' title='bbox 758 1642 1251 1714; x_wconf 83' lang='lat' dir='ltr'>nichilominus</span> <span class='ocrx_word' id='word_1_80' title='bbox 1300 1643 1738 1736; x_wconf 87' lang='lat' dir='ltr'>iniquitatem</span> <span class='ocrx_word' id='word_1_81' title='bbox 1777 1644 2050 1715; x_wconf 89' lang='lat' dir='ltr'>addens</span> <span class='ocrx_word' id='word_1_82' title='bbox 2086 1642 2469 1736; x_wconf 88' lang='lat' dir='ltr'>iniquitati,</span> <span class='ocrx_word' id='word_1_83' title='bbox 2520 1654 2591 1715; x_wconf 92' lang='lat' dir='ltr'>et</span> <span class='ocrx_word' id='word_1_84' title='bbox 2635 1644 2885 1715; x_wconf 86' lang='lat' dir='ltr'>laxatis</span> <span class='ocrx_word' id='word_1_85' title='bbox 2934 1643 3225 1714; x_wconf 85' lang='lat' dir='ltr'>habenis</span> <span class='ocrx_word' id='word_1_86' title='bbox 3268 1645 3585 1738; x_wconf 87' lang='lat' dir='ltr'>volupta-</span> 
     </span>
     <span class='ocr_line' id='line_1_10' title="bbox 762 1767 3583 1862; baseline 0.001 -25"><span class='ocrx_word' id='word_1_87' title='bbox 762 1776 909 1837; x_wconf 85' lang='lat' dir='ltr'>tum</span> <span class='ocrx_word' id='word_1_88' title='bbox 942 1788 1070 1861; x_wconf 91' lang='lat' dir='ltr'>per</span> <span class='ocrx_word' id='word_1_89' title='bbox 1096 1788 1378 1862; x_wconf 88' lang='lat' dir='ltr'>campos</span> <span class='ocrx_word' id='word_1_90' title='bbox 1428 1768 1718 1840; x_wconf 88' lang='lat' dir='ltr'>abusive</span> <span class='ocrx_word' id='word_1_91' title='bbox 1750 1768 2026 1839; x_wconf 90' lang='lat' dir='ltr'>licentie</span> <span class='ocrx_word' id='word_1_92' title='bbox 2072 1788 2376 1859; x_wconf 89' lang='lat' dir='ltr'>evagans</span> <span class='ocrx_word' id='word_1_93' title='bbox 2422 1777 2494 1839; x_wconf 92' lang='lat' dir='ltr'>et</span> <span class='ocrx_word' id='word_1_94' title='bbox 2538 1767 2970 1857; x_wconf 81' lang='lat' dir='ltr'>discurrenS,</span> <span class='ocrx_word' id='word_1_95' title='bbox 3019 1767 3252 1839; x_wconf 92' lang='lat' dir='ltr'>dotem</span> <span class='ocrx_word' id='word_1_96' title='bbox 3296 1769 3583 1841; x_wconf 88' lang='lat' dir='ltr'>ecclesie</span> 
     </span>
     <span class='ocr_line' id='line_1_11' title="bbox 759 1891 3583 1987; baseline 0.001 -27"><span class='ocrx_word' id='word_1_97' title='bbox 759 1891 1153 1985; x_wconf 86' lang='lat' dir='ltr'>supradicte</span> <span class='ocrx_word' id='word_1_98' title='bbox 1186 1892 1259 1962; x_wconf 93' lang='lat' dir='ltr'>in</span> <span class='ocrx_word' id='word_1_99' title='bbox 1292 1893 1527 1964; x_wconf 90' lang='lat' dir='ltr'>dotem</span> <span class='ocrx_word' id='word_1_100' title='bbox 1556 1892 1764 1964; x_wconf 89' lang='lat' dir='ltr'>scorti</span> <span class='ocrx_word' id='word_1_101' title='bbox 1794 1903 1865 1963; x_wconf 89' lang='lat' dir='ltr'>et</span> <span class='ocrx_word' id='word_1_102' title='bbox 1891 1892 2123 1986; x_wconf 91' lang='lat' dir='ltr'>spurie</span> <span class='ocrx_word' id='word_1_103' title='bbox 2146 1892 2361 1986; x_wconf 89' lang='lat' dir='ltr'>prolis</span> <span class='ocrx_word' id='word_1_104' title='bbox 2392 1912 2516 1963; x_wconf 90' lang='lat' dir='ltr'>sue</span> <span class='ocrx_word' id='word_1_105' title='bbox 2545 1902 2987 1982; x_wconf 81' lang='lat' dir='ltr'>convertenS,</span> <span class='ocrx_word' id='word_1_106' title='bbox 3015 1891 3370 1982; x_wconf 92' lang='lat' dir='ltr'>donand0,</span> <span class='ocrx_word' id='word_1_107' title='bbox 3405 1893 3583 1987; x_wconf 91' lang='lat' dir='ltr'>inpi-</span> 
     </span>
     <span class='ocr_line' id='line_1_12' title="bbox 759 2015 3601 2109; baseline -0.001 -23"><span class='ocrx_word' id='word_1_108' title='bbox 759 2016 1166 2107; x_wconf 89' lang='lat' dir='ltr'>gnorando,</span> <span class='ocrx_word' id='word_1_109' title='bbox 1231 2026 1302 2087; x_wconf 93' lang='lat' dir='ltr'>et</span> <span class='ocrx_word' id='word_1_110' title='bbox 1356 2017 1526 2088; x_wconf 91' lang='lat' dir='ltr'>alias</span> <span class='ocrx_word' id='word_1_111' title='bbox 1592 2018 1723 2088; x_wconf 93' lang='lat' dir='ltr'>sub</span> <span class='ocrx_word' id='word_1_112' title='bbox 1778 2018 2001 2087; x_wconf 88' lang='lat' dir='ltr'>forma</span> <span class='ocrx_word' id='word_1_113' title='bbox 2054 2015 2488 2087; x_wconf 92' lang='lat' dir='ltr'>diversorum</span> <span class='ocrx_word' id='word_1_114' title='bbox 2552 2015 2929 2109; x_wconf 83' lang='lat' dir='ltr'>tytulorum</span> <span class='ocrx_word' id='word_1_115' title='bbox 2997 2015 3367 2087; x_wconf 88' lang='lat' dir='ltr'>alienando</span> <span class='ocrx_word' id='word_1_116' title='bbox 3421 2018 3601 2090; x_wconf 63' lang='lat' dir='ltr'>Iesu,</span> 
     </span>
     <span class='ocr_line' id='line_1_13' title="bbox 760 2137 3579 2242; baseline 0.001 -32"><span class='ocrx_word' id='word_1_117' title='bbox 760 2137 1010 2210; x_wconf 87' lang='lat' dir='ltr'>Christi</span> <span class='ocrx_word' id='word_1_118' title='bbox 1042 2140 1531 2233; x_wconf 78' lang='lat' dir='ltr'>patrimonium</span> <span class='ocrx_word' id='word_1_119' title='bbox 1567 2140 2011 2235; x_wconf 89' lang='lat' dir='ltr'>dilapidavit,</span> <span class='ocrx_word' id='word_1_120' title='bbox 2058 2149 2130 2210; x_wconf 89' lang='lat' dir='ltr'>et</span> <span class='ocrx_word' id='word_1_121' title='bbox 2165 2138 2646 2242; x_wconf 76' lang='lat' dir='ltr'>miserabiliter</span> <span class='ocrx_word' id='word_1_122' title='bbox 2679 2160 2761 2210; x_wconf 93' lang='lat' dir='ltr'>ac</span> <span class='ocrx_word' id='word_1_123' title='bbox 2807 2139 3183 2210; x_wconf 88' lang='lat' dir='ltr'>enormiter</span> <span class='ocrx_word' id='word_1_124' title='bbox 3222 2140 3579 2213; x_wconf 88' lang='lat' dir='ltr'>laceravit.</span> 
     </span>
     <span class='ocr_line' id='line_1_14' title="bbox 759 2258 3580 2355; baseline 0.001 -23"><span class='ocrx_word' id='word_1_125' title='bbox 759 2260 940 2333; x_wconf 91' lang='lat' dir='ltr'>Sane</span> <span class='ocrx_word' id='word_1_126' title='bbox 970 2283 1130 2333; x_wconf 91' lang='lat' dir='ltr'>cum</span> <span class='ocrx_word' id='word_1_127' title='bbox 1159 2263 1559 2354; x_wconf 87' lang='lat' dir='ltr'>hujusmodi</span> <span class='ocrx_word' id='word_1_128' title='bbox 1589 2263 1932 2335; x_wconf 90' lang='lat' dir='ltr'>notoriam</span> <span class='ocrx_word' id='word_1_129' title='bbox 1962 2258 2445 2334; x_wconf 68' lang='lat' dir='ltr'>enormitatem</span> <span class='ocrx_word' id='word_1_130' title='bbox 2468 2264 2613 2355; x_wconf 87' lang='lat' dir='ltr'>jam</span> <span class='ocrx_word' id='word_1_131' title='bbox 2646 2284 2789 2334; x_wconf 94' lang='lat' dir='ltr'>non</span> <span class='ocrx_word' id='word_1_132' title='bbox 2825 2263 3113 2333; x_wconf 86' lang='lat' dir='ltr'>fratrum</span> <span class='ocrx_word' id='word_1_133' title='bbox 3143 2263 3386 2335; x_wconf 89' lang='lat' dir='ltr'>relatio</span> <span class='ocrx_word' id='word_1_134' title='bbox 3407 2316 3426 2351; x_wconf 99' lang='lat'>,</span> <span class='ocrx_word' id='word_1_135' title='bbox 3460 2264 3580 2337; x_wconf 92' lang='lat' dir='ltr'>sed</span> 
     </span>
     <span class='ocr_line' id='line_1_15' title="bbox 767 2384 3578 2480; baseline 0.001 -24"><span class='ocrx_word' id='word_1_136' title='bbox 767 2384 977 2457; x_wconf 90' lang='lat' dir='ltr'>totius</span> <span class='ocrx_word' id='word_1_137' title='bbox 1026 2386 1219 2479; x_wconf 87' lang='lat' dir='ltr'>vulgi</span> <span class='ocrx_word' id='word_1_138' title='bbox 1267 2388 1530 2458; x_wconf 92' lang='lat' dir='ltr'>clamor</span> <span class='ocrx_word' id='word_1_139' title='bbox 1571 2388 1643 2458; x_wconf 92' lang='lat' dir='ltr'>in</span> <span class='ocrx_word' id='word_1_140' title='bbox 1689 2389 1906 2458; x_wconf 91' lang='lat' dir='ltr'>altum</span> <span class='ocrx_word' id='word_1_141' title='bbox 1961 2385 2385 2477; x_wconf 78' lang='lat' dir='ltr'>ascendenS,</span> <span class='ocrx_word' id='word_1_142' title='bbox 2437 2394 2509 2457; x_wconf 90' lang='lat' dir='ltr'>et</span> <span class='ocrx_word' id='word_1_143' title='bbox 2554 2406 2697 2458; x_wconf 94' lang='lat' dir='ltr'>non</span> <span class='ocrx_word' id='word_1_144' title='bbox 2746 2387 2969 2456; x_wconf 89' lang='lat' dir='ltr'>solum</span> <span class='ocrx_word' id='word_1_145' title='bbox 3028 2385 3304 2480; x_wconf 88' lang='lat' dir='ltr'>publica</span> <span class='ocrx_word' id='word_1_146' title='bbox 3353 2386 3578 2477; x_wconf 82' lang='lat' dir='ltr'>fama,</span> 
     </span>
     <span class='ocr_line' id='line_1_16' title="bbox 759 2506 3586 2603; baseline 0.001 -26"><span class='ocrx_word' id='word_1_147' title='bbox 759 2506 975 2578; x_wconf 93' lang='lat' dir='ltr'>immo</span> <span class='ocrx_word' id='word_1_148' title='bbox 1005 2508 1155 2603; x_wconf 90' lang='lat' dir='ltr'>ipsa</span> <span class='ocrx_word' id='word_1_149' title='bbox 1188 2509 1289 2580; x_wconf 91' lang='lat' dir='ltr'>rei</span> <span class='ocrx_word' id='word_1_150' title='bbox 1322 2509 1674 2582; x_wconf 85' lang='lat' dir='ltr'>evidentia</span> <span class='ocrx_word' id='word_1_151' title='bbox 1701 2520 1940 2581; x_wconf 91' lang='lat' dir='ltr'>nostro</span> <span class='ocrx_word' id='word_1_152' title='bbox 1967 2508 2252 2580; x_wconf 92' lang='lat' dir='ltr'>culmini</span> <span class='ocrx_word' id='word_1_153' title='bbox 2281 2508 2730 2597; x_wconf 88' lang='lat' dir='ltr'>declarasset,</span> <span class='ocrx_word' id='word_1_154' title='bbox 2756 2530 2917 2579; x_wconf 91' lang='lat' dir='ltr'>cum</span> <span class='ocrx_word' id='word_1_155' title='bbox 2946 2530 3039 2580; x_wconf 88' lang='lat' dir='ltr'>ex</span> <span class='ocrx_word' id='word_1_156' title='bbox 3066 2508 3303 2580; x_wconf 92' lang='lat' dir='ltr'>debito</span> <span class='ocrx_word' id='word_1_157' title='bbox 3332 2509 3586 2600; x_wconf 89' lang='lat' dir='ltr'>regalis</span> 
     </span>
     <span class='ocr_line' id='line_1_17' title="bbox 762 2631 3579 2728; baseline 0.001 -26"><span class='ocrx_word' id='word_1_158' title='bbox 762 2631 1193 2703; x_wconf 91' lang='lat' dir='ltr'>celsitudinis</span> <span class='ocrx_word' id='word_1_159' title='bbox 1247 2633 1556 2703; x_wconf 93' lang='lat' dir='ltr'>omnium</span> <span class='ocrx_word' id='word_1_160' title='bbox 1608 2633 1891 2728; x_wconf 91' lang='lat' dir='ltr'>quidem</span> <span class='ocrx_word' id='word_1_161' title='bbox 1942 2631 2390 2705; x_wconf 90' lang='lat' dir='ltr'>ecclesiarum</span> <span class='ocrx_word' id='word_1_162' title='bbox 2448 2631 2540 2703; x_wconf 89' lang='lat' dir='ltr'>ad</span> <span class='ocrx_word' id='word_1_163' title='bbox 2589 2652 2719 2703; x_wconf 93' lang='lat' dir='ltr'>nos</span> <span class='ocrx_word' id='word_1_164' title='bbox 2763 2632 3106 2726; x_wconf 88' lang='lat' dir='ltr'>pertineat</span> <span class='ocrx_word' id='word_1_165' title='bbox 3154 2631 3579 2724; x_wconf 89' lang='lat' dir='ltr'>sollicitud0,</span> 
     </span>
     <span class='ocr_line' id='line_1_18' title="bbox 760 2755 3580 2851; baseline 0.001 -25"><span class='ocrx_word' id='word_1_166' title='bbox 760 2756 1153 2849; x_wconf 86' lang='lat' dir='ltr'>specialiter</span> <span class='ocrx_word' id='word_1_167' title='bbox 1200 2768 1437 2828; x_wconf 91' lang='lat' dir='ltr'>autem</span> <span class='ocrx_word' id='word_1_168' title='bbox 1471 2779 1561 2828; x_wconf 90' lang='lat' dir='ltr'>ex</span> <span class='ocrx_word' id='word_1_169' title='bbox 1604 2758 1969 2829; x_wconf 90' lang='lat' dir='ltr'>commissa</span> <span class='ocrx_word' id='word_1_170' title='bbox 2009 2756 2156 2829; x_wconf 89' lang='lat' dir='ltr'>divi</span> <span class='ocrx_word' id='word_1_171' title='bbox 2205 2755 2423 2851; x_wconf 88' lang='lat' dir='ltr'>patris</span> <span class='ocrx_word' id='word_1_172' title='bbox 2458 2755 2677 2827; x_wconf 89' lang='lat' dir='ltr'>nostri</span> <span class='ocrx_word' id='word_1_173' title='bbox 2707 2755 3057 2850; x_wconf 88' lang='lat' dir='ltr'>sepedicte</span> <span class='ocrx_word' id='word_1_174' title='bbox 3088 2755 3339 2827; x_wconf 92' lang='lat' dir='ltr'>domus</span> <span class='ocrx_word' id='word_1_175' title='bbox 3384 2779 3580 2849; x_wconf 90' lang='lat' dir='ltr'>cura,</span> 
     </span>
     <span class='ocr_line' id='line_1_19' title="bbox 761 2878 3587 2975; baseline 0 -25"><span class='ocrx_word' id='word_1_176' title='bbox 761 2880 963 2971; x_wconf 85' lang='lat' dir='ltr'>cujus</span> <span class='ocrx_word' id='word_1_177' title='bbox 999 2880 1245 2950; x_wconf 85' lang='lat' dir='ltr'>fratres</span> <span class='ocrx_word' id='word_1_178' title='bbox 1272 2880 1535 2975; x_wconf 89' lang='lat' dir='ltr'>proprii</span> <span class='ocrx_word' id='word_1_179' title='bbox 1568 2880 1921 2971; x_wconf 84' lang='lat' dir='ltr'>sanguinis</span> <span class='ocrx_word' id='word_1_180' title='bbox 1954 2890 2118 2951; x_wconf 90' lang='lat' dir='ltr'>sunt</span> <span class='ocrx_word' id='word_1_181' title='bbox 2145 2879 2417 2974; x_wconf 79' lang='lat' dir='ltr'>prodigi</span> <span class='ocrx_word' id='word_1_182' title='bbox 2453 2901 2582 2973; x_wconf 89' lang='lat' dir='ltr'>pro</span> <span class='ocrx_word' id='word_1_183' title='bbox 2614 2878 3071 2973; x_wconf 89' lang='lat' dir='ltr'>ampliacione</span> <span class='ocrx_word' id='word_1_184' title='bbox 3099 2900 3183 2951; x_wconf 91' lang='lat' dir='ltr'>ac</span> <span class='ocrx_word' id='word_1_185' title='bbox 3218 2900 3587 2953; x_wconf 89' lang='lat' dir='ltr'>conserva-</span> 
     </span>
     <span class='ocr_line' id='line_1_20' title="bbox 764 3000 3589 3098; baseline 0 -24"><span class='ocrx_word' id='word_1_186' title='bbox 764 3003 951 3075; x_wconf 87' lang='lat' dir='ltr'>tione</span> <span class='ocrx_word' id='word_1_187' title='bbox 990 3000 1156 3075; x_wconf 88' lang='lat' dir='ltr'>fidei</span> <span class='ocrx_word' id='word_1_188' title='bbox 1193 3004 1614 3093; x_wconf 83' lang='lat' dir='ltr'>orthodoxe,</span> <span class='ocrx_word' id='word_1_189' title='bbox 1647 3004 1736 3076; x_wconf 94' lang='lat' dir='ltr'>de</span> <span class='ocrx_word' id='word_1_190' title='bbox 1776 3003 2195 3098; x_wconf 88' lang='lat' dir='ltr'>prudentum</span> <span class='ocrx_word' id='word_1_191' title='bbox 2232 3013 2305 3074; x_wconf 91' lang='lat' dir='ltr'>et</span> <span class='ocrx_word' id='word_1_192' title='bbox 2331 3002 2889 3097; x_wconf 86' lang='lat' dir='ltr'>jurisperitorum</span> <span class='ocrx_word' id='word_1_193' title='bbox 2927 3003 3214 3075; x_wconf 90' lang='lat' dir='ltr'>consilio</span> <span class='ocrx_word' id='word_1_194' title='bbox 3251 3003 3589 3098; x_wconf 89' lang='lat' dir='ltr'>dilapida-</span> 
     </span>
     <span class='ocr_line' id='line_1_21' title="bbox 764 3127 3586 3223; baseline 0 -23"><span class='ocrx_word' id='word_1_195' title='bbox 764 3137 987 3200; x_wconf 86' lang='lat' dir='ltr'>torem</span> <span class='ocrx_word' id='word_1_196' title='bbox 1033 3131 1464 3201; x_wconf 88' lang='lat' dir='ltr'>antedictum</span> <span class='ocrx_word' id='word_1_197' title='bbox 1486 3184 1504 3221; x_wconf 92' lang='lat'>,</span> <span class='ocrx_word' id='word_1_198' title='bbox 1541 3130 1663 3222; x_wconf 88' lang='lat' dir='ltr'>qui</span> <span class='ocrx_word' id='word_1_199' title='bbox 1700 3130 1813 3201; x_wconf 90' lang='lat' dir='ltr'>die</span> <span class='ocrx_word' id='word_1_200' title='bbox 1849 3129 1981 3201; x_wconf 90' lang='lat' dir='ltr'>sibi</span> <span class='ocrx_word' id='word_1_201' title='bbox 2013 3138 2084 3200; x_wconf 91' lang='lat' dir='ltr'>et</span> <span class='ocrx_word' id='word_1_202' title='bbox 2119 3128 2448 3200; x_wconf 84' lang='lat' dir='ltr'>fratribus</span> <span class='ocrx_word' id='word_1_203' title='bbox 2488 3150 2531 3199; x_wconf 92' lang='lat' dir='ltr'>a</span> <span class='ocrx_word' id='word_1_204' title='bbox 2566 3129 2768 3200; x_wconf 91' lang='lat' dir='ltr'>nobis</span> <span class='ocrx_word' id='word_1_205' title='bbox 2805 3127 3070 3223; x_wconf 85' lang='lat' dir='ltr'>prefixo</span> <span class='ocrx_word' id='word_1_206' title='bbox 3114 3139 3463 3222; x_wconf 88' lang='lat' dir='ltr'>tamquam</span> <span class='ocrx_word' id='word_1_207' title='bbox 3496 3129 3586 3201; x_wconf 92' lang='lat' dir='ltr'>de</span> 
     </span>
     <span class='ocr_line' id='line_1_22' title="bbox 754 3253 3589 3352; baseline 0.001 -30"><span class='ocrx_word' id='word_1_208' title='bbox 754 3253 915 3344; x_wconf 86' lang='lat' dir='ltr'>jure</span> <span class='ocrx_word' id='word_1_209' title='bbox 957 3275 1085 3325; x_wconf 90' lang='lat' dir='ltr'>suo</span> <span class='ocrx_word' id='word_1_210' title='bbox 1119 3254 1470 3352; x_wconf 88' lang='lat' dir='ltr'>diffidens,</span> <span class='ocrx_word' id='word_1_211' title='bbox 1514 3275 1646 3325; x_wconf 90' lang='lat' dir='ltr'>nec</span> <span class='ocrx_word' id='word_1_212' title='bbox 1678 3253 2097 3349; x_wconf 89' lang='lat' dir='ltr'>comparuit,</span> <span class='ocrx_word' id='word_1_213' title='bbox 2137 3274 2269 3324; x_wconf 93' lang='lat' dir='ltr'>nec</span> <span class='ocrx_word' id='word_1_214' title='bbox 2303 3253 2773 3347; x_wconf 89' lang='lat' dir='ltr'>responsalem</span> <span class='ocrx_word' id='word_1_215' title='bbox 2815 3253 3088 3325; x_wconf 89' lang='lat' dir='ltr'>mittere</span> <span class='ocrx_word' id='word_1_216' title='bbox 3116 3253 3419 3344; x_wconf 89' lang='lat' dir='ltr'>curavit,</span> <span class='ocrx_word' id='word_1_217' title='bbox 3456 3275 3589 3325; x_wconf 91' lang='lat' dir='ltr'>nec</span> 
     </span>
     <span class='ocr_line' id='line_1_23' title="bbox 763 3356 3587 3470; baseline 0.001 -25"><span class='ocrx_word' id='word_1_218' title='bbox 763 3375 1147 3469; x_wconf 88' lang='lat' dir='ltr'>quidquam</span> <span class='ocrx_word' id='word_1_219' title='bbox 1190 3378 1278 3449; x_wconf 93' lang='lat' dir='ltr'>de</span> <span class='ocrx_word' id='word_1_220' title='bbox 1303 3378 1462 3469; x_wconf 89' lang='lat' dir='ltr'>jure</span> <span class='ocrx_word' id='word_1_221' title='bbox 1495 3399 1657 3467; x_wconf 88' lang='lat' dir='ltr'>suc,</span> <span class='ocrx_word' id='word_1_222' title='bbox 1698 3377 1756 3449; x_wconf 91' lang='lat' dir='ltr'>si</span> <span class='ocrx_word' id='word_1_223' title='bbox 1788 3377 1977 3470; x_wconf 92' lang='lat' dir='ltr'>quod</span> <span class='ocrx_word' id='word_1_224' title='bbox 2014 3376 2292 3466; x_wconf 92' lang='lat' dir='ltr'>habuit,</span> <span class='ocrx_word' id='word_1_225' title='bbox 2338 3376 2611 3466; x_wconf 89' lang='lat' dir='ltr'>docuit,</span> <span class='ocrx_word' id='word_1_226' title='bbox 2652 3356 2831 3448; x_wconf 90' lang='lat' dir='ltr'>sicut</span> <span class='ocrx_word' id='word_1_227' title='bbox 2871 3377 3214 3448; x_wconf 86' lang='lat' dir='ltr'>facturum</span> <span class='ocrx_word' id='word_1_228' title='bbox 3247 3399 3321 3449; x_wconf 92' lang='lat' dir='ltr'>se</span> <span class='ocrx_word' id='word_1_229' title='bbox 3355 3398 3587 3449; x_wconf 91' lang='lat' dir='ltr'>coram</span> 
     </span>
     <span class='ocr_line' id='line_1_24' title="bbox 764 3499 3589 3607; baseline 0.002 -39"><span class='ocrx_word' id='word_1_230' title='bbox 764 3499 965 3572; x_wconf 87' lang='lat' dir='ltr'>nobis</span> <span class='ocrx_word' id='word_1_231' title='bbox 992 3501 1517 3594; x_wconf 83' lang='lat' dir='ltr'>expressissime</span> <span class='ocrx_word' id='word_1_232' title='bbox 1552 3501 1921 3607; x_wconf 81' lang='lat' dir='ltr'>obligavit,</span> <span class='ocrx_word' id='word_1_233' title='bbox 1958 3522 2119 3572; x_wconf 90' lang='lat' dir='ltr'>cum</span> <span class='ocrx_word' id='word_1_234' title='bbox 2161 3499 2455 3595; x_wconf 87' lang='lat' dir='ltr'>predicti</span> <span class='ocrx_word' id='word_1_235' title='bbox 2506 3500 2752 3571; x_wconf 85' lang='lat' dir='ltr'>fratres</span> <span class='ocrx_word' id='word_1_236' title='bbox 2786 3499 2936 3595; x_wconf 93' lang='lat' dir='ltr'>ipso</span> <span class='ocrx_word' id='word_1_237' title='bbox 2974 3500 3087 3572; x_wconf 93' lang='lat' dir='ltr'>die</span> <span class='ocrx_word' id='word_1_238' title='bbox 3129 3501 3218 3572; x_wconf 91' lang='lat' dir='ltr'>de</span> <span class='ocrx_word' id='word_1_239' title='bbox 3256 3501 3415 3593; x_wconf 86' lang='lat' dir='ltr'>jure</span> <span class='ocrx_word' id='word_1_240' title='bbox 3462 3523 3589 3575; x_wconf 92' lang='lat' dir='ltr'>suo</span> 
     </span>
     <span class='ocr_line' id='line_1_25' title="bbox 768 3623 3594 3719; baseline 0.001 -25"><span class='ocrx_word' id='word_1_241' title='bbox 768 3635 906 3694; x_wconf 85' lang='lat' dir='ltr'>tam</span> <span class='ocrx_word' id='word_1_242' title='bbox 965 3646 1093 3719; x_wconf 89' lang='lat' dir='ltr'>per</span> <span class='ocrx_word' id='word_1_243' title='bbox 1144 3625 1589 3718; x_wconf 88' lang='lat' dir='ltr'>privilegium</span> <span class='ocrx_word' id='word_1_244' title='bbox 1646 3624 2066 3696; x_wconf 91' lang='lat' dir='ltr'>serenissimi</span> <span class='ocrx_word' id='word_1_245' title='bbox 2111 3623 2328 3718; x_wconf 92' lang='lat' dir='ltr'>patris</span> <span class='ocrx_word' id='word_1_246' title='bbox 2387 3624 2645 3714; x_wconf 91' lang='lat' dir='ltr'>nostri,</span> <span class='ocrx_word' id='word_1_247' title='bbox 2698 3645 2909 3716; x_wconf 87' lang='lat' dir='ltr'>quam</span> <span class='ocrx_word' id='word_1_248' title='bbox 2958 3646 3086 3718; x_wconf 89' lang='lat' dir='ltr'>per</span> <span class='ocrx_word' id='word_1_249' title='bbox 3133 3625 3331 3697; x_wconf 89' lang='lat' dir='ltr'>vivos</span> <span class='ocrx_word' id='word_1_250' title='bbox 3380 3634 3594 3698; x_wconf 88' lang='lat' dir='ltr'>testes</span> 
     </span>
     <span class='ocr_line' id='line_1_26' title="bbox 763 3739 3585 3844; baseline 0.001 -26"><span class='ocrx_word' id='word_1_251' title='bbox 763 3739 1160 3843; x_wconf 87' lang='lat' dir='ltr'>plenissime</span> <span class='ocrx_word' id='word_1_252' title='bbox 1195 3770 1324 3820; x_wconf 91' lang='lat' dir='ltr'>nos</span> <span class='ocrx_word' id='word_1_253' title='bbox 1359 3749 1819 3820; x_wconf 83' lang='lat' dir='ltr'>instruxerint</span> <span class='ocrx_word' id='word_1_254' title='bbox 1841 3759 1910 3820; x_wconf 89' lang='lat' dir='ltr'>et</span> <span class='ocrx_word' id='word_1_255' title='bbox 1942 3757 2208 3844; x_wconf 89' lang='lat' dir='ltr'>aperte,</span> <span class='ocrx_word' id='word_1_256' title='bbox 2247 3748 2339 3819; x_wconf 88' lang='lat' dir='ltr'>ab</span> <span class='ocrx_word' id='word_1_257' title='bbox 2367 3747 2989 3818; x_wconf 87' lang='lat' dir='ltr'>amministratione</span> <span class='ocrx_word' id='word_1_258' title='bbox 3020 3748 3236 3843; x_wconf 91' lang='lat' dir='ltr'>ipsius</span> <span class='ocrx_word' id='word_1_259' title='bbox 3256 3749 3585 3840; x_wconf 82' lang='lat' dir='ltr'>ecclesie,</span> 
     </span>
     <span class='ocr_line' id='line_1_27' title="bbox 762 3872 3591 3966; baseline 0.001 -24"><span class='ocrx_word' id='word_1_260' title='bbox 762 3893 976 3965; x_wconf 93' lang='lat' dir='ltr'>quam</span> <span class='ocrx_word' id='word_1_261' title='bbox 1013 3873 1415 3945; x_wconf 83' lang='lat' dir='ltr'>excessibus</span> <span class='ocrx_word' id='word_1_262' title='bbox 1457 3873 1598 3943; x_wconf 93' lang='lat' dir='ltr'>suis</span> <span class='ocrx_word' id='word_1_263' title='bbox 1640 3873 2012 3962; x_wconf 89' lang='lat' dir='ltr'>demeruit,</span> <span class='ocrx_word' id='word_1_264' title='bbox 2051 3872 2382 3943; x_wconf 89' lang='lat' dir='ltr'>duximus</span> <span class='ocrx_word' id='word_1_265' title='bbox 2418 3872 2917 3960; x_wconf 88' lang='lat' dir='ltr'>amovendum,</span> <span class='ocrx_word' id='word_1_266' title='bbox 2956 3893 3115 3942; x_wconf 92' lang='lat' dir='ltr'>cum</span> <span class='ocrx_word' id='word_1_267' title='bbox 3149 3872 3591 3966; x_wconf 85' lang='lat' dir='ltr'>privilegium</span> 
     </span>
     <span class='ocr_line' id='line_1_28' title="bbox 765 3994 3595 4089; baseline 0 -22"><span class='ocrx_word' id='word_1_268' title='bbox 765 4005 1085 4067; x_wconf 89' lang='lat' dir='ltr'>teneatur</span> <span class='ocrx_word' id='word_1_269' title='bbox 1143 3996 1498 4086; x_wconf 89' lang='lat' dir='ltr'>amittere,</span> <span class='ocrx_word' id='word_1_270' title='bbox 1559 3995 1680 4088; x_wconf 88' lang='lat' dir='ltr'>qui</span> <span class='ocrx_word' id='word_1_271' title='bbox 1739 3996 2075 4089; x_wconf 86' lang='lat' dir='ltr'>permissa</span> <span class='ocrx_word' id='word_1_272' title='bbox 2135 3995 2267 4066; x_wconf 93' lang='lat' dir='ltr'>sibi</span> <span class='ocrx_word' id='word_1_273' title='bbox 2322 3994 2633 4065; x_wconf 90' lang='lat' dir='ltr'>abutitur</span> <span class='ocrx_word' id='word_1_274' title='bbox 2704 4003 3073 4087; x_wconf 86' lang='lat' dir='ltr'>potestate.</span> <span class='ocrx_word' id='word_1_275' title='bbox 3137 3995 3306 4066; x_wconf 91' lang='lat' dir='ltr'>Cum</span> <span class='ocrx_word' id='word_1_276' title='bbox 3383 3995 3595 4086; x_wconf 88' lang='lat' dir='ltr'>igitur</span> 
     </span>
     <span class='ocr_line' id='line_1_29' title="bbox 763 4116 3591 4213; baseline 0.001 -24"><span class='ocrx_word' id='word_1_277' title='bbox 763 4120 1013 4192; x_wconf 85' lang='lat' dir='ltr'>fratres</span> <span class='ocrx_word' id='word_1_278' title='bbox 1062 4120 1394 4192; x_wconf 84' lang='lat' dir='ltr'>antedicti</span> <span class='ocrx_word' id='word_1_279' title='bbox 1453 4120 1634 4213; x_wconf 92' lang='lat' dir='ltr'>patri</span> <span class='ocrx_word' id='word_1_280' title='bbox 1689 4129 1927 4190; x_wconf 90' lang='lat' dir='ltr'>nostro</span> <span class='ocrx_word' id='word_1_281' title='bbox 1983 4129 2052 4191; x_wconf 91' lang='lat' dir='ltr'>et</span> <span class='ocrx_word' id='word_1_282' title='bbox 2109 4120 2310 4190; x_wconf 92' lang='lat' dir='ltr'>nobis</span> <span class='ocrx_word' id='word_1_283' title='bbox 2361 4118 2503 4189; x_wconf 91' lang='lat' dir='ltr'>suis</span> <span class='ocrx_word' id='word_1_284' title='bbox 2550 4116 2993 4209; x_wconf 88' lang='lat' dir='ltr'>exigentibus</span> <span class='ocrx_word' id='word_1_285' title='bbox 3047 4116 3309 4187; x_wconf 89' lang='lat' dir='ltr'>meritis</span> <span class='ocrx_word' id='word_1_286' title='bbox 3356 4117 3591 4191; x_wconf 89' lang='lat' dir='ltr'>dilecti</span> 
     </span>
     <span class='ocr_line' id='line_1_30' title="bbox 764 4239 3593 4338; baseline 0 -24"><span class='ocrx_word' id='word_1_287' title='bbox 764 4243 1024 4337; x_wconf 85' lang='lat' dir='ltr'>pariter</span> <span class='ocrx_word' id='word_1_288' title='bbox 1053 4255 1124 4315; x_wconf 92' lang='lat' dir='ltr'>et</span> <span class='ocrx_word' id='word_1_289' title='bbox 1150 4244 1442 4338; x_wconf 92' lang='lat' dir='ltr'>accepti,</span> <span class='ocrx_word' id='word_1_290' title='bbox 1471 4243 1975 4337; x_wconf 92' lang='lat' dir='ltr'>possessionem</span> <span class='ocrx_word' id='word_1_291' title='bbox 2010 4242 2298 4315; x_wconf 92' lang='lat' dir='ltr'>ecclesie</span> <span class='ocrx_word' id='word_1_292' title='bbox 2328 4241 2400 4313; x_wconf 89' lang='lat' dir='ltr'>in</span> <span class='ocrx_word' id='word_1_293' title='bbox 2424 4240 3010 4332; x_wconf 84' lang='lat' dir='ltr'>Ellingen,quam</span> <span class='ocrx_word' id='word_1_294' title='bbox 3043 4239 3114 4309; x_wconf 90' lang='lat' dir='ltr'>in</span> <span class='ocrx_word' id='word_1_295' title='bbox 3145 4250 3478 4334; x_wconf 90' lang='lat' dir='ltr'>nostram,</span> <span class='ocrx_word' id='word_1_296' title='bbox 3511 4255 3593 4315; x_wconf 91' lang='lat' dir='ltr'>ut</span> 
     </span>
     <span class='ocr_line' id='line_1_31' title="bbox 765 4362 3591 4461; baseline 0.001 -26"><span class='ocrx_word' id='word_1_297' title='bbox 765 4365 1240 4459; x_wconf 79' lang='lat' dir='ltr'>prediximuS,</span> <span class='ocrx_word' id='word_1_298' title='bbox 1294 4367 1769 4438; x_wconf 87' lang='lat' dir='ltr'>defensionem</span> <span class='ocrx_word' id='word_1_299' title='bbox 1828 4365 2296 4461; x_wconf 91' lang='lat' dir='ltr'>suscepimus,</span> <span class='ocrx_word' id='word_1_300' title='bbox 2362 4387 2452 4437; x_wconf 91' lang='lat' dir='ltr'>ne</span> <span class='ocrx_word' id='word_1_301' title='bbox 2503 4364 2740 4456; x_wconf 88' lang='lat' dir='ltr'>inique</span> <span class='ocrx_word' id='word_1_302' title='bbox 2794 4362 3321 4435; x_wconf 87' lang='lat' dir='ltr'>machinationis</span> <span class='ocrx_word' id='word_1_303' title='bbox 3362 4366 3591 4440; x_wconf 90' lang='lat' dir='ltr'>studio</span> 
     </span>
     <span class='ocr_line' id='line_1_32' title="bbox 765 4487 3592 4585; baseline 0 -25"><span class='ocrx_word' id='word_1_304' title='bbox 765 4489 1154 4584; x_wconf 87' lang='lat' dir='ltr'>deperiret,</span> <span class='ocrx_word' id='word_1_305' title='bbox 1208 4490 1562 4561; x_wconf 87' lang='lat' dir='ltr'>humiliter</span> <span class='ocrx_word' id='word_1_306' title='bbox 1607 4499 2004 4585; x_wconf 89' lang='lat' dir='ltr'>repeterent</span> <span class='ocrx_word' id='word_1_307' title='bbox 2054 4499 2124 4560; x_wconf 92' lang='lat' dir='ltr'>et</span> <span class='ocrx_word' id='word_1_308' title='bbox 2170 4489 2468 4577; x_wconf 91' lang='lat' dir='ltr'>devote,</span> <span class='ocrx_word' id='word_1_309' title='bbox 2514 4509 2644 4559; x_wconf 91' lang='lat' dir='ltr'>nos</span> <span class='ocrx_word' id='word_1_310' title='bbox 2692 4487 2780 4558; x_wconf 93' lang='lat' dir='ltr'>de</span> <span class='ocrx_word' id='word_1_311' title='bbox 2832 4487 3120 4557; x_wconf 90' lang='lat' dir='ltr'>consilio</span> <span class='ocrx_word' id='word_1_312' title='bbox 3175 4489 3592 4561; x_wconf 90' lang='lat' dir='ltr'>venerabilis</span> 
     </span>
     <span class='ocr_line' id='line_1_33' title="bbox 766 4593 3592 4708; baseline 0 -25"><span class='ocrx_word' id='word_1_313' title='bbox 766 4611 1074 4708; x_wconf 88' lang='lat' dir='ltr'>episcopi</span> <span class='ocrx_word' id='word_1_314' title='bbox 1129 4613 1694 4703; x_wconf 82' lang='lat' dir='ltr'>WormatiensiS,</span> <span class='ocrx_word' id='word_1_315' title='bbox 1758 4613 1993 4685; x_wconf 90' lang='lat' dir='ltr'>dilecti</span> <span class='ocrx_word' id='word_1_316' title='bbox 2058 4634 2142 4684; x_wconf 90' lang='lat' dir='ltr'>ac</span> <span class='ocrx_word' id='word_1_317' title='bbox 2209 4611 2563 4683; x_wconf 87' lang='lat' dir='ltr'>familiaris</span> <span class='ocrx_word' id='word_1_318' title='bbox 2618 4609 2949 4706; x_wconf 90' lang='lat' dir='ltr'>principis</span> <span class='ocrx_word' id='word_1_319' title='bbox 3008 4610 3263 4702; x_wconf 89' lang='lat' dir='ltr'>nostri,</span> <span class='ocrx_word' id='word_1_320' title='bbox 3319 4593 3592 4685; x_wconf 88' lang='lat' dir='ltr'>necnon</span> 
     </span>
     <span class='ocr_line' id='line_1_34' title="bbox 763 4734 3589 4831; baseline 0.001 -25"><span class='ocrx_word' id='word_1_321' title='bbox 763 4734 1002 4807; x_wconf 90' lang='lat' dir='ltr'>dilecti</span> <span class='ocrx_word' id='word_1_322' title='bbox 1060 4737 1558 4830; x_wconf 91' lang='lat' dir='ltr'>consanguinei</span> <span class='ocrx_word' id='word_1_323' title='bbox 1619 4747 1689 4810; x_wconf 90' lang='lat' dir='ltr'>et</span> <span class='ocrx_word' id='word_1_324' title='bbox 1756 4736 2085 4831; x_wconf 91' lang='lat' dir='ltr'>principis</span> <span class='ocrx_word' id='word_1_325' title='bbox 2129 4737 2348 4809; x_wconf 90' lang='lat' dir='ltr'>nostri</span> <span class='ocrx_word' id='word_1_326' title='bbox 2407 4734 2687 4809; x_wconf 90' lang='lat' dir='ltr'>Henrici</span> <span class='ocrx_word' id='word_1_327' title='bbox 2746 4735 3115 4826; x_wconf 86' lang='lat' dir='ltr'>lantgravii</span> <span class='ocrx_word' id='word_1_328' title='bbox 3169 4735 3541 4830; x_wconf 88' lang='lat' dir='ltr'>Thuringie</span> <span class='ocrx_word' id='word_1_329' title='bbox 3566 4791 3589 4830; x_wconf 94' lang='lat'>,</span> 
     </span>
    </p>
   </div>
  </div>
 </body>
</html>
