4525 6031
991 486 1114 547 578
1882 550 1885 553 .
1985 495 2419 559 munemel
2463 496 2815 559 secutum
3439 496 3613 575 [An.
3638 497 3821 561 1247.

989 621 1150 693 vide
1182 640 1258 693 se
1294 622 1607 695 eludant.
1648 625 2101 705 Considerato
2136 641 2510 725 propterea
2541 629 2963 702 verecundie
2995 639 3234 702 notam
3266 631 3553 702 culmini
3589 642 3824 706 nostre

986 747 1367 838 majestatis
1401 746 1800 821 incumbere
1820 802 1841 840 ,
1879 771 2089 843 quam
2118 765 2494 844 regnantes
2529 755 2788 828 debere
2819 753 3280 849 prospicimus
3303 755 3651 848 quoslibet
3677 756 3826 828 evi-

988 879 1174 967 tare,
1212 869 1684 964 dispositionis
1716 883 1902 944 recte
1934 876 2298 947 materiam
2331 877 2403 946 in
2437 876 2572 950 boc
2613 877 2904 969 singulis
2941 876 3307 967 tradimus,
3343 876 3515 948 dum
3541 876 3824 951 heredi'·

988 991 1242 1063 tarium
1282 1015 1575 1085 regnum
1617 1006 1933 1068 nostrum
1975 998 2203 1071 Sicilie
2248 1022 2497 1095 parere
2539 1001 2741 1073 uobis
2777 1000 2851 1071 in
2881 999 3025 1090 bis,
3065 1000 3246 1073 sicut
3285 1000 3358 1071 in
3396 1001 3825 1094 quibuslibet

989 1116 1143 1186 aliis
1176 1117 1368 1188 omni
1398 1138 1655 1209 genere
1697 1118 2090 1193 devotionis
2131 1124 2568 1216 obsequitur,
2604 1124 3032 1196 ordinamus.
3067 1123 3509 1215 Quamquam
3540 1134 3817 1215 autem,

986 1240 1160 1312 dum
1212 1242 1482 1334 pridem
1536 1243 1829 1314 feliciter
1877 1245 1970 1316 ab
2026 1247 2276 1318 eodem
2333 1268 2550 1339 regno
2609 1247 3051 1337 secessimus,
3111 1247 3455 1319 evidentis
3506 1247 3824 1320 utilitatis

981 1364 1211 1456 gratia
1254 1365 1690 1438 Germaniam
1738 1368 2067 1461 revisuri,
2120 1369 2452 1445 officiales
2499 1391 2746 1442 omnes
2788 1383 2862 1442 et
2901 1371 3303 1466 capitaneos
3353 1392 3481 1465 per
3515 1380 3823 1442 nostram

976 1489 1479 1563 ‚excellentiam
1531 1490 1923 1582 ordinatoS,
1967 1504 2121 1587 post
2171 1494 2568 1589 depositum
2615 1494 2981 1566 commisse
3029 1495 3162 1566 sibi
3206 1494 3822 1568 administrationis

981 1610 1328 1701 officium,
1383 1613 1451 1683 in
1502 1636 1756 1707 magna
1804 1615 1998 1687 curia
2047 1618 2247 1689 nobis
2305 1619 2600 1690 feliciter
2656 1618 2727 1689 in
2781 1639 2997 1710 regno
3055 1618 3534 1713 presentibus,
3578 1619 3696 1690 vel
3743 1619 3820 1690 in

980 1736 1301 1807 absentia
1333 1748 1570 1809 nostra
1607 1760 1841 1810 coram
1874 1761 1958 1811 eo
1994 1740 2116 1832 qui
2157 1742 2348 1812 vices
2383 1751 2655 1813 nostras
2683 1741 2943 1813 ibidem
2981 1762 3111 1836 pro
3148 1751 3463 1835 tempore
3505 1750 3812 1833 gereret,

983 1860 1393 1951 jusserimus
1421 1862 2042 1955 presentandOS,ut
2070 1886 2282 1958 super
2300 1866 2829 1937 executionibus
2861 1864 3375 1955 mandatorum,
3404 1885 3544 1957 que
3575 1865 3670 1936 ad
3695 1883 3826 1937 eos

991 1979 1206 2053 fiscali
1245 1986 1359 2054 vel
1389 1985 1820 2078 privatorum
1858 1985 2155 2057 utilitate
2186 1998 2542 2081 poscente,
2576 1988 2801 2060 officio
2839 1988 3134 2060 durante
3169 1997 3657 2083 pervenerant,
3689 2009 3817 2080 po·

988 2116 1243 2176 nerent
1284 2107 1659 2198 rationem,
1704 2119 1910 2202 prout
1962 2130 2056 2179 ex
2104 2109 2318 2180 literis
2368 2113 2622 2183 nostris
2665 2113 2759 2185 ad
2803 2113 3178 2184 Henricum
3223 2112 3554 2184 dilectum
3598 2110 3816 2182 filium

990 2239 1305 2301 nostrum
1347 2241 1417 2301 et
1461 2232 1679 2324 ipsius
1712 2232 1880 2302 olim
1920 2233 2348 2305 consiliarios
2391 2235 2786 2325 destinatiS,
2819 2257 2994 2328 quas
3036 2257 3162 2330 per
3200 2236 3390 2330 ipsos
3425 2257 3552 2330 per
3595 2245 3815 2307 totum

991 2374 1281 2445 regnum
1310 2355 1664 2448 publicare
1695 2355 2203 2449 mandavimus,
2229 2357 2318 2428 ad
2346 2380 2474 2430 vos
2501 2360 2908 2452 conjicimus
2934 2359 3367 2453 pervenisse3
3396 2359 3560 2450 quia
3585 2369 3816 2432 tamen

991 2476 1324 2571 temporis
1364 2496 1448 2549 ac
1490 2499 1721 2549 rerum
1764 2462 2101 2551 varietate
2146 2489 2517 2575 poscente,
2554 2483 2811 2576 quibus
2855 2491 3132 2576 oportet
3179 2482 3444 2575 captari
3489 2483 3809 2574 consilia,

990 2603 1267 2673 fortune
1284 2612 1519 2673 nostre
1543 2602 2248 2698 felicitas,prorogato
2275 2604 2523 2675 itinere
2549 2604 2642 2676 ad
2666 2604 3069 2695 Germanos,
3092 2603 3163 2675 in
3197 2605 3471 2697 Ligurie
3503 2606 3816 2700 partibus

988 2742 1120 2796 nos
1162 2724 1571 2817 aliquandiu
1614 2735 2005 2798 moraturos
2048 2724 2428 2798 instituerit
2469 2736 2552 2798 ut
2592 2736 2884 2819 auguste
2927 2727 3237 2823 potentie
3275 2728 3442 2799 novi
3485 2725 3816 2822 triumphi

988 2849 1278 2919 materia
1302 2869 1447 2919 non
1480 2848 1782 2937 deesset,
1820 2845 1945 2945 [et]
1974 2869 2072 2919 ex
2100 2850 2392 2944 predicti
2419 2848 2542 2921 filii
2573 2851 2791 2924 nostri
2823 2850 3256 2936 consiliariis,
3287 2870 3525 2922 coram
3560 2850 3815 2945 quibus

990 2970 1320 3043 officiales
1360 2991 1763 3065 comparere
1801 2980 2170 3065 propterea
2202 2972 2640 3064 debuissent,
2673 2974 2942 3069 aliquos
2968 2975 3042 3045 in
3075 2974 3511 3046 alleviatione
3540 2982 3812 3047 nostro-

991 3117 1148 3166 rum
1176 3115 1466 3164 onerum
1496 3094 1586 3165 ad
1624 3103 1931 3164 nostram
1957 3097 2381 3190 presentiam
2415 3107 2769 3188 evocatOS,
2807 3107 2877 3169 et
2904 3099 3244 3192 quosdam
3272 3098 3443 3170 alios
3470 3099 3623 3170 aliis
3649 3119 3812 3170 nos·

992 3216 1114 3288 tris
1170 3216 1464 3288 servitiis
1512 3216 1919 3289 duxerimus
1964 3220 2515 3313 promovendos;
2569 3243 2727 3292 cum
2779 3217 3100 3293 fidelibus
3147 3222 3400 3292 nostris
3445 3211 3814 3314 regnicolis

988 3341 1264 3413 solitam
1280 3341 1689 3411 excellentie
1709 3350 1942 3412 nostre
1956 3344 2563 3416 mansuetudinem
2584 3355 3017 3433 exercenteS,
3035 3342 3363 3417 veniendi
3383 3355 3666 3440 propter
3680 3345 3812 3417 hoc

978 3464 1081 3537 ad
1108 3473 1341 3559 partes
1368 3464 1637 3557 imperii
1672 3485 1827 3534 eam
1860 3467 2341 3539 necessitatem
2381 3467 2894 3559 submovimus,
2931 3488 3026 3539 ne
3059 3461 3399 3540 damnosa
3429 3468 3561 3540 sibi
3596 3459 3809 3566 puop-

990 3599 1179 3660 terea
1210 3596 1444 3659 nostre
1471 3589 1849 3679 majestatis
1875 3586 2098 3661 officia
2130 3602 2559 3684 reputarent.
2597 3591 2807 3663 Vobis
2835 3591 3044 3682 igitur
3069 3591 3160 3664 de
3187 3612 3486 3683 quomm
3511 3602 3810 3686 experta

986 3707 1127 3781 fide
1160 3710 1600 3798 confidimuS,
1636 3731 1930 3802 quorum
1964 3712 2377 3784 industriam
2413 3715 2486 3784 in
2522 3715 2673 3785 aliis
2701 3714 3129 3808 experimur,
3166 3735 3344 3807 quos
3373 3716 3808 3789 examinato·

982 3853 1098 3903 res
1143 3853 1292 3903 esse
1324 3834 1650 3903 volumus
1687 3833 1774 3905 de
1819 3834 2188 3928 predictiS,
2219 3838 2646 3930 presentium
2692 3837 3100 3908 auctoritate
3143 3838 3567 3932 precipimus
3606 3849 3803 3911 man-

968 3956 1231 4029 dantes
1257 3967 1597 4049 quatenus
1626 3967 1708 4027 ut
1736 3958 2251 4053 quamprimum
2284 3960 2611 4034 officiales
2641 3960 2968 4031 transacti
2997 3962 3329 4056 temporis
3348 4015 3367 4052 ‚
3401 3982 3527 4056 per
3563 3963 3806 4034 excel·

978 4081 1268 4153 lentiam
1316 4092 1624 4152 nostram
1663 4081 2137 4176 principaliter
2178 4082 2522 4170 ordinati,
2579 4082 2873 4177 posituri
2917 4083 3262 4155 rationem
3309 4083 3401 4155 de
3441 4093 3641 4176 gesto
3675 4102 3809 4179 per

980 4204 1171 4297 ipsos
1202 4204 1437 4275 officio
1467 4205 1584 4274 vel
1622 4225 1701 4275 se
1744 4203 1950 4276 nobis
1988 4207 2347 4275 ultroneos
2381 4205 2717 4295 offerent,
2757 4206 2878 4277 vel
2932 4203 3023 4278 ad
3067 4207 3143 4278 id
3185 4207 3417 4278 vocati
3466 4226 3546 4278 se
3589 4207 3807 4278 etiam

976 4328 1513 4420 presentabunt3
1558 4327 1761 4397 tactis
1805 4327 2268 4399 sacrosanctis
2313 4329 2725 4420 evangeliis,
2778 4330 3136 4426 corporale
3185 4329 3525 4428 prebeant
3567 4311 3805 4402 sacra-

974 4431 1293 4522 mentum
1332 4449 1527 4544 quod
1554 4448 1884 4521 mandata
1910 4449 2148 4521 omnia
2178 4461 2253 4523 et
2284 4453 2545 4543 literaS,
2580 4474 2756 4546 quas
2777 4475 2819 4525 a
2844 4455 3203 4546 majestate
3237 4464 3480 4526 nostra
3521 4463 3807 4548 propter

970 4572 1282 4646 officium
1312 4573 1655 4644 creditum
1689 4573 2160 4645 exercendum
2189 4586 2634 4672 receperunt,
2666 4579 2867 4650 vobis
2899 4578 3202 4651 debeant
3223 4578 3495 4670 integre
3518 4597 3804 4674 presen-
