4525 6031
645 717 845 776 btmcr.
879 716 970 791 7.]
1537 708 1936 771 HISTORIA
1982 709 2573 771 DIPLOMATICA.
3335 714 3456 776 719

648 857 880 919 nostre
917 855 1123 942 capto
1159 854 1231 916 et
1260 843 1463 918 bonis
1502 844 1655 937 ejus
1690 844 2011 918 omnibus
2042 841 2372 916 infiscatis
2391 897 2413 936 ,
2444 845 2696 917 domus
2724 854 2796 917 et
2827 845 2960 918 alie
3007 867 3118 919 res
3145 846 3455 942 predicte

655 971 747 1043 ad
795 992 1044 1042 manus
1101 968 1292 1041 curie
1347 979 1583 1041 nostre
1641 990 1801 1040 cum
1845 967 2047 1041 bonis
2089 968 2242 1040 aliis
2289 967 2605 1061 ejusdem
2645 968 2897 1041 Taffuri
2950 982 3455 1065 pervenerunt,

657 1094 835 1166 sicut
881 1093 1158 1181 dicunt,
1197 1113 1317 1163 eas
1347 1091 1515 1187 ipsis
1556 1091 1824 1163 restitui
1864 1101 2004 1162 tam
2036 1093 2225 1184 juste
2271 1113 2482 1185 quam
2519 1092 3054 1165 misericorditer
3100 1093 3462 1167 mandare·

654 1239 839 1308 mus,
867 1217 1171 1289 maxime
1202 1237 1363 1287 cum
1394 1216 1530 1287 alia
1559 1215 1746 1288 bona
1771 1223 2157 1288 conventus
2186 1215 2501 1308 ejusdem
2528 1237 2656 1288 nos
2688 1217 2779 1289 ad
2808 1238 2984 1312 opus
3014 1217 3203 1289 curie
3227 1228 3461 1290 nostre

654 1341 848 1413 velut
890 1341 1076 1414 bona
1114 1338 1377 1411 fiscalia
1423 1358 1547 1411 seu
1583 1337 1677 1411 ad
1716 1360 1893 1434 opus
1932 1337 2101 1411 dicti
2151 1339 2549 1410 monasterii
2599 1338 2865 1412 dudum
2903 1339 3465 1412 mandaverimus

654 1464 1035 1559 procurari.
1095 1463 1237 1534 Nos
1287 1462 1522 1558 itaque
1571 1460 1812 1533 fiscum
1863 1472 2179 1533 nostrum
2227 1484 2389 1533 cum
2449 1462 2677 1534 aliena
2728 1464 3006 1554 Jactura
3059 1462 3466 1557 locupletari

654 1587 969 1659 nolentes
987 1640 1009 1677 ,
1037 1585 1653 1680 supplicationibus
1682 1584 2157 1679 predictorum
2183 1581 2494 1657 fidelium
2523 1586 2891 1678 benignius
2917 1586 3259 1675 inclinati,
3297 1584 3469 1659 fide-

651 1709 827 1781 litati
863 1720 980 1781 tue
1017 1709 1467 1804 precipiendo
1493 1708 1907 1781 mandamus
1933 1718 2281 1802 quatenus
2317 1708 2375 1780 si
2409 1708 2532 1781 tibi
2563 1709 2946 1781 constiterit
2976 1709 3065 1781 de
3093 1708 3421 1804 predictis
3440 1760 3461 1799 ,

659 1832 945 1905 domum
996 1841 1067 1904 et
1103 1854 1218 1904 res
1258 1831 1429 1903 alias
1474 1832 1567 1905 ad
1604 1841 2029 1905 conventum
2074 1832 2305 1926 ipsum
2356 1831 2446 1903 de
2485 1832 2647 1924 jure
2690 1840 3084 1928 spectantes
3122 1852 3297 1923 quas
3343 1851 3473 1924 per

657 1965 1115 2028 memoratum
1164 1955 1514 2027 Taffurum
1548 1956 1777 2027 taliter
1810 1955 2021 2027 fuisse
2058 1955 2481 2050 compereris
2526 1965 2937 2050 occupataS,
2989 1953 3252 2026 eisdem
3294 1952 3470 2026 fide-

660 2078 841 2150 libus
870 2080 1126 2152 nostris
1156 2079 1269 2151 vel
1302 2100 1545 2151 eorum
1586 2079 1832 2150 nuntio
1863 2079 2013 2150 sine
2045 2078 2451 2151 difficultate
2483 2079 2795 2171 qualibet
2837 2078 3050 2150 facias
3094 2078 3469 2170 resignari,

665 2224 790 2296 per
847 2203 1035 2297 ipsos
1095 2202 1278 2274 sicut
1314 2203 1451 2275 alia
1502 2202 1688 2275 bona
1733 2212 2119 2275 conventus
2176 2200 2493 2295 ejusdem
2545 2201 2635 2273 de
2687 2209 2921 2273 cetero
2961 2201 3056 2273 ad
3095 2222 3272 2296 opus
3307 2200 3476 2274 dicti

665 2326 1062 2399 monasterii
1088 2325 1552 2421 procuranda.
1588 2326 1763 2397 Data
1800 2324 1989 2420 apud
2018 2324 2451 2414 Fuchiclum,
2491 2325 2967 2397 sextodecimo
2997 2323 3272 2419 apriIiS,
3314 2346 3474 2420 sep-

663 2447 826 2519 time
857 2448 1279 2521 indictioniS.
1319 2447 1430 2520 Ad
1458 2450 1656 2542 cujus
1685 2447 2168 2521 executionem
2197 2447 2508 2519 mandati
2531 2470 2692 2520 cum
2722 2469 2852 2519 nos
2880 2444 3106 2544 [non]
3133 2447 3477 2541 possimus

663 2572 1117 2666 personaliter
1160 2572 1495 2644 interesse
1525 2626 1546 2665 ,
1595 2572 1719 2645 tibi
1757 2571 2188 2643 comictimus
2221 2571 2411 2643 vices
2438 2580 2741 2661 nostraS,
2786 2592 2877 2641 ex
2905 2570 3243 2664 imperiali
3278 2580 3476 2666 parte

661 2716 801 2787 qua
850 2695 1203 2788 fungimur
1243 2695 1653 2767 auctoritate
1696 2695 2107 2767 mandantes
2148 2705 2491 2789 quatenus
2545 2704 2809 2766 attenta
2850 2696 3070 2766 forma
3115 2693 3480 2790 prescripti

666 2817 1040 2913 imperialis
1075 2818 1424 2908 mandati,
1460 2818 1519 2890 si
1548 2818 1672 2890 tibi
1698 2819 2085 2891 constiterit
2117 2818 2205 2890 de
2239 2818 2583 2891 contentis
2614 2818 2686 2889 in
2721 2818 2906 2913 ipsc,
2940 2817 3227 2890 domum
3266 2827 3338 2888 et
3368 2837 3481 2898 res

668 2942 837 3013 alias
867 2942 959 3015 ad
999 2952 1421 3015 conventum
1468 2942 1697 3038 ipsum
1728 2941 1819 3014 de
1844 2944 2004 3036 jure
2038 2951 2431 3038 spectantes
2464 2964 2639 3036 quas
2676 2964 2801 3038 per
2836 2952 3296 3013 memoratum
3327 2941 3484 3013 Taf-

671 3066 897 3137 snrum
951 3068 1180 3139 taliter
1232 3067 1442 3138 fuisse
1488 3066 1880 3162 reppereris
1919 3076 2330 3160 occupataS,
2383 3065 2644 3138 eisdem
2697 3065 3054 3138 monachis
3088 3067 3202 3137 vel
3239 3087 3481 3137 eorum

668 3191 913 3261 nuntio
960 3190 1110 3262 sine
1156 3189 1561 3262 difficultate
1617 3190 1929 3283 qualibet
1971 3190 2236 3261 faciatis
2298 3188 2665 3282 resignari,
2728 3211 2854 3284 per
2887 3190 3075 3285 ipsos
3120 3189 3300 3261 sicut
3347 3189 3485 3260 alia

666 3312 851 3385 bona
882 3313 1048 3386 dicti
1080 3314 1455 3385 monasteri
1486 3313 1576 3385 de
1605 3324 1840 3386 cetero
1876 3311 2339 3408 procuranda.
2382 3315 2484 3384 De
2522 3311 2989 3406 assignatione
3024 3334 3194 3384 vero
3224 3311 3486 3384 eisdem

666 3436 1020 3508 monachis
1074 3437 1133 3507 si
1173 3437 1263 3509 de
1302 3438 1461 3529 jure
1494 3437 1900 3508 inveneritis
1946 3435 2264 3507 facienda
2290 3489 2310 3527 ,
2359 3436 2622 3508 faciatis
2652 3433 2803 3507 fieri
2834 3436 3189 3531 publicum
3227 3435 3486 3507 instru-

670 3571 978 3632 mentum
1040 3559 1135 3632 ad
1182 3580 1311 3630 nos
1366 3580 1492 3654 pro
1545 3536 1742 3655 parte
1783 3559 1972 3630 curie
2033 3558 2517 3631 deferendum.
2571 3560 2824 3631 Datum
2866 3559 3197 3655 Neapoli,
3239 3569 3489 3651 quarto

669 3683 927 3773 madii,
968 3683 1259 3777 septime
1288 3682 1711 3755 indictionis·

768 3806 1065 3902 Cupiens
1096 3807 1306 3899 igitur
1338 3807 1729 3901 predictum
1754 3806 2162 3878 mandatum
2197 3806 2454 3898 exequi
2482 3816 2910 3896 reverenter,
2949 3806 3139 3900 apud
3159 3808 3489 3877 Sanctum

673 3931 1092 4002 Germanum
1127 3950 1239 4000 me
1280 3930 1740 4023 personaliter
1770 3929 2034 4002 contuli
2072 3938 2143 4000 et
2181 3927 2419 4000 habito
2449 3951 2609 4000 cum
2656 3929 3157 4001 deliberatione
3201 3928 3491 4002 consilio

674 4051 763 4123 de
819 4050 1172 4147 premissis
1231 4050 1654 4144 prudentum
1708 4051 2018 4124 virorum
2072 4048 2336 4123 domini
2380 4050 2817 4145 imperatoris
2863 4048 3213 4140 fidelium,
3272 4051 3493 4122 forma

673 4173 1068 4246 lieterarum
1103 4173 1420 4266 ejusdem
1468 4174 1781 4247 mandati
1821 4174 2192 4266 diligenter
2225 4182 2527 4263 attenta,
2567 4194 2729 4244 cum
2763 4195 2890 4270 per
2928 4173 3145 4245 verba
3185 4172 3492 4267 ipsarum

673 4297 1057 4369 litterarum
1106 4295 1468 4368 videretur
1527 4297 1721 4389 quod
1785 4297 2076 4370 deberet
2129 4297 2483 4370 ordinario
2535 4296 2802 4389 judicio
2871 4296 2948 4367 in
3009 4295 3290 4387 negotio
3340 4296 3492 4391 ipso

670 4420 900 4515 potius
935 4440 1147 4513 quam
1178 4440 1307 4515 per
1336 4419 1852 4512 inquisitionem
1881 4420 2193 4516 procedi,
2225 4442 2387 4492 cum
2420 4419 2708 4493 consilio
2735 4419 3207 4516 predictorum
3231 4419 3496 4491 domini

668 4543 1104 4639 imperatoris
1151 4540 1463 4614 fidelium
1498 4544 1572 4615 in
1617 4565 1828 4616 causa
1864 4546 2015 4639 ipsa
2061 4544 2334 4640 providi
2380 4544 2528 4615 fore
2558 4543 2910 4615 ordinario
2939 4541 3204 4635 judicio
3255 4564 3498 4637 proce-

670 4666 1009 4758 dendum,
1036 4674 1117 4737 ut
1137 4665 1387 4737 melius
1415 4676 1487 4739 et
1511 4668 1783 4740 cautius
1809 4689 1937 4764 pro
1971 4678 2170 4763 parte
2201 4665 2581 4762 imperialis
2617 4666 2808 4738 curie
2845 4666 3110 4737 dictum
3137 4665 3495 4758 negotium

673 4799 1111 4862 tractaretur.
1157 4789 1493 4863 Ordinato
1525 4791 1761 4884 itaque
1789 4790 2056 4883 judicio
2086 4799 2157 4862 et
2187 4798 2543 4886 assumpto
2572 4789 2743 4861 mihi
2773 4790 2845 4862 in
2875 4810 3297 4862 assessorem
3327 4810 3499 4885 pru-
