4525 6031
1077 667 1204 727 ’174
2085 661 2515 724 FntnEmcl
2564 660 2915 723 sEcuNm
3525 660 3690 739 [Anu.
3724 661 3904 725 1250.

1070 801 1449 874 devorant.
1492 797 1596 870 Oh
1627 807 1801 892 quot
1828 796 1937 867 his
1971 797 2222 869 diebus
2252 796 2326 867 in
2349 796 2799 887 Alamannia,
2827 796 2899 867 in
2933 795 3128 867 Italia
3161 804 3234 867 et
3266 794 3909 891 in'circumquaque

1081 924 1484 1018 regionibus
1520 921 1782 994 corrosi
1837 921 2164 1009 suerunt,
2218 920 2292 991 in
2332 920 2739 992 servitutem
2793 918 3093 1008 redacti,
3142 919 3356 990 occisi
3399 928 3471 991 et
3519 920 3591 990 in
3624 921 3913 992 exilium
4028 993 4046 1009 ‚

1075 1070 1212 1145 per
1239 1065 1480 1120 eorum
1513 1044 2064 1117 machinationes
2096 1044 2484 1137 profugati,
2523 1065 2820 1135 quorum
2842 1042 3254 1135 sanguinem
3304 1042 3393 1114 de
3429 1063 3641 1114 manu
3669 1064 3910 1115 eorum

1079 1173 1286 1264 juxta
1317 1168 1797 1265 propheticum
1848 1166 1955 1263 (⁴)
2014 1168 2326 1260 requiret
2361 1162 2735 1240 Dominus!
2784 1166 3151 1252 Quomodo
3187 1188 3262 1237 se
3300 1165 3619 1238 dilatavit
3668 1187 3907 1238 eorum

1086 1294 1479 1385 malignitas
1503 1302 1584 1364 ut
1609 1293 1706 1363 ita
1724 1291 1854 1362 sub
1881 1313 2123 1363 eorum
2149 1291 2512 1364 fraudibus
2531 1291 2848 1363 homines
2866 1290 3364 1362 incurventur?
3388 1290 3651 1361 Prodiit
3678 1301 3908 1364 tamen

1083 1419 1156 1489 in
1189 1419 1418 1489 lucem
1464 1416 1794 1509 iniquitas
1831 1436 2071 1486 eorum
2095 1466 2116 1506 ,
2177 1425 2248 1486 et
2287 1415 2590 1510 superba
2636 1414 3011 1486 meditatus
3041 1415 3115 1484 in
3156 1415 3413 1506 angulo
3449 1414 3768 1506 Lugduni
3806 1410 3906 1510 (a)

1042 1528 1217 1647 [sub
1245 1540 1671 1613 verecundia
1718 1539 1998 1610 latitans
2027 1539 2121 1610 ab
2151 1538 2481 1610 omnibus
2521 1546 2850 1630 tanquam
2881 1538 3227 1609 mendacii
3251 1548 3453 1632 pater
3501 1537 3901 1632 despicitur.

1088 1664 1151 1737 A
1172 1664 1557 1758 praeceptis
1585 1664 1736 1754 ejus
1759 1662 1959 1733 multi
1986 1661 2452 1750 diverterunt,
2475 1671 2545 1759 et
2556 1662 2681 1756 qui
2708 1682 2931 1754 usque
2946 1683 3133 1733 nunc
3151 1682 3310 1732 cum
3334 1661 3466 1733 isto
3480 1662 3902 1752 sentiebant,

1090 1810 1281 1860 nunc
1324 1787 1476 1859 vias
1528 1787 1678 1878 ejus
1714 1785 2116 1857 abhorrent.
2155 1786 2343 1872 Quot
2381 1786 2565 1857 enim
2600 1786 2815 1856 millia
2860 1784 3220 1857 hominum
3262 1805 3470 1856 causa
3506 1785 3663 1876 ejus
3693 1785 3908 1879 perie-

1093 1921 1296 1998 runt,
1352 1930 1651 2003 quorum
1705 1910 2053 1982 cadavera
2103 1910 2314 2005 paulo
2359 1920 2524 1981 ante
2558 1911 2771 2002 juxta
2819 1910 3078 1981 flumen
3122 1911 3258 1982 Nili
3302 1911 3607 2005 suscepit
3646 1912 3905 2006 AEgyp-
3944 1911 3949 1915 ’

1093 2046 1206 2107 tus
1235 2033 1369 2130 (2).
1411 2035 1591 2106 Illud
1618 2052 1899 2128 quoque
1935 2055 2077 2106 non
2113 2033 2389 2125 ignorat
2428 2035 2754 2126 majestas
2791 2046 2946 2125 tua,
2982 2034 3283 2127 qualiter
3314 2056 3475 2105 cum
3513 2036 3908 2126 juramento

1091 2167 1386 2231 mortem
1421 2169 1727 2230 nostram
1759 2157 2055 2229 asseruit
2096 2166 2175 2228 ut
2204 2155 2449 2229 fideles
2474 2166 2751 2230 nostros
2787 2180 2830 2229 a
2863 2156 3198 2230 fidelitate
3237 2167 3473 2230 nostra
3502 2169 3892 2250 revocat-ets

1081 2281 1391 2376 qualiter
1422 2303 1661 2353 servos
1708 2303 2069 2353 servorum
2110 2282 2494 2373 majestatis
2525 2292 2807 2353 nostrae
2842 2283 2920 2352 in
2959 2281 3370 2354 Alamannia
3414 2305 3541 2377 per
3578 2283 3719 2354 vim
3758 2285 3908 2357 sive

1087 2426 1221 2500 per
1247 2404 1622 2476 blanditias
1654 2414 1895 2476 contra
1927 2425 2059 2476 nos
2096 2404 2534 2476 recalcitrare
2582 2405 2833 2497 coegit.
2877 2406 3223 2491 Quamdiu
3261 2406 3439 2477 sacri
3485 2406 3801 2478 redditus
3840 2416 3911 2478 et

1087 2537 1471 2623 proventus
1503 2549 1681 2620 quos
1708 2528 1797 2599 ab
1823 2528 2132 2600 Ecclesia
2160 2528 2506 2599 violenter
2535 2528 2825 2599 extorsit
2844 2581 2867 2617 ‚
2904 2549 3145 2601 eorum
3180 2530 3617 2624 processibus
3649 2531 3909 2602 servie-

1083 2662 1285 2741 runt,
1320 2652 1392 2722 in
1422 2651 1693 2724 theatro
1733 2651 1978 2722 mundi
2007 2670 2120 2722 res
2157 2671 2398 2723 eorum
2425 2650 2811 2723 floruerunt
2855 2661 2926 2724 et
2965 2652 3095 2723 fuit
3131 2673 3372 2724 eorum
3403 2654 3683 2747 spiritus
3714 2655 3913 2747 quasi

1088 2798 1300 2871 rupes
1322 2776 1457 2847 sub
1485 2776 1657 2847 mari
1690 2775 1971 2846 latitans
1995 2774 2408 2860 induratus3
2442 2774 2563 2846 ubi
2589 2784 2824 2846 autem
2844 2796 3085 2847 omnes
3112 2775 3418 2848 thesauri
3445 2788 3905 2869 evanuerunt,

1085 2900 1252 2972 hino
1289 2909 1360 2971 et
1394 2900 1586 2971 illinc
1631 2898 1704 2970 in
1751 2898 1988 2989 fugam
2027 2899 2357 2970 conversi
2398 2907 2596 2988 sunt,
2634 2907 2914 2970 nostrae
2949 2899 3285 2972 dexterae
3339 2901 3564 2971 minas
3598 2901 3910 2972 reformi-

1089 3026 1362 3098 dantes.
1398 3025 1764 3096 Praeterea
1794 3034 2102 3095 nostram
2139 3024 2581 3118 prudentiam
2613 3046 2757 3096 non
2790 3025 2966 3117 fugit
2999 3025 3191 3117 quod
3238 3046 3348 3097 res
3379 3025 3475 3096 ita
3502 3045 3583 3097 se
3612 3024 3902 3115 habeat,

1087 3149 1269 3220 sicut
1303 3167 1431 3242 per
1479 3158 1631 3218 tuas
1669 3147 1932 3218 litteras
1964 3147 2164 3218 nobis
2202 3146 2593 3218 insinuasti.
2635 3147 2753 3218 Isti
2791 3156 3026 3219 autem
3060 3149 3334 3219 Fratres
3364 3167 3580 3241 quum
3612 3148 3684 3219 in
3722 3148 3910 3242 prin-

1079 3271 1270 3365 cipio
1325 3271 1399 3341 in
1455 3270 1769 3363 partibus
1812 3270 1962 3340 istis
2013 3267 2117 3365 (b)
2178 3279 2643 3361 morarentur,
2697 3271 2901 3342 aliter
2947 3270 3037 3342 de
3092 3281 3212 3343 tua
3246 3273 3609 3363 majestate
3649 3272 3906 3344 sentire

1087 3394 1508 3466 videbantur
1529 3414 1749 3486 quam
1791 3415 2023 3481 nunc,
2073 3402 2441 3486 postquam
2483 3402 2726 3466 contra
2771 3413 3016 3466 eorum
3054 3394 3451 3489 opinionem
3495 3396 3908 3470 favorabiloe

1083 3525 1252 3587 tuae
1282 3514 1658 3605 majestatis
1693 3524 1987 3588 eventus
2016 3514 2122 3612 (3)
2149 3536 2189 3587 a
2215 3517 2424 3588 nobis
2455 3516 2853 3589 audierunt.
2887 3519 2997 3589 Ex
3027 3518 3281 3610 quibus
3312 3519 3787 3592 absconditam
3828 3519 3903 3591 in

1077 3638 1190 3711 ais
1229 3638 1640 3734 pravitatem
1693 3659 2072 3730 agnoscere
2116 3649 2237 3712 tua
2259 3641 2599 3733 &majestas
2630 3650 2896 3736 potest,
2938 3641 3130 3736 quod
3168 3661 3319 3715 non
3360 3654 3645 3738 propter
3694 3642 3907 3717 fidem

1172 3835 1255 3921 (a)
1298 3833 1427 3902 Hoc
1447 3856 1664 3902 nomen
1688 3858 1933 3920 graecus
1951 3844 2237 3920 interpres
2260 3860 2379 3903 non
2402 3839 2559 3904 bene
2568 3839 2885 3923 intellexit,
2913 3842 3073 3923 quod
3093 3846 3262 3924 signo
3276 3842 3431 3907 lectu
3449 3843 3677 3908 difficili
3703 3852 3763 3906 et
3783 3845 3908 3925 syl-

1087 3940 1225 4008 labo
1251 3945 1304 4004 xit
1329 3947 1635 4025 expressit.
1659 3944 1974 4023 Proposult
1997 3952 2195 4008 autem
2225 3941 2511 4010 Wollflus
2536 3945 2673 4008 νυνὶ.

1159 4044 1250 4132 (Β)
1290 4046 1515 4115 ornem
1542 4046 1781 4119 mot,
1819 4048 2040 4113 scilieet
2064 4036 2354 4135 samito.
2382 4049 2474 4114 ne
2506 4053 2748 4114 mute
2783 4056 2911 4132 ipsa
2940 4054 3278 4117 Brundusio
3310 4057 3408 4117 hie
3450 4057 3548 4136 agi
3580 4058 3908 4136 suspicatur

1083 4158 1389 4235 Wollflus,
1418 4176 1479 4237 p.
1515 4165 1613 4232 50,
1648 4164 1768 4218 not.
1805 4167 1863 4233 1,
1893 4159 2257 4220 Fridericum
2284 4158 2597 4220 Brundusii
2629 4165 2773 4220 tunc
2801 4160 3132 4222 substitisse
3158 4168 3342 4222 ratus.

1161 4473 1232 4548 (l)
1269 4473 1533 4544 Ezechiel,
1557 4474 1649 4544 m,
1685 4475 1775 4529 ⁴8.

1162 4571 1237 4646 (2)
1274 4570 1356 4629 Ad
1378 4569 1585 4627 cladem
1605 4568 1937 4626 Francorum
1957 4569 2110 4641 juxta
2136 4570 2319 4628 Nilum
2340 4584 2511 4644 prope
2531 4570 2835 4629 Mensorum
2859 4570 3003 4628 clare
3027 4571 3303 4630 alluditur.

1164 4669 1239 4743 (3)
1275 4667 1376 4724 Hic
1402 4665 1567 4723 alludi
1595 4665 1892 4723 arbitratur
1916 4665 2168 4722 Wollflus
2202 4667 2271 4723 ad
2299 4665 2481 4724 varias
2505 4665 2688 4725 clades
2713 4683 2853 4741 quae
2889 4674 3018 4725 tunc
3056 4669 3231 4727 Latini
3256 4668 3325 4727 ab
3361 4668 3681 4744 imperatore
3704 4669 3906 4730 Nioeno

1090 4767 1432 4836 acceperant.
1456 4760 1536 4819 Cf.
1565 4762 1759 4835 Georq.
1792 4762 2060 4838 Aeropol„
2092 4777 2214 4837 cap.
2239 4762 2334 4819 ⁴7.

2794 4881 2839 4917 *ἢ
