<?xml version="1.0" encoding="UTF-8"?>
<!DOCTYPE html PUBLIC "-//W3C//DTD XHTML 1.0 Transitional//EN"
    "http://www.w3.org/TR/xhtml1/DTD/xhtml1-transitional.dtd">
<html xmlns="http://www.w3.org/1999/xhtml" xml:lang="en" lang="en">
 <head>
  <title>
</title>
<meta http-equiv="Content-Type" content="text/html;charset=utf-8" />
  <meta name='ocr-system' content='tesseract 3.04.00' />
  <meta name='ocr-capabilities' content='ocr_page ocr_carea ocr_par ocr_line ocrx_word'/>
</head>
<body>
  <div class='ocr_page' id='page_1' title='image "./historiadiploma01empegoog_0095.png"; bbox 0 0 4525 6031; ppageno 0'>
   <div class='ocr_carea' id='block_1_1' title="bbox 654 622 3485 705">
    <p class='ocr_par' dir='ltr' id='par_1_1' title="bbox 654 622 3485 705">
     <span class='ocr_line' id='line_1_1' title="bbox 654 622 3485 705; baseline 0 -17"><span class='ocrx_word' id='word_1_1' title='bbox 654 631 855 689; x_wconf 62' lang='lat' dir='ltr'><strong>rumor.</strong></span> <span class='ocrx_word' id='word_1_2' title='bbox 886 626 980 705; x_wconf 81' lang='grc'><strong>6.]</strong></span> <span class='ocrx_word' id='word_1_3' title='bbox 1555 624 1953 688; x_wconf 76' lang='lat' dir='ltr'><strong>msronm</strong></span> <span class='ocrx_word' id='word_1_4' title='bbox 2002 622 2593 686; x_wconf 73' lang='grc' dir='ltr'><strong>υιΡιοΜΑΤιοΑ.</strong></span> <span class='ocrx_word' id='word_1_5' title='bbox 3365 629 3485 689; x_wconf 86' lang='lat'><strong>635</strong></span> 
     </span>
    </p>
   </div>
   <div class='ocr_carea' id='block_1_2' title="bbox 616 759 3486 3580">
    <p class='ocr_par' dir='ltr' id='par_1_2' title="bbox 616 759 3486 3580">
     <span class='ocr_line' id='line_1_2' title="bbox 653 759 3486 854; baseline 0.001 -21"><span class='ocrx_word' id='word_1_6' title='bbox 653 763 932 835; x_wconf 79' lang='lat' dir='ltr'><strong>fortuna</strong></span> <span class='ocrx_word' id='word_1_7' title='bbox 977 759 1382 851; x_wconf 88' lang='lat' dir='ltr'><strong>certaverit,</strong></span> <span class='ocrx_word' id='word_1_8' title='bbox 1404 770 1711 833; x_wconf 79' lang='lat' dir='ltr'><strong>‘eatenus</strong></span> <span class='ocrx_word' id='word_1_9' title='bbox 1753 770 2234 834; x_wconf 80' lang='lat' dir='ltr'><strong>verumtamen</strong></span> <span class='ocrx_word' id='word_1_10' title='bbox 2271 782 2400 832; x_wconf 89' lang='lat' dir='ltr'><strong>nos</strong></span> <span class='ocrx_word' id='word_1_11' title='bbox 2441 759 2830 854; x_wconf 83' lang='lat' dir='ltr'>superiores</span> <span class='ocrx_word' id='word_1_12' title='bbox 2875 760 2946 830; x_wconf 93' lang='lat' dir='ltr'><strong>in</strong></span> <span class='ocrx_word' id='word_1_13' title='bbox 2993 780 3155 833; x_wconf 90' lang='lat' dir='ltr'><strong>area</strong></span> <span class='ocrx_word' id='word_1_14' title='bbox 3194 762 3486 836; x_wconf 87' lang='lat' dir='ltr'><strong>felicitas</strong></span> 
     </span>
     <span class='ocr_line' id='line_1_3' title="bbox 649 881 3483 985; baseline 0.001 -29"><span class='ocrx_word' id='word_1_15' title='bbox 649 895 889 957; x_wconf 84' lang='lat' dir='ltr'><strong>nostra</strong></span> <span class='ocrx_word' id='word_1_16' title='bbox 918 884 1301 973; x_wconf 85' lang='lat' dir='ltr'><strong>constituit,</strong></span> <span class='ocrx_word' id='word_1_17' title='bbox 1341 892 1422 955; x_wconf 87' lang='lat' dir='ltr'><strong>ut</strong></span> <span class='ocrx_word' id='word_1_18' title='bbox 1438 886 1587 978; x_wconf 87' lang='lat' dir='ltr'><strong>jam</strong></span> <span class='ocrx_word' id='word_1_19' title='bbox 1620 906 1761 956; x_wconf 93' lang='lat' dir='ltr'><strong>non</strong></span> <span class='ocrx_word' id='word_1_20' title='bbox 1792 885 1976 957; x_wconf 90' lang='lat' dir='ltr'><strong>vinci</strong></span> <span class='ocrx_word' id='word_1_21' title='bbox 2003 905 2232 979; x_wconf 90' lang='lat' dir='ltr'><strong>posse,</strong></span> <span class='ocrx_word' id='word_1_22' title='bbox 2273 883 2399 956; x_wconf 89' lang='lat' dir='ltr'><strong>sed</strong></span> <span class='ocrx_word' id='word_1_23' title='bbox 2433 884 2717 955; x_wconf 88' lang='lat' dir='ltr'><strong>vincere</strong></span> <span class='ocrx_word' id='word_1_24' title='bbox 2745 883 2986 979; x_wconf 93' lang='lat' dir='ltr'><strong>procul</strong></span> <span class='ocrx_word' id='word_1_25' title='bbox 3017 883 3232 985; x_wconf 89' lang='lat' dir='ltr'><strong>dubio</strong></span> <span class='ocrx_word' id='word_1_26' title='bbox 3264 881 3483 958; x_wconf 87' lang='lat' dir='ltr'><strong>confi-</strong></span> 
     </span>
     <span class='ocr_line' id='line_1_4' title="bbox 651 1008 3482 1103; baseline 0.001 -23"><span class='ocrx_word' id='word_1_27' title='bbox 651 1008 926 1080; x_wconf 80' lang='lat' dir='ltr'><strong>damus.</strong></span> <span class='ocrx_word' id='word_1_28' title='bbox 967 1011 1098 1079; x_wconf 90' lang='lat' dir='ltr'><strong>Ter</strong></span> <span class='ocrx_word' id='word_1_29' title='bbox 1138 1028 1305 1078; x_wconf 91' lang='lat' dir='ltr'><strong>sena</strong></span> <span class='ocrx_word' id='word_1_30' title='bbox 1339 1008 1792 1103; x_wconf 79' lang='lat' dir='ltr'><strong>projecimuS,</strong></span> <span class='ocrx_word' id='word_1_31' title='bbox 1828 1008 2027 1079; x_wconf 90' lang='lat' dir='ltr'><strong>velut</strong></span> <span class='ocrx_word' id='word_1_32' title='bbox 2055 1008 2178 1100; x_wconf 89' lang='lat' dir='ltr'><strong>qui</strong></span> <span class='ocrx_word' id='word_1_33' title='bbox 2217 1008 2660 1078; x_wconf 88' lang='lat' dir='ltr'><strong>multitudine</strong></span> <span class='ocrx_word' id='word_1_34' title='bbox 2703 1018 3167 1103; x_wconf 81' lang='lat' dir='ltr'><strong>pugnatorum</strong></span> <span class='ocrx_word' id='word_1_35' title='bbox 3214 1018 3482 1103; x_wconf 89' lang='lat' dir='ltr'><strong>partem</strong></span> 
     </span>
     <span class='ocr_line' id='line_1_5' title="bbox 649 1130 3482 1222; baseline 0.001 -19"><span class='ocrx_word' id='word_1_36' title='bbox 649 1130 1020 1204; x_wconf 82' lang='lat' dir='ltr'><strong>adversam</strong></span> <span class='ocrx_word' id='word_1_37' title='bbox 1063 1131 1534 1202; x_wconf 82' lang='lat' dir='ltr'><strong>Parmensium</strong></span> <span class='ocrx_word' id='word_1_38' title='bbox 1579 1130 1932 1204; x_wconf 88' lang='lat' dir='ltr'><strong>civitatem</strong></span> <span class='ocrx_word' id='word_1_39' title='bbox 1972 1131 2406 1203; x_wconf 78' lang='lat' dir='ltr'><strong>laborantem</strong></span> <span class='ocrx_word' id='word_1_40' title='bbox 2441 1130 2512 1200; x_wconf 93' lang='lat' dir='ltr'><strong>in</strong></span> <span class='ocrx_word' id='word_1_41' title='bbox 2544 1130 2806 1201; x_wconf 80' lang='lat' dir='ltr'><strong>ultimis</strong></span> <span class='ocrx_word' id='word_1_42' title='bbox 2838 1131 3088 1222; x_wconf 89' lang='lat' dir='ltr'><strong>juvare</strong></span> <span class='ocrx_word' id='word_1_43' title='bbox 3130 1134 3482 1205; x_wconf 87' lang='lat' dir='ltr'><strong>volentem</strong></span> 
     </span>
     <span class='ocr_line' id='line_1_6' title="bbox 650 1253 3483 1346; baseline 0.001 -20"><span class='ocrx_word' id='word_1_44' title='bbox 650 1254 724 1326; x_wconf 88' lang='lat' dir='ltr'><strong>in</strong></span> <span class='ocrx_word' id='word_1_45' title='bbox 758 1264 1031 1327; x_wconf 86' lang='lat' dir='ltr'><strong>tantum</strong></span> <span class='ocrx_word' id='word_1_46' title='bbox 1063 1253 1528 1346; x_wconf 83' lang='lat' dir='ltr'><strong>excessimus,</strong></span> <span class='ocrx_word' id='word_1_47' title='bbox 1564 1263 1645 1325; x_wconf 94' lang='lat' dir='ltr'><strong>ut</strong></span> <span class='ocrx_word' id='word_1_48' title='bbox 1680 1254 1862 1326; x_wconf 87' lang='lat' dir='ltr'><strong>inter</strong></span> <span class='ocrx_word' id='word_1_49' title='bbox 1890 1254 2078 1327; x_wconf 87' lang='lat' dir='ltr'><strong>vires</strong></span> <span class='ocrx_word' id='word_1_50' title='bbox 2108 1266 2383 1326; x_wconf 90' lang='lat' dir='ltr'><strong>nostras</strong></span> <span class='ocrx_word' id='word_1_51' title='bbox 2416 1262 2487 1325; x_wconf 92' lang='lat' dir='ltr'><strong>et</strong></span> <span class='ocrx_word' id='word_1_52' title='bbox 2518 1275 2714 1345; x_wconf 85' lang='lat' dir='ltr'><strong>suaS‚</strong></span> <span class='ocrx_word' id='word_1_53' title='bbox 2749 1264 3082 1346; x_wconf 84' lang='lat' dir='ltr'><strong>tanquam</strong></span> <span class='ocrx_word' id='word_1_54' title='bbox 3125 1255 3308 1327; x_wconf 88' lang='lat' dir='ltr'><strong>inter</strong></span> <span class='ocrx_word' id='word_1_55' title='bbox 3343 1276 3483 1329; x_wconf 94' lang='lat' dir='ltr'><strong>non</strong></span> 
     </span>
     <span class='ocr_line' id='line_1_7' title="bbox 649 1374 3482 1476; baseline 0.001 -25"><span class='ocrx_word' id='word_1_56' title='bbox 649 1374 1179 1476; x_wconf 76' lang='lat' dir='ltr'><strong>participantia,‘</strong></span> <span class='ocrx_word' id='word_1_57' title='bbox 1197 1378 1625 1473; x_wconf 89' lang='lat' dir='ltr'><strong>comparatio</strong></span> <span class='ocrx_word' id='word_1_58' title='bbox 1655 1378 1848 1450; x_wconf 91' lang='lat' dir='ltr'><strong>nulla</strong></span> <span class='ocrx_word' id='word_1_59' title='bbox 1883 1379 1996 1450; x_wconf 92' lang='lat' dir='ltr'><strong>vel</strong></span> <span class='ocrx_word' id='word_1_60' title='bbox 2033 1379 2308 1450; x_wconf 89' lang='lat' dir='ltr'><strong>modica</strong></span> <span class='ocrx_word' id='word_1_61' title='bbox 2345 1387 2736 1451; x_wconf 82' lang='lat' dir='ltr'><strong>censeatur.</strong></span> <span class='ocrx_word' id='word_1_62' title='bbox 2776 1379 3003 1450; x_wconf 92' lang='lat' dir='ltr'><strong>Unum</strong></span> <span class='ocrx_word' id='word_1_63' title='bbox 3045 1380 3482 1455; x_wconf 89' lang='lat' dir='ltr'><strong>solummodo</strong></span> 
     </span>
     <span class='ocr_line' id='line_1_8' title="bbox 649 1501 3482 1599; baseline 0.001 -24"><span class='ocrx_word' id='word_1_64' title='bbox 649 1504 852 1577; x_wconf 90' lang='lat' dir='ltr'><strong>nobis</strong></span> <span class='ocrx_word' id='word_1_65' title='bbox 888 1504 980 1576; x_wconf 89' lang='lat' dir='ltr'><strong>ad</strong></span> <span class='ocrx_word' id='word_1_66' title='bbox 1011 1504 1334 1576; x_wconf 80' lang='lat' dir='ltr'><strong>festinam</strong></span> <span class='ocrx_word' id='word_1_67' title='bbox 1361 1504 1638 1599; x_wconf 87' lang='lat' dir='ltr'><strong>plenam</strong></span> <span class='ocrx_word' id='word_1_68' title='bbox 1666 1503 2028 1575; x_wconf 89' lang='lat' dir='ltr'><strong>victoriam</strong></span> <span class='ocrx_word' id='word_1_69' title='bbox 2062 1502 2334 1593; x_wconf 89' lang='lat' dir='ltr'><strong>deficit,</strong></span> <span class='ocrx_word' id='word_1_70' title='bbox 2380 1501 2571 1595; x_wconf 94' lang='lat' dir='ltr'><strong>quod</strong></span> <span class='ocrx_word' id='word_1_71' title='bbox 2608 1504 2699 1574; x_wconf 94' lang='lat' dir='ltr'><strong>ad</strong></span> <span class='ocrx_word' id='word_1_72' title='bbox 2737 1504 3309 1576; x_wconf 85' lang='lat' dir='ltr'><strong>sustentationem</strong></span> <span class='ocrx_word' id='word_1_73' title='bbox 3355 1504 3482 1579; x_wconf 90' lang='lat' dir='ltr'><strong>sti·</strong></span> 
     </span>
     <span class='ocr_line' id='line_1_9' title="bbox 650 1625 3481 1725; baseline 0.001 -26"><span class='ocrx_word' id='word_1_74' title='bbox 650 1628 1173 1724; x_wconf 81' lang='lat' dir='ltr'><strong>pendiariorum</strong></span> <span class='ocrx_word' id='word_1_75' title='bbox 1230 1637 1625 1699; x_wconf 88' lang='lat' dir='ltr'><strong>nostrorum</strong></span> <span class='ocrx_word' id='word_1_76' title='bbox 1685 1626 2118 1719; x_wconf 88' lang='lat' dir='ltr'><strong>aliorumque</strong></span> <span class='ocrx_word' id='word_1_77' title='bbox 2174 1625 2525 1717; x_wconf 88' lang='lat' dir='ltr'><strong>fidelium,</strong></span> <span class='ocrx_word' id='word_1_78' title='bbox 2573 1647 2751 1720; x_wconf 91' lang='lat' dir='ltr'><strong>quos</strong></span> <span class='ocrx_word' id='word_1_79' title='bbox 2791 1647 2833 1697; x_wconf 92' lang='lat' dir='ltr'><strong>a</strong></span> <span class='ocrx_word' id='word_1_80' title='bbox 2881 1628 3164 1699; x_wconf 87' lang='lat' dir='ltr'><strong>remotis</strong></span> <span class='ocrx_word' id='word_1_81' title='bbox 3210 1628 3481 1725; x_wconf 85' lang='lat' dir='ltr'><strong>imperii</strong></span> 
     </span>
     <span class='ocr_line' id='line_1_10' title="bbox 649 1748 3481 1847; baseline 0.001 -25"><span class='ocrx_word' id='word_1_82' title='bbox 649 1749 905 1823; x_wconf 83' lang='lat' dir='ltr'><strong>finibus</strong></span> <span class='ocrx_word' id='word_1_83' title='bbox 946 1751 1039 1823; x_wconf 90' lang='lat' dir='ltr'><strong>ad</strong></span> <span class='ocrx_word' id='word_1_84' title='bbox 1071 1751 1513 1847; x_wconf 85' lang='lat' dir='ltr'><strong>participium</strong></span> <span class='ocrx_word' id='word_1_85' title='bbox 1550 1750 1849 1824; x_wconf 81' lang='lat' dir='ltr'><strong>vlotorie</strong></span> <span class='ocrx_word' id='word_1_86' title='bbox 1876 1761 2114 1823; x_wconf 89' lang='lat' dir='ltr'><strong>nostre</strong></span> <span class='ocrx_word' id='word_1_87' title='bbox 2148 1749 2561 1822; x_wconf 81' lang='lat' dir='ltr'><strong>fortissimus</strong></span> <span class='ocrx_word' id='word_1_88' title='bbox 2588 1748 2753 1822; x_wconf 89' lang='lat' dir='ltr'><strong>fidei</strong></span> <span class='ocrx_word' id='word_1_89' title='bbox 2783 1752 2973 1822; x_wconf 92' lang='lat' dir='ltr'><strong>zelus</strong></span> <span class='ocrx_word' id='word_1_90' title='bbox 3003 1751 3379 1847; x_wconf 90' lang='lat' dir='ltr'><strong>imparatos</strong></span> <span class='ocrx_word' id='word_1_91' title='bbox 3409 1764 3481 1826; x_wconf 91' lang='lat' dir='ltr'><strong>et</strong></span> 
     </span>
     <span class='ocr_line' id='line_1_11' title="bbox 649 1872 3476 1970; baseline 0 -24"><span class='ocrx_word' id='word_1_92' title='bbox 649 1874 965 1948; x_wconf 85' lang='lat' dir='ltr'><strong>subditos</strong></span> <span class='ocrx_word' id='word_1_93' title='bbox 1016 1875 1370 1967; x_wconf 84' lang='lat' dir='ltr'><strong>evocavit,</strong></span> <span class='ocrx_word' id='word_1_94' title='bbox 1422 1873 1880 1946; x_wconf 88' lang='lat' dir='ltr'><strong>sufficientem</strong></span> <span class='ocrx_word' id='word_1_95' title='bbox 1914 1874 2283 1970; x_wconf 89' lang='lat' dir='ltr'><strong>pecuniam</strong></span> <span class='ocrx_word' id='word_1_96' title='bbox 2311 1895 2453 1945; x_wconf 88' lang='lat' dir='ltr'><strong>non</strong></span> <span class='ocrx_word' id='word_1_97' title='bbox 2492 1872 2858 1946; x_wconf 78' lang='lat' dir='ltr'><strong>habemuS.</strong></span> <span class='ocrx_word' id='word_1_98' title='bbox 2893 1873 3005 1945; x_wconf 86' lang='lat' dir='ltr'><strong>Ad</strong></span> <span class='ocrx_word' id='word_1_99' title='bbox 3055 1897 3264 1968; x_wconf 92' lang='lat' dir='ltr'><strong>quam</strong></span> <span class='ocrx_word' id='word_1_100' title='bbox 3332 1888 3476 1947; x_wconf 90' lang='lat' dir='ltr'><strong>tum</strong></span> 
     </span>
     <span class='ocr_line' id='line_1_12' title="bbox 650 1995 3476 2091; baseline 0 -22"><span class='ocrx_word' id='word_1_101' title='bbox 650 2018 742 2070; x_wconf 82' lang='lat' dir='ltr'><strong>ex</strong></span> <span class='ocrx_word' id='word_1_102' title='bbox 767 2007 1005 2071; x_wconf 90' lang='lat' dir='ltr'><strong>vestro</strong></span> <span class='ocrx_word' id='word_1_103' title='bbox 1034 1997 1371 2089; x_wconf 88' lang='lat' dir='ltr'><strong>subsidio,</strong></span> <span class='ocrx_word' id='word_1_104' title='bbox 1404 1997 1595 2091; x_wconf 88' lang='lat' dir='ltr'><strong>quod</strong></span> <span class='ocrx_word' id='word_1_105' title='bbox 1630 2020 1990 2090; x_wconf 91' lang='lat' dir='ltr'><strong>nunquam</strong></span> <span class='ocrx_word' id='word_1_106' title='bbox 2026 1997 2229 2069; x_wconf 89' lang='lat' dir='ltr'><strong>nobis</strong></span> <span class='ocrx_word' id='word_1_107' title='bbox 2272 1996 2611 2069; x_wconf 88' lang='lat' dir='ltr'><strong>hactenus</strong></span> <span class='ocrx_word' id='word_1_108' title='bbox 2651 1996 2896 2086; x_wconf 82' lang='lat' dir='ltr'><strong>defuit,</strong></span> <span class='ocrx_word' id='word_1_109' title='bbox 2932 2018 2976 2069; x_wconf 94' lang='lat' dir='ltr'><strong>o</strong></span> <span class='ocrx_word' id='word_1_110' title='bbox 3008 1995 3248 2069; x_wconf 87' lang='lat' dir='ltr'><strong>fideles</strong></span> <span class='ocrx_word' id='word_1_111' title='bbox 3272 2052 3290 2088; x_wconf 93' lang='lat'>‚</span> <span class='ocrx_word' id='word_1_112' title='bbox 3330 2008 3476 2077; x_wconf 87' lang='lat' dir='ltr'><strong>tum</strong></span> 
     </span>
     <span class='ocr_line' id='line_1_13' title="bbox 649 2122 3473 2234; baseline 0 -39"><span class='ocrx_word' id='word_1_113' title='bbox 649 2142 741 2195; x_wconf 82' lang='lat' dir='ltr'><strong>ex</strong></span> <span class='ocrx_word' id='word_1_114' title='bbox 783 2123 1316 2216; x_wconf 87' lang='lat' dir='ltr'><strong>quibuscunque</strong></span> <span class='ocrx_word' id='word_1_115' title='bbox 1363 2122 1552 2234; x_wconf 66' lang='lat' dir='ltr'><strong>curie</strong></span> <span class='ocrx_word' id='word_1_116' title='bbox 1592 2131 1827 2194; x_wconf 91' lang='lat' dir='ltr'><strong>nostre</strong></span> <span class='ocrx_word' id='word_1_117' title='bbox 1873 2122 2328 2218; x_wconf 85' lang='lat' dir='ltr'><strong>proventibus</strong></span> <span class='ocrx_word' id='word_1_118' title='bbox 2369 2122 2830 2213; x_wconf 80' lang='lat' dir='ltr'><strong>colligendam</strong></span> <span class='ocrx_word' id='word_1_119' title='bbox 2865 2131 2936 2192; x_wconf 92' lang='lat' dir='ltr'><strong>et</strong></span> <span class='ocrx_word' id='word_1_120' title='bbox 2966 2122 3058 2193; x_wconf 89' lang='lat' dir='ltr'><strong>ad</strong></span> <span class='ocrx_word' id='word_1_121' title='bbox 3093 2144 3223 2194; x_wconf 93' lang='lat' dir='ltr'><strong>nos</strong></span> <span class='ocrx_word' id='word_1_122' title='bbox 3265 2125 3473 2196; x_wconf 90' lang='lat' dir='ltr'><strong>etiam</strong></span> 
     </span>
     <span class='ocr_line' id='line_1_14' title="bbox 647 2244 3474 2334; baseline 0.001 -16"><span class='ocrx_word' id='word_1_123' title='bbox 647 2267 807 2318; x_wconf 88' lang='lat' dir='ltr'><strong>cum</strong></span> <span class='ocrx_word' id='word_1_124' title='bbox 838 2268 1109 2318; x_wconf 91' lang='lat' dir='ltr'><strong>summa</strong></span> <span class='ocrx_word' id='word_1_125' title='bbox 1134 2246 1530 2318; x_wconf 80' lang='lat' dir='ltr'><strong>festinantia</strong></span> <span class='ocrx_word' id='word_1_126' title='bbox 1557 2244 2066 2334; x_wconf 87' lang='lat' dir='ltr'><strong>destinandam,</strong></span> <span class='ocrx_word' id='word_1_127' title='bbox 2105 2266 2237 2316; x_wconf 91' lang='lat' dir='ltr'><strong>nec</strong></span> <span class='ocrx_word' id='word_1_128' title='bbox 2262 2245 2495 2315; x_wconf 90' lang='lat' dir='ltr'><strong>minus</strong></span> <span class='ocrx_word' id='word_1_129' title='bbox 2520 2254 2600 2315; x_wconf 94' lang='lat' dir='ltr'><strong>ut</strong></span> <span class='ocrx_word' id='word_1_130' title='bbox 2626 2266 2753 2316; x_wconf 92' lang='lat' dir='ltr'><strong>vos</strong></span> <span class='ocrx_word' id='word_1_131' title='bbox 2781 2246 2870 2316; x_wconf 90' lang='lat' dir='ltr'><strong>de</strong></span> <span class='ocrx_word' id='word_1_132' title='bbox 2904 2258 3296 2319; x_wconf 89' lang='lat' dir='ltr'><strong>nostrorum</strong></span> <span class='ocrx_word' id='word_1_133' title='bbox 3324 2268 3474 2320; x_wconf 90' lang='lat' dir='ltr'><strong>suc—</strong></span> 
     </span>
     <span class='ocr_line' id='line_1_15' title="bbox 647 2368 3470 2467; baseline 0.001 -26"><span class='ocrx_word' id='word_1_134' title='bbox 647 2387 966 2442; x_wconf 84' lang='lat' dir='ltr'><strong>cessuum</strong></span> <span class='ocrx_word' id='word_1_135' title='bbox 1002 2371 1460 2466; x_wconf 86' lang='lat' dir='ltr'><strong>prosperitate</strong></span> <span class='ocrx_word' id='word_1_136' title='bbox 1497 2368 1814 2460; x_wconf 88' lang='lat' dir='ltr'><strong>letificet,</strong></span> <span class='ocrx_word' id='word_1_137' title='bbox 1850 2368 2246 2464; x_wconf 92' lang='lat' dir='ltr'><strong>Philippum</strong></span> <span class='ocrx_word' id='word_1_138' title='bbox 2277 2368 2753 2440; x_wconf 89' lang='lat' dir='ltr'><strong>venerabilem</strong></span> <span class='ocrx_word' id='word_1_139' title='bbox 2781 2370 3170 2441; x_wconf 89' lang='lat' dir='ltr'><strong>Pattensem</strong></span> <span class='ocrx_word' id='word_1_140' title='bbox 3205 2371 3470 2467; x_wconf 90' lang='lat' dir='ltr'><strong>episco-</strong></span> 
     </span>
     <span class='ocr_line' id='line_1_16' title="bbox 644 2490 3461 2588; baseline 0.001 -24"><span class='ocrx_word' id='word_1_141' title='bbox 644 2513 842 2588; x_wconf 87' lang='lat' dir='ltr'><strong>pum,</strong></span> <span class='ocrx_word' id='word_1_142' title='bbox 868 2492 1198 2565; x_wconf 86' lang='lat' dir='ltr'><strong>dilectum</strong></span> <span class='ocrx_word' id='word_1_143' title='bbox 1224 2492 1502 2566; x_wconf 87' lang='lat' dir='ltr'><strong>fidelem</strong></span> <span class='ocrx_word' id='word_1_144' title='bbox 1524 2504 1862 2584; x_wconf 90' lang='lat' dir='ltr'><strong>nostrum,</strong></span> <span class='ocrx_word' id='word_1_145' title='bbox 1886 2493 2203 2565; x_wconf 88' lang='lat' dir='ltr'><strong>celeriter</strong></span> <span class='ocrx_word' id='word_1_146' title='bbox 2228 2491 2555 2562; x_wconf 89' lang='lat' dir='ltr'><strong>incursim</strong></span> <span class='ocrx_word' id='word_1_147' title='bbox 2582 2490 2910 2564; x_wconf 79' lang='lat' dir='ltr'><strong>duximus</strong></span> <span class='ocrx_word' id='word_1_148' title='bbox 2939 2490 3461 2585; x_wconf 81' lang='lat' dir='ltr'><strong>destinandum3</strong></span> 
     </span>
     <span class='ocr_line' id='line_1_17' title="bbox 644 2615 3468 2714; baseline 0.002 -27"><span class='ocrx_word' id='word_1_149' title='bbox 644 2616 734 2688; x_wconf 91' lang='lat' dir='ltr'><strong>ad</strong></span> <span class='ocrx_word' id='word_1_150' title='bbox 779 2618 979 2710; x_wconf 87' lang='lat' dir='ltr'><strong>cujus</strong></span> <span class='ocrx_word' id='word_1_151' title='bbox 1018 2616 1399 2689; x_wconf 89' lang='lat' dir='ltr'><strong>adventum</strong></span> <span class='ocrx_word' id='word_1_152' title='bbox 1435 2628 1668 2714; x_wconf 86' lang='lat' dir='ltr'><strong>preter</strong></span> <span class='ocrx_word' id='word_1_153' title='bbox 1703 2615 2037 2689; x_wconf 88' lang='lat' dir='ltr'><strong>mittentis</strong></span> <span class='ocrx_word' id='word_1_154' title='bbox 2069 2615 2436 2711; x_wconf 89' lang='lat' dir='ltr'><strong>imperium</strong></span> <span class='ocrx_word' id='word_1_155' title='bbox 2486 2626 2556 2687; x_wconf 90' lang='lat' dir='ltr'><strong>et</strong></span> <span class='ocrx_word' id='word_1_156' title='bbox 2596 2615 2918 2687; x_wconf 87' lang='lat' dir='ltr'><strong>affectum</strong></span> <span class='ocrx_word' id='word_1_157' title='bbox 2958 2638 3167 2709; x_wconf 90' lang='lat' dir='ltr'><strong>quem</strong></span> <span class='ocrx_word' id='word_1_158' title='bbox 3208 2618 3299 2690; x_wconf 92' lang='lat' dir='ltr'><strong>ad</strong></span> <span class='ocrx_word' id='word_1_159' title='bbox 3341 2640 3468 2692; x_wconf 92' lang='lat' dir='ltr'><strong>vos</strong></span> 
     </span>
     <span class='ocr_line' id='line_1_18' title="bbox 645 2739 3463 2838; baseline 0.002 -28"><span class='ocrx_word' id='word_1_160' title='bbox 645 2762 785 2812; x_wconf 93' lang='lat' dir='ltr'><strong>non</strong></span> <span class='ocrx_word' id='word_1_161' title='bbox 819 2740 1270 2832; x_wconf 91' lang='lat' dir='ltr'><strong>dominicum,</strong></span> <span class='ocrx_word' id='word_1_162' title='bbox 1309 2743 1435 2814; x_wconf 93' lang='lat' dir='ltr'><strong>sed</strong></span> <span class='ocrx_word' id='word_1_163' title='bbox 1469 2753 1836 2838; x_wconf 88' lang='lat' dir='ltr'><strong>paternum</strong></span> <span class='ocrx_word' id='word_1_164' title='bbox 1871 2740 2234 2831; x_wconf 77' lang='lat' dir='ltr'><strong>habemuS‚</strong></span> <span class='ocrx_word' id='word_1_165' title='bbox 2271 2739 2475 2811; x_wconf 90' lang='lat' dir='ltr'><strong>misse</strong></span> <span class='ocrx_word' id='word_1_166' title='bbox 2509 2760 2805 2834; x_wconf 87' lang='lat' dir='ltr'><strong>persone</strong></span> <span class='ocrx_word' id='word_1_167' title='bbox 2832 2761 2960 2812; x_wconf 88' lang='lat' dir='ltr'><strong>vos</strong></span> <span class='ocrx_word' id='word_1_168' title='bbox 2984 2741 3281 2834; x_wconf 87' lang='lat' dir='ltr'><strong>qualitas</strong></span> <span class='ocrx_word' id='word_1_169' title='bbox 3313 2762 3463 2816; x_wconf 93' lang='lat' dir='ltr'><strong>mo-</strong></span> 
     </span>
     <span class='ocr_line' id='line_1_19' title="bbox 616 2864 3465 2960; baseline 0.001 -25"><span class='ocrx_word' id='word_1_170' title='bbox 616 2873 829 2953; x_wconf 83' lang='lat' dir='ltr'><strong>-veat‚</strong></span> <span class='ocrx_word' id='word_1_171' title='bbox 864 2886 1075 2958; x_wconf 92' lang='lat' dir='ltr'><strong>quam</strong></span> <span class='ocrx_word' id='word_1_172' title='bbox 1103 2866 1297 2938; x_wconf 92' lang='lat' dir='ltr'><strong>velut</strong></span> <span class='ocrx_word' id='word_1_173' title='bbox 1332 2865 1687 2959; x_wconf 88' lang='lat' dir='ltr'><strong>obsequiis</strong></span> <span class='ocrx_word' id='word_1_174' title='bbox 1719 2864 1970 2937; x_wconf 89' lang='lat' dir='ltr'><strong>nostris</strong></span> <span class='ocrx_word' id='word_1_175' title='bbox 2006 2864 2375 2958; x_wconf 89' lang='lat' dir='ltr'><strong>perutilem</strong></span> <span class='ocrx_word' id='word_1_176' title='bbox 2407 2884 2450 2934; x_wconf 93' lang='lat' dir='ltr'><strong>a</strong></span> <span class='ocrx_word' id='word_1_177' title='bbox 2482 2864 2735 2935; x_wconf 89' lang='lat' dir='ltr'><strong>nostris</strong></span> <span class='ocrx_word' id='word_1_178' title='bbox 2764 2864 3156 2957; x_wconf 90' lang='lat' dir='ltr'><strong>aspectibus</strong></span> <span class='ocrx_word' id='word_1_179' title='bbox 3185 2886 3465 2960; x_wconf 88' lang='lat' dir='ltr'><strong>separa-</strong></span> 
     </span>
     <span class='ocr_line' id='line_1_20' title="bbox 645 2986 3465 3083; baseline 0.001 -25"><span class='ocrx_word' id='word_1_180' title='bbox 645 3007 800 3059; x_wconf 91' lang='lat' dir='ltr'><strong>mus</strong></span> <span class='ocrx_word' id='word_1_181' title='bbox 827 2986 1063 3079; x_wconf 88' lang='lat' dir='ltr'><strong>inviti‚</strong></span> <span class='ocrx_word' id='word_1_182' title='bbox 1093 2987 1226 3060; x_wconf 91' lang='lat' dir='ltr'><strong>nisi</strong></span> <span class='ocrx_word' id='word_1_183' title='bbox 1264 2987 1456 3081; x_wconf 92' lang='lat' dir='ltr'><strong>quod</strong></span> <span class='ocrx_word' id='word_1_184' title='bbox 1490 3009 1573 3061; x_wconf 94' lang='lat' dir='ltr'><strong>eo</strong></span> <span class='ocrx_word' id='word_1_185' title='bbox 1605 3009 1827 3082; x_wconf 92' lang='lat' dir='ltr'><strong>usque</strong></span> <span class='ocrx_word' id='word_1_186' title='bbox 1869 3009 1999 3060; x_wconf 93' lang='lat' dir='ltr'><strong>nos</strong></span> <span class='ocrx_word' id='word_1_187' title='bbox 2031 2995 2269 3059; x_wconf 89' lang='lat' dir='ltr'><strong>nostra</strong></span> <span class='ocrx_word' id='word_1_188' title='bbox 2295 2987 2672 3059; x_wconf 89' lang='lat' dir='ltr'><strong>necessitas</strong></span> <span class='ocrx_word' id='word_1_189' title='bbox 2708 2987 3150 3083; x_wconf 82' lang='lat' dir='ltr'><strong>perduxerit,</strong></span> <span class='ocrx_word' id='word_1_190' title='bbox 3185 2997 3262 3060; x_wconf 86' lang='lat' dir='ltr'><strong>ut</strong></span> <span class='ocrx_word' id='word_1_191' title='bbox 3309 3012 3465 3063; x_wconf 88' lang='lat' dir='ltr'><strong>cor-</strong></span> 
     </span>
     <span class='ocr_line' id='line_1_21' title="bbox 645 3110 3459 3208; baseline 0.002 -28"><span class='ocrx_word' id='word_1_192' title='bbox 645 3110 831 3206; x_wconf 91' lang='lat' dir='ltr'><strong>poris</strong></span> <span class='ocrx_word' id='word_1_193' title='bbox 892 3112 1111 3184; x_wconf 89' lang='lat' dir='ltr'><strong>nostri</strong></span> <span class='ocrx_word' id='word_1_194' title='bbox 1161 3122 1471 3208; x_wconf 90' lang='lat' dir='ltr'><strong>partem‚</strong></span> <span class='ocrx_word' id='word_1_195' title='bbox 1537 3112 1596 3183; x_wconf 90' lang='lat' dir='ltr'><strong>si</strong></span> <span class='ocrx_word' id='word_1_196' title='bbox 1648 3110 1795 3182; x_wconf 85' lang='lat' dir='ltr'><strong>fieri</strong></span> <span class='ocrx_word' id='word_1_197' title='bbox 1849 3121 2084 3206; x_wconf 86' lang='lat' dir='ltr'><strong>posset</strong></span> <span class='ocrx_word' id='word_1_198' title='bbox 2143 3111 2514 3183; x_wconf 90' lang='lat' dir='ltr'><strong>salubriter</strong></span> <span class='ocrx_word' id='word_1_199' title='bbox 2572 3121 2641 3183; x_wconf 86' lang='lat' dir='ltr'><strong>et</strong></span> <span class='ocrx_word' id='word_1_200' title='bbox 2699 3122 2948 3183; x_wconf 90' lang='lat' dir='ltr'><strong>natura</strong></span> <span class='ocrx_word' id='word_1_201' title='bbox 2994 3113 3459 3206; x_wconf 88' lang='lat' dir='ltr'><strong>permitteret,</strong></span> 
     </span>
     <span class='ocr_line' id='line_1_22' title="bbox 642 3233 3465 3330; baseline 0 -22"><span class='ocrx_word' id='word_1_202' title='bbox 642 3235 1032 3310; x_wconf 89' lang='lat' dir='ltr'><strong>necessario</strong></span> <span class='ocrx_word' id='word_1_203' title='bbox 1066 3236 1515 3307; x_wconf 83' lang='lat' dir='ltr'><strong>misissemuS.</strong></span> <span class='ocrx_word' id='word_1_204' title='bbox 1535 3234 1646 3307; x_wconf 90' lang='lat' dir='ltr'><strong>Ad</strong></span> <span class='ocrx_word' id='word_1_205' title='bbox 1671 3234 2102 3307; x_wconf 87' lang='lat' dir='ltr'><strong>offerendum</strong></span> <span class='ocrx_word' id='word_1_206' title='bbox 2126 3235 2356 3327; x_wconf 89' lang='lat' dir='ltr'><strong>itaque</strong></span> <span class='ocrx_word' id='word_1_207' title='bbox 2386 3234 2589 3312; x_wconf 90' lang='lat' dir='ltr'><strong>nobis</strong></span> <span class='ocrx_word' id='word_1_208' title='bbox 2616 3235 2685 3306; x_wconf 91' lang='lat' dir='ltr'><strong>in</strong></span> <span class='ocrx_word' id='word_1_209' title='bbox 2710 3233 2842 3307; x_wconf 92' lang='lat' dir='ltr'><strong>hac</strong></span> <span class='ocrx_word' id='word_1_210' title='bbox 2866 3246 3060 3330; x_wconf 87' lang='lat' dir='ltr'><strong>parte</strong></span> <span class='ocrx_word' id='word_1_211' title='bbox 3080 3237 3465 3309; x_wconf 89' lang='lat' dir='ltr'><strong>subsidium</strong></span> 
     </span>
     <span class='ocr_line' id='line_1_23' title="bbox 642 3358 3461 3450; baseline -0 -17"><span class='ocrx_word' id='word_1_212' title='bbox 642 3371 875 3434; x_wconf 89' lang='lat' dir='ltr'><strong>vestra</strong></span> <span class='ocrx_word' id='word_1_213' title='bbox 903 3360 1180 3432; x_wconf 88' lang='lat' dir='ltr'><strong>devotio</strong></span> <span class='ocrx_word' id='word_1_214' title='bbox 1208 3380 1349 3431; x_wconf 91' lang='lat' dir='ltr'><strong>non</strong></span> <span class='ocrx_word' id='word_1_215' title='bbox 1384 3369 1716 3447; x_wconf 87' lang='lat' dir='ltr'><strong>moretur,</strong></span> <span class='ocrx_word' id='word_1_216' title='bbox 1745 3358 1935 3450; x_wconf 90' lang='lat' dir='ltr'><strong>quod</strong></span> <span class='ocrx_word' id='word_1_217' title='bbox 1976 3368 2192 3428; x_wconf 89' lang='lat' dir='ltr'><strong>totum</strong></span> <span class='ocrx_word' id='word_1_218' title='bbox 2233 3367 2304 3429; x_wconf 91' lang='lat' dir='ltr'><strong>et</strong></span> <span class='ocrx_word' id='word_1_219' title='bbox 2337 3358 2681 3450; x_wconf 80' lang='lat' dir='ltr'><strong>integrum</strong></span> <span class='ocrx_word' id='word_1_220' title='bbox 2716 3379 2754 3429; x_wconf 91' lang='lat' dir='ltr'><strong>e</strong></span> <span class='ocrx_word' id='word_1_221' title='bbox 2785 3359 3017 3431; x_wconf 92' lang='lat' dir='ltr'><strong>vicino</strong></span> <span class='ocrx_word' id='word_1_222' title='bbox 3054 3360 3252 3432; x_wconf 89' lang='lat' dir='ltr'><strong>vobis</strong></span> <span class='ocrx_word' id='word_1_223' title='bbox 3284 3360 3461 3433; x_wconf 88' lang='lat' dir='ltr'><strong>hila·</strong></span> 
     </span>
     <span class='ocr_line' id='line_1_24' title="bbox 642 3480 2794 3580; baseline -0.003 -23"><span class='ocrx_word' id='word_1_224' title='bbox 642 3485 811 3557; x_wconf 89' lang='lat' dir='ltr'><strong>riter</strong></span> <span class='ocrx_word' id='word_1_225' title='bbox 835 3507 995 3557; x_wconf 90' lang='lat' dir='ltr'><strong>cum</strong></span> <span class='ocrx_word' id='word_1_226' title='bbox 1032 3483 1261 3580; x_wconf 90' lang='lat' dir='ltr'><strong>palma</strong></span> <span class='ocrx_word' id='word_1_227' title='bbox 1297 3480 1689 3554; x_wconf 88' lang='lat' dir='ltr'><strong>desiderate</strong></span> <span class='ocrx_word' id='word_1_228' title='bbox 1721 3480 2009 3553; x_wconf 89' lang='lat' dir='ltr'><strong>victorie</strong></span> <span class='ocrx_word' id='word_1_229' title='bbox 2040 3480 2335 3554; x_wconf 88' lang='lat' dir='ltr'><strong>reddere</strong></span> <span class='ocrx_word' id='word_1_230' title='bbox 2363 3481 2794 3577; x_wconf 89' lang='lat' dir='ltr'><strong>pollicemur.</strong></span> 
     </span>
    </p>
   </div>
   <div class='ocr_carea' id='block_1_3' title="bbox 641 4095 3465 4574">
    <p class='ocr_par' dir='ltr' id='par_1_3' title="bbox 641 4095 3465 4574">
     <span class='ocr_line' id='line_1_25' title="bbox 746 4095 3458 4204; baseline 0 -26"><span class='ocrx_word' id='word_1_231' title='bbox 746 4095 1212 4203; x_wconf 88' lang='lat' dir='ltr'><strong>Fridericus,</strong></span> <span class='ocrx_word' id='word_1_232' title='bbox 1266 4097 1787 4180; x_wconf 87' lang='lat' dir='ltr'><strong>Romanorum</strong></span> <span class='ocrx_word' id='word_1_233' title='bbox 1849 4096 2300 4204; x_wconf 87' lang='lat' dir='ltr'><strong>imperator,</strong></span> <span class='ocrx_word' id='word_1_234' title='bbox 2362 4096 2826 4204; x_wconf 88' lang='lat' dir='ltr'><strong>increpando</strong></span> <span class='ocrx_word' id='word_1_235' title='bbox 2890 4095 3154 4178; x_wconf 89' lang='lat' dir='ltr'><strong>scribit</strong></span> <span class='ocrx_word' id='word_1_236' title='bbox 3207 4095 3458 4178; x_wconf 87' lang='lat' dir='ltr'><strong>ratio-</strong></span> 
     </span>
     <span class='ocr_line' id='line_1_26' title="bbox 641 4228 3465 4338; baseline 0.001 -30"><span class='ocrx_word' id='word_1_237' title='bbox 641 4228 943 4312; x_wconf 88' lang='lat' dir='ltr'><strong>nalibus</strong></span> <span class='ocrx_word' id='word_1_238' title='bbox 981 4255 1113 4313; x_wconf 91' lang='lat' dir='ltr'><strong>seu</strong></span> <span class='ocrx_word' id='word_1_239' title='bbox 1150 4228 1601 4312; x_wconf 89' lang='lat' dir='ltr'><strong>officialibus</strong></span> <span class='ocrx_word' id='word_1_240' title='bbox 1640 4228 1795 4310; x_wconf 90' lang='lat' dir='ltr'><strong>suis</strong></span> <span class='ocrx_word' id='word_1_241' title='bbox 1830 4230 1926 4311; x_wconf 90' lang='lat' dir='ltr'><strong>de</strong></span> <span class='ocrx_word' id='word_1_242' title='bbox 1961 4255 2237 4338; x_wconf 84' lang='lat' dir='ltr'><strong>regno,</strong></span> <span class='ocrx_word' id='word_1_243' title='bbox 2281 4253 2511 4335; x_wconf 90' lang='lat' dir='ltr'><strong>super</strong></span> <span class='ocrx_word' id='word_1_244' title='bbox 2556 4228 2928 4309; x_wconf 88' lang='lat' dir='ltr'><strong>mittenda</strong></span> <span class='ocrx_word' id='word_1_245' title='bbox 2974 4230 3333 4336; x_wconf 88' lang='lat' dir='ltr'><strong>pecunia,</strong></span> <span class='ocrx_word' id='word_1_246' title='bbox 3387 4238 3465 4312; x_wconf 87' lang='lat' dir='ltr'><strong>ct</strong></span> 
     </span>
     <span class='ocr_line' id='line_1_27' title="bbox 644 4359 3462 4469; baseline -0 -29"><span class='ocrx_word' id='word_1_247' title='bbox 644 4369 729 4441; x_wconf 89' lang='lat' dir='ltr'><strong>ut</strong></span> <span class='ocrx_word' id='word_1_248' title='bbox 797 4360 1155 4444; x_wconf 85' lang='lat' dir='ltr'><strong>obediant</strong></span> <span class='ocrx_word' id='word_1_249' title='bbox 1224 4360 1572 4469; x_wconf 88' lang='lat' dir='ltr'><strong>Philippo</strong></span> <span class='ocrx_word' id='word_1_250' title='bbox 1625 4359 1967 4444; x_wconf 86' lang='lat' dir='ltr'><strong>Pactensi</strong></span> <span class='ocrx_word' id='word_1_251' title='bbox 2028 4360 2384 4468; x_wconf 89' lang='lat' dir='ltr'><strong>episcopo</strong></span> <span class='ocrx_word' id='word_1_252' title='bbox 2445 4385 2679 4468; x_wconf 88' lang='lat' dir='ltr'><strong>quem</strong></span> <span class='ocrx_word' id='word_1_253' title='bbox 2747 4359 2845 4440; x_wconf 89' lang='lat' dir='ltr'><strong>ad</strong></span> <span class='ocrx_word' id='word_1_254' title='bbox 2909 4385 3038 4441; x_wconf 87' lang='lat' dir='ltr'><strong>eos</strong></span> <span class='ocrx_word' id='word_1_255' title='bbox 3102 4359 3462 4440; x_wconf 85' lang='lat' dir='ltr'><strong>nuntium</strong></span> 
     </span>
     <span class='ocr_line' id='line_1_28' title="bbox 643 4490 899 4574; baseline 0.008 -3"><span class='ocrx_word' id='word_1_256' title='bbox 643 4490 899 4574; x_wconf 87' lang='lat' dir='ltr'><strong>mittit.</strong></span> 
     </span>
    </p>
   </div>
   <div class='ocr_carea' id='block_1_4' title="bbox 807 4679 2535 4797">
    <p class='ocr_par' dir='ltr' id='par_1_4' title="bbox 807 4679 2535 4797">
     <span class='ocr_line' id='line_1_29' title="bbox 807 4679 2535 4797; baseline -0.002 -17"><span class='ocrx_word' id='word_1_257' title='bbox 807 4715 991 4794; x_wconf 77' lang='lat' dir='ltr'><strong>(Edit.</strong></span> <span class='ocrx_word' id='word_1_258' title='bbox 1012 4679 1091 4779; x_wconf 44' lang='lat' dir='ltr'><strong>‘m</strong></span> <span class='ocrx_word' id='word_1_259' title='bbox 1118 4718 1287 4781; x_wconf 65' lang='lat' dir='ltr'><strong>Petra·</strong></span> <span class='ocrx_word' id='word_1_260' title='bbox 1310 4717 1383 4780; x_wconf 71' lang='lat' dir='ltr'><strong>ae</strong></span> <span class='ocrx_word' id='word_1_261' title='bbox 1418 4718 1555 4778; x_wconf 71' lang='grc' dir='ltr'><strong>νεη.</strong></span> <span class='ocrx_word' id='word_1_262' title='bbox 1586 4716 1782 4797; x_wconf 58' lang='lat' dir='ltr'><strong>epm„</strong></span> <span class='ocrx_word' id='word_1_263' title='bbox 1815 4717 1919 4778; x_wconf 77' lang='lat' dir='ltr'><strong>ub.</strong></span> <span class='ocrx_word' id='word_1_264' title='bbox 1949 4714 2028 4792; x_wconf 90' lang='lat' dir='ltr'><strong>v,</strong></span> <span class='ocrx_word' id='word_1_265' title='bbox 2059 4732 2191 4795; x_wconf 76' lang='lat' dir='ltr'><strong>cap.</strong></span> <span class='ocrx_word' id='word_1_266' title='bbox 2223 4716 2535 4797; x_wconf 84' lang='lat' dir='ltr'><strong>xxxm.)</strong></span> 
     </span>
    </p>
   </div>
   <div class='ocr_carea' id='block_1_5' title="bbox 3589 4114 3814 4219">
    <p class='ocr_par' dir='ltr' id='par_1_5' title="bbox 3589 4114 3814 4219">
     <span class='ocr_line' id='line_1_30' title="bbox 3589 4114 3814 4219; baseline -0.004 -7"><span class='ocrx_word' id='word_1_267' title='bbox 3589 4114 3814 4219; x_wconf 56' lang='lat'><strong>42:2²...]</strong></span> 
     </span>
    </p>
   </div>
   <div class='ocr_carea' id='block_1_6' title="bbox 3739 4114 3783 4156">
    <p class='ocr_par' dir='ltr' id='par_1_6' title="bbox 3739 4114 3783 4156">
     <span class='ocr_line' id='line_1_31' title="bbox 3739 4114 3783 4156; baseline -0.023 0"><span class='ocrx_word' id='word_1_268' title='bbox 3739 4114 3783 4156; x_wconf 80' lang='lat' dir='ltr'><strong>io</strong></span> 
     </span>
    </p>
   </div>
  </div>
 </body>
</html>
