4525 6031
1060 572 1179 661 '172
1335 578 1340 583 ’
2054 599 2481 661 nummum
2532 566 2880 663 suenum
3493 599 3660 677 [An.
3698 601 3875 663 1250.

1296 735 1527 795 manico
1555 750 1825 794 sermone
1850 735 2292 811 interpretatus,
2321 734 2700 811 eruditusque
2745 732 2984 793 notulas
3022 729 3276 792 addidit.
3326 730 3672 794 versionem
3720 750 3880 796 nune

1295 840 1538 901 latinam
1566 841 1693 899 slve
1718 842 1915 916 potius
1942 842 2369 900 restitutionem
2400 840 2660 901 vicissim
2688 833 3098 915 tentavimus.)

1151 1025 1540 1097 Fridericus
1588 1025 1713 1096 Dei
1760 1026 1980 1118 gratia
2041 1035 2212 1117 etc.‚
2265 1023 2564 1098 Iohanni
2613 1022 3070 1096 illustrissimo
3110 1022 3530 1095 Graecorum
3576 1024 3874 1119 impera-

1057 1149 1185 1221 tori
1208 1202 1227 1236 ,
1260 1159 1395 1220 etc.
1432 1150 1723 1221 Litteras
1764 1150 2118 1221 serenitati
2161 1160 2443 1222 nostrae
2473 1148 2910 1221 transmissas
2952 1169 3046 1220 ex
3078 1157 3276 1242 parte
3307 1147 3687 1240 majestatis
3718 1157 3877 1220 tuae

1056 1293 1182 1366 per
1229 1272 1642 1368 Paedrytem
1699 1273 2106 1345 familiarem
2160 1283 2359 1344 tuum
2404 1294 2677 1345 summa
2725 1271 3155 1363 benignitate
3205 1271 3619 1365 recepimus.
3669 1271 3878 1345 Grata

1055 1395 1238 1466 enim
1275 1396 1345 1466 in
1383 1396 1517 1466 illis
1550 1395 2084 1468 continebantur
2119 1408 2189 1468 et
2221 1396 2599 1491 plurimum
2627 1406 2906 1467 nostrae
2942 1394 3297 1466 serenitati
3326 1394 3745 1466 laetabunda
3785 1394 3873 1468 de

1056 1530 1174 1590 tua
1236 1519 1458 1589 salute
1510 1528 1580 1591 et
1630 1520 2060 1591 successibus
2113 1529 2183 1591 et
2223 1521 2313 1592 de
2366 1519 2713 1615 prosperis
2754 1540 2935 1611 quae
2982 1519 3055 1589 in
3099 1518 3647 1614 praesentiarum
3692 1518 3875 1591 circa

1050 1641 1372 1714 Rhodum
1406 1642 1705 1712 insulam
1740 1642 2031 1714 feliciter
2071 1643 2513 1734 contigerunt
2546 1641 2607 1739 (l
2625 1641 2677 1738 ).
2714 1644 2856 1715 Nos
2886 1664 3166 1738 quoque
3197 1664 3326 1738 per
3353 1652 3624 1714 nostros
3669 1640 3873 1714 vicis·

1052 1765 1180 1835 sim
1230 1766 1761 1837 commentarios
1822 1767 2090 1838 sincero
2149 1768 2531 1859 majestatis
2589 1776 2748 1839 tuae
2811 1766 3090 1838 affectui
3153 1764 3621 1857 significamus
3682 1765 3874 1860 quod

1051 1889 1288 1960 celesti
1320 1889 1758 1983 providentia
1798 1890 2055 1962 suffulti
2081 1901 2151 1962 et
2180 1892 2487 1964 roborati
2519 1892 2834 1963 valemus
2855 1901 2926 1962 et
2947 1890 3236 1962 feliciter
3264 1890 3590 1981 vivimuS,
3626 1889 3873 1961 adver-

1050 2013 1268 2085 sarios
1292 2023 1564 2085 nostros
1592 2015 1901 2107 quotidie
1924 2014 2382 2107 debellamuS,
2411 2024 2483 2088 et
2503 2036 2546 2086 a
2570 2015 2772 2087 nohis
2794 2013 3027 2087 omnia
3046 2014 3252 2105 juxta
3276 2012 3606 2084 mandata
3632 2024 3871 2085 nostra

1049 2137 1444 2228 diriguntur
1493 2148 1563 2210 et
1606 2140 2106 2230 gubernantur.
2159 2142 2264 2211 De
2309 2140 2591 2230 negotio
2635 2150 2871 2210 autem
2914 2138 2987 2208 in
3031 2137 3276 2208 litteris
3309 2136 3445 2208 tuis
3480 2137 3870 2232 specialiter

1049 2282 1414 2357 expresso,
1449 2263 1802 2355 quomodo
1831 2263 1961 2334 iste
1993 2284 2172 2358 papa
2206 2263 2452 2335 fratres
2479 2264 2780 2335 Minores
2808 2272 2878 2334 et
2914 2261 3435 2333 Praedicatores
3479 2261 3572 2332 ad
3611 2263 3868 2353 majes-

1050 2391 1259 2455 tatem
1295 2394 1482 2455 tuam
1511 2385 1784 2457 mittere
1809 2387 2034 2480 potuit
2064 2386 2184 2479 qui
2213 2409 2372 2458 cum
2398 2383 2846 2482 pontificibus
2875 2385 3225 2457 Ecclesiae
3254 2400 3410 2456 tuae
3433 2384 3865 2456 confabulari

1046 2506 1406 2579 debeant?
1452 2509 1653 2593 Quod
1699 2531 1839 2580 non
1877 2511 2102 2581 solum
2146 2511 2499 2582 serenitati
2545 2521 2824 2582 nostrae
2847 2563 2867 2599 ‚
2920 2508 3046 2581 sed
3082 2509 3290 2581 etiam
3337 2509 3864 2604 pauperioribus

1046 2630 1290 2725 spiritu
1307 2634 1503 2724 quasi
1521 2634 1993 2727 prodigiosum
2024 2645 2094 2706 et
2118 2635 2456 2706 insulsum
2484 2636 2788 2708 videtur.
2813 2635 3176 2721 Quomodo
3195 2634 3379 2707 enim
3398 2635 3527 2705 iste
3550 2633 3859 2728 quidici-

1046 2766 1159 2825 tur
1175 2757 1613 2829 sacerdotum
1634 2759 1985 2854 princeps,
2008 2769 2170 2831 ante
2202 2759 2446 2831 faciem
2482 2759 2794 2831 omnium
2819 2758 3128 2853 quotidie
3161 2757 3233 2829 in
3269 2769 3334 2830 te
3364 2756 3770 2829 nominatim
3791 2768 3864 2828 et

1042 2879 1113 2949 in
1165 2900 1406 2952 omnes
1447 2880 1743 2952 Graecos
1796 2881 1918 2952 tibi
1968 2881 2319 2973 subjectos
2375 2881 3162 2953 excommunicationem
3208 2881 3575 2972 jactitans,
3627 2877 3862 2951 ortho-

1042 3003 1595 3097 doxissimosque
1630 3004 1914 3077 eosdem
1945 3027 1989 3077 a
2029 3005 2284 3098 quibus
2315 3004 2686 3079 christiana
2731 3003 2909 3078 fides
2943 3005 3036 3078 ad
3080 3017 3431 3078 extremos
3466 3003 3655 3076 orbis
3685 3001 3857 3077 fines

1040 3127 1386 3221 pervenit,
1436 3127 1824 3200 haereticos
1875 3129 2261 3223 impudenti
2301 3130 2520 3201 verbo
2575 3128 2925 3218 vocitans,
2982 3129 3155 3200 tales
3187 3127 3545 3220 religiosos
3576 3127 3858 3222 proprio

1040 3270 1166 3320 suo
1214 3260 1404 3321 motu
1449 3249 1540 3321 ad
1587 3252 2018 3343 majestatem
2054 3262 2241 3322 tuam
2292 3252 2756 3323 transmittere
2790 3273 2932 3323 non
2970 3252 3300 3346 expavit?
3340 3250 3704 3336 Quomodo
3740 3250 3855 3322 hic

1038 3371 1426 3443 schismatis
1463 3382 1703 3444 auctor
1737 3374 1835 3445 sic
1868 3374 2104 3445 dolose
2130 3375 2408 3470 irrepsit
2437 3386 2516 3446 ut
2543 3375 3266 3470 irreprehensibilibus
3294 3372 3853 3467 justificationem

1038 3493 1324 3568 afferat?
1351 3495 1715 3580 Quomodo
1752 3496 1882 3600 iste
1912 3498 2042 3567 suh
2075 3498 2457 3569 sanctitatis
2488 3499 2658 3570 falso
2686 3498 3030 3570 velamine
3063 3520 3190 3593 per
3215 3518 3548 3590 sequaces
3581 3518 3742 3569 suos
3783 3506 3854 3568 et

1037 3639 1204 3688 suae
1238 3618 1557 3713 propriae
1586 3620 1960 3691 voluntatis
1990 3620 2374 3710 ministrOS,
2417 3622 2615 3715 quasi
2664 3630 3014 3716 apostatas
3057 3619 3220 3692 fidei
3254 3630 3326 3692 et
3365 3619 3852 3692 scandalorum

1035 3750 1419 3835 patratores
1448 3741 1707 3812 Latinis
1740 3741 1869 3813 sihi
1902 3744 2232 3834 subjectis
2271 3744 2684 3817 denuntiare
2715 3766 2858 3816 non
2885 3754 3112 3816 cessat
3138 3743 3257 3836 qui
3286 3754 3449 3815 ante
3473 3754 3545 3815 et
3570 3764 3780 3837 supra
3805 3762 3849 3813 a

1034 3864 1377 3959 principio
1412 3865 1668 3960 pietate
1712 3865 2149 3938 abundantes
2190 3889 2431 3962 pacem
2467 3868 2536 3937 in
2566 3889 2841 3939 omnem
2878 3878 3129 3940 terram
3159 3867 3851 3959 evangelisaverunt?

1032 3987 1396 4072 Quomodo
1427 3986 1610 4059 hanc
1646 3988 1954 4061 innatam
1981 3990 2362 4082 antiquitus
2408 3990 2753 4063 diabolico
2784 3991 3019 4063 afflatu
3046 3990 3375 4063 Romanis
3406 3987 3848 4086 pontificibus

1030 4110 1099 4181 in
1142 4112 1440 4183 Graecos
1480 4111 2020 4184 malivolentiam
2047 4166 2066 4202 ,
2109 4134 2320 4208 quam
2349 4136 2489 4185 non
2516 4114 2719 4207 pauci
2747 4114 2980 4205 magni
3014 4123 3086 4187 et
3116 4113 3416 4205 religiosi
3452 4111 3847 4185 sacerdotes

1029 4234 1416 4326 Christique
1449 4234 1821 4306 servitores
1851 4237 2037 4308 dicto
2070 4248 2140 4308 et
2166 4239 2350 4309 facto
2387 4245 2458 4308 et
2488 4237 2668 4308 votis
2703 4237 3049 4309 continuis
3085 4260 3211 4333 per
3248 4238 3530 4329 longum
3568 4245 3845 4331 praete·

1028 4356 1238 4426 ritum
1269 4367 1540 4452 tempus
1569 4359 1919 4452 extirpare
1940 4382 2083 4431 non
2100 4361 2499 4451 valuerunt,
2537 4360 2665 4433 iste
2692 4361 3014 4432 omnibus
3042 4360 3267 4433 modis
3293 4358 3613 4433 eamdem
3639 4379 3845 4431 reno-

1098 4691 1168 4765 (l)
1207 4690 1284 4748 Cf.
1319 4692 1517 4762 Gom-9.
1546 4691 1883 4764 Acropolita,
1909 4706 2027 4766 cap.
2058 4693 2126 4749 47
2145 4698 2201 4749 et
2224 4693 2315 4764 ts,
2337 4709 2394 4766 p.
2416 4695 2474 4750 9⁴
2504 4697 2561 4750 et
2582 4706 2736 4768 seqq.
