4525 6031
568 4035 690 4086 Apud
710 4035 888 4087 Castae,

566 4092 592 4128 3
608 4090 886 4140 septembris.

962 642 1086 704 652
1965 649 2397 713 FRlDERICI
2448 649 2795 713 SECUNDI
3405 651 3570 729 [Amr.
3610 652 3786 715 1248.

961 774 1220 849 Bitricti
1255 779 1462 849 situm
1506 779 1577 850 in
1613 779 1896 853 Barensi
1939 780 2196 856 diocesi
2233 784 2324 857 ad
2353 789 2471 879 jus
2505 796 2575 856 et
2611 784 3103 881 proprietatem
3146 784 3466 856 Berensis
3503 787 3791 859 ecclesie

961 904 1308 997 pertinere
1342 900 1612 976 dicatur
1637 917 1706 977 et
1742 907 1861 978 diu
1898 906 2075 982 sicut
2099 911 2567 983 intelleximus
2601 920 2827 981 castro
2855 910 3007 1005 ipso
3039 910 3249 981 fuerit
3281 910 3528 983 eadem
3575 914 3795 984 eccle·

964 1028 1063 1099 sia
1091 1050 1220 1122 per
1246 1049 1445 1120 reges
1473 1027 1700 1102 Sicilie
1729 1032 1848 1124 qui
1877 1031 2159 1105 fuerunt
2192 1057 2318 1129 pro
2356 1046 2663 1130 tempore
2693 1034 3050 1122 destituta,
3069 1054 3198 1105 nos
3228 1033 3540 1123 ejusdem
3580 1037 3792 1108 eccle·

962 1157 1062 1229 sie
1097 1155 1579 1248 indempnitati
1621 1176 1828 1249 super
1860 1155 1991 1228 hoc
2025 1167 2315 1251 paterna
2346 1157 2661 1229 volentes
2692 1155 3156 1229 sollicitudine
3196 1155 3600 1251 providere,
3653 1159 3792 1230 tuis

961 1277 1580 1373 supplicationibus
1609 1280 1948 1370 inclinati,
1985 1281 2331 1375 prefatum
2369 1292 2670 1353 castrum
2702 1303 2861 1352 cum
2881 1280 3201 1353 omnibus
3225 1281 3535 1373 juribus,
3568 1278 3789 1354 hono-

964 1405 1154 1476 ribus
1201 1413 1271 1474 et
1325 1402 1756 1499 pertinentiis
1800 1404 1979 1495 suiS,
2025 1426 2168 1475 non
2224 1406 2545 1476 obstante
2586 1403 2778 1497 quod
2825 1404 2996 1474 illud
3037 1403 3223 1475 idem
3267 1425 3467 1495 reges
3505 1425 3632 1475 seu
3673 1405 3792 1476 alii

964 1522 1223 1601 diutius
1277 1536 1651 1598 tenuerunt
1696 1539 1766 1598 et
1810 1527 2001 1619 quod
2053 1526 2457 1616 Fredericus
2501 1528 2853 1621 quondam
2902 1526 3371 1600 Romanorum
3417 1528 3794 1623 imperator

964 1654 1191 1747 ipsum
1243 1653 1324 1723 G.
1369 1651 1697 1723 Francico
1741 1651 2031 1722 contulit
2075 1652 2251 1723 sicut
2301 1652 2546 1743 fertur,
2602 1651 2893 1723 ecclesie
2937 1651 3246 1745 predicte
3291 1671 3450 1722 cum
3497 1669 3789 1744 regnum

965 1777 1191 1848 Sicilie
1228 1797 1388 1867 rege
1429 1797 1615 1846 nunc
1653 1784 1912 1862 careat,
1946 1772 2255 1869 plenarie
2293 1776 2745 1864 restituimuS‚
2780 1785 2850 1845 et
2880 1784 2960 1845 ut
2990 1775 3142 1870 ipsa
3183 1775 3472 1846 ecclesia
3512 1796 3597 1846 eo
3637 1797 3788 1847 ma-

956 1902 1094 1996 jori
1123 1921 1286 1991 erga
1330 1899 1581 1970 Sedem
1617 1898 2087 1993 Apostolicam
2117 1899 2489 1971 devotione
2519 1910 2786 1969 crescat
2830 1919 2972 1990 quo
3012 1898 3565 1969 favorabiliorem
3600 1898 3788 1969 illam

965 2025 1093 2096 sibi
1142 2024 1433 2095 senserit
1476 2023 1546 2092 in
1583 2022 1716 2094 hac
1749 2032 1970 2116 parte,
2010 2023 2271 2094 dictum
2316 2032 2616 2092 castrum
2651 2022 2714 2091 ei
2747 2020 2837 2093 de
2875 2042 3059 2093 novo
3092 2043 3185 2091 ex
3210 2021 3428 2112 gratia
3463 2022 3787 2093 concedi-

966 2171 1120 2218 mus
1140 2146 1447 2241 speciali,
1471 2147 1590 2216 tibi
1612 2158 1689 2217 ut
1712 2147 1783 2217 in
1802 2146 2017 2240 ipsius
2045 2146 2249 2217 castri
2276 2146 2808 2240 possessionem,
2843 2166 3055 2237 quam
3086 2146 3310 2239 primo
3333 2167 3407 2216 se
3430 2145 3554 2215 tibi
3582 2166 3792 2239 super

955 2272 1099 2343 hoc
1162 2272 1452 2341 facultas
1506 2271 1860 2358 obtulerit,
1915 2270 2128 2340 libere
2188 2269 2462 2361 ingredi
2520 2271 2756 2340 valeas
2807 2268 3256 2340 nihilominus
3315 2268 3785 2359 indulgenteS,

962 2393 1342 2467 dummodo
1383 2395 1607 2488 ipsum
1648 2402 1948 2464 castrum
1990 2394 2082 2465 ad
2126 2393 2342 2462 alium
2389 2393 2478 2463 de
2511 2393 2669 2483 jure
2723 2413 2865 2463 non
2910 2393 3255 2487 pertineat
3296 2391 3369 2462 in
3419 2390 3789 2464 devotione

959 2519 1263 2593 Ecclesia
1296 2518 1804 2612 persistentem.
1839 2519 2165 2588 Pretextu
2216 2526 2453 2588 autem
2512 2516 3011 2607 cujuscumque
3061 2514 3447 2586 collationis
3500 2513 3589 2586 de
3636 2516 3789 2607 ipso

958 2656 1187 2718 castro
1216 2667 1258 2715 a
1290 2654 1675 2716 memorato
1708 2641 2072 2712 Frederico
2118 2641 2335 2728 facte,
2368 2639 2694 2710 nolumus
2734 2637 2918 2710 hanc
2949 2649 3256 2709 nostram
3288 2638 3790 2710 restitutionem

961 2780 1032 2841 et
1059 2768 1576 2840 concessionem
1606 2766 2048 2856 aliquatenus
2080 2762 2428 2857 impediri.
2467 2762 2652 2832 Nulli
2686 2781 2853 2852 ergo
2886 2760 3167 2833 omnino
3199 2760 3559 2831 hominum
3586 2760 3791 2832 liceat

959 2894 1141 2964 hanc
1193 2892 1512 2988 paginam
1553 2899 1789 2960 nostre
1836 2886 2288 2958 restitutionis
2336 2894 2405 2956 et
2445 2884 2909 2957 concessionis
2954 2884 3327 2976 infringere
3368 2884 3480 2954 vel
3519 2884 3582 2954 ei
3613 2904 3786 2954 ausu

963 3017 1327 3089 temerario
1360 3013 1735 3103 contraire3
1770 3011 1828 3082 si
1862 3011 2021 3103 quis
2051 3020 2284 3081 autem
2316 3007 2449 3081 hoc
2484 3018 2898 3103 attemptare
2930 3007 3429 3102 presumpserit
3468 3005 3787 3098 indigua-

963 3142 1221 3213 tionem
1260 3137 1751 3232 omnipotentis
1782 3135 1911 3206 Dei
1944 3145 2015 3206 et
2045 3134 2409 3206 beatorum
2452 3133 2634 3205 Petri
2672 3143 2743 3204 et
2781 3133 2975 3205 Pauli
3021 3131 3491 3227 apostolorum
3526 3132 3678 3223 ejus
3712 3152 3786 3202 se

966 3267 1233 3335 noverit
1270 3265 1730 3331 incursurum.

1064 3393 1314 3457 Datum
1346 3385 1688 3475 Lugduni,
1719 3383 2028 3451 kalendis
2058 3381 2491 3471 septe111b=1·i5‚
2530 3380 2965 3472 pontific-atus
3001 3381 3211 3447 nostri
3247 3401 3429 3447 anno
3461 3387 3683 3447 sexto.

1376 3711 1983 3721 —ffi--n—d--h—a-
2032 3709 2252 3715 ------.--*-
2577 3705 2689 3711 ---—-
2790 3705 2862 3711 ...--
3018 3699 3369 3709 ----“-.-*--

1070 4013 1530 4116 Fridericus7
1584 4013 2096 4092 Romanorum
2149 4009 2595 4114 imperator,
2659 4005 3001 4110 potestati
3069 4003 3405 4108 papiensi
3473 4003 3783 4080 mandat

964 4162 1046 4230 ut
1120 4176 1344 4254 super
1418 4146 1934 4226 recollectione
2010 4144 2383 4222 tertiariae
2449 4155 2949 4244 ljiroventuum
3025 4138 3463 4216 monasterii
3533 4136 3836 4216 Sancti-

966 4282 1372 4362 Salvatoris
1438 4282 1530 4358 de
1586 4280 1812 4384 Papia
1872 4278 2201 4382 aliquem
2263 4276 2617 4354 idoneum
2667 4282 2987 4374 statuat„
3039 4296 3167 4376 per
3225 4296 3451 4376 quem
3507 4270 3779 4348 domus

964 4416 1200 4522 ipsius
1238 4410 1672 4492 monasterii
1714 4436 1908 4516 quae
1946 4408 2419 4514 reparatione
2457 4406 2837 4510 indigent„
2883 4414 3351 4508 reparentur.

1126 4656 1370 4732 (laedit.
1404 4672 1478 4712 ex
1516 4654 1682 4726 copia
1716 4652 1982 4708 authent.
2018 4650 2088 4706 de
2118 4664 2273 4706 auno
2315 4656 2459 4704 1248
2499 4650 2557 4702 iu
2599 4644 2837 4702 archivo
2869 4644 3221 4716 Mediolan.,
3255 4660 3433 4720 quam
3475 4642 3781 4700 nobiseum

1200 4760 1508 4818 liberaliter
1538 4756 1998 4814 communicavit
2026 4754 2082 4812 J.
2120 4754 2185 4810 F.
2221 4748 2625 4824 BoehmeruS.)
