4525 6031
721 684 924 744 Inntcr.
955 681 1050 759 8.]
1624 680 2017 744 HISTORIA
2067 682 2658 746 DIPLOMATICA.
3430 681 3553 742 ’173

720 839 935 907 vans,
980 814 1246 888 frivolis
1279 816 1717 889 sermonibus
1748 827 1821 889 et
1847 819 2107 891 dolosis
2138 820 2508 891 stultorum
2541 816 2901 890 hominum
2948 816 3550 890 exhortationibus

722 941 923 1035 quasi
961 940 1030 1010 in
1060 940 1202 1011 ictu
1249 940 1433 1012 oculi
1460 939 1531 1011 in
1564 961 1875 1013 amorem
1924 954 2334 1016 convertere
2368 942 2785 1038 pollicetur?
2825 941 3072 1014 Nonne
3113 941 3242 1013 iste
3290 950 3395 1012 est
3428 941 3550 1035 qui

721 1063 1168 1135 serenitatem
1201 1073 1511 1135 nostram
1555 1074 1842 1159 propter
1881 1065 2400 1137 matrimonium
2436 1064 2814 1156 majestatis
2855 1073 3015 1134 tuae
3054 1084 3212 1134 cum
3256 1062 3553 1135 dilectis-

722 1188 896 1259 sima
951 1185 1092 1258 filia
1156 1195 1393 1259 nostra
1457 1187 1761 1278 legitime
1808 1197 1879 1259 et
1937 1189 2271 1261 canonice
2325 1197 2784 1276 contractum,
2840 1186 3294 1258 irrationabili
3320 1195 3551 1257 motus

719 1311 985 1406 impetu
1018 1309 1294 1404 publice
1337 1309 1987 1401 anathematisavit,
2025 1332 2258 1384 coram
2289 1333 2417 1384 suo
2449 1311 2541 1383 ab
2586 1312 2739 1406 ipso
2785 1319 3205 1401 congregato
3256 1309 3549 1382 concilio

722 1444 1047 1508 causatus
1082 1434 1273 1528 quod
1314 1455 1445 1505 nos
1487 1455 1648 1506 cum
1673 1434 2024 1507 haeretico
2052 1436 2455 1508 societatem
2499 1446 2571 1506 et
2597 1435 2846 1506 foedus
2886 1433 3313 1505 inieramus?
3347 1432 3548 1504 Unde

721 1556 834 1628 isti
872 1558 1270 1629 sacerdotes
1315 1558 1534 1629 nostri
1577 1569 1928 1630 noverunt
1961 1579 2158 1631 arma
2199 1579 2475 1630 sumere
2510 1558 2847 1630 adversus
2887 1556 3339 1647 Christianos,
3392 1555 3550 1627 lori·

720 1703 839 1754 cas
892 1703 1021 1776 pro
1079 1682 1292 1753 sacris
1335 1681 1627 1753 induere
1670 1683 2136 1774 vestimentis,
2189 1704 2320 1778 pro
2356 1683 2608 1754 baculo
2649 1680 2981 1777 pastorali
3009 1682 3286 1752 lanceas
3321 1688 3393 1749 et
3418 1699 3548 1773 pro

720 1805 987 1877 calamo
1042 1804 1312 1897 jaculos
1361 1805 1541 1876 ferre
1590 1826 2002 1899 amarasque
2062 1807 2390 1898 sagittaS‚
2453 1805 2780 1877 salutaria
2829 1804 3065 1875 Crucis
3110 1824 3302 1874 arma
3348 1802 3548 1895 quasi

717 1928 1357 2023 parvipendentes?
1386 1929 1579 2013 Quae
1611 1929 1955 2021 generalis
1991 1930 2104 2001 vel
2136 1929 2574 2024 particularis
2604 1928 2916 2024 synodus
2943 1926 3105 1998 talia
3146 1925 3549 2021 praecepit?

721 2052 889 2136 Quis
916 2052 1223 2124 virorum
1249 2062 1634 2124 conventus
1657 2054 1878 2123 Deum
1913 2073 2080 2147 prae
2103 2053 2323 2125 oculis
2354 2051 2758 2124 habentium
2777 2050 2952 2122 haec
2972 2047 3406 2121 confirmavit
3431 2047 3544 2118 vel

725 2175 1114 2267 sigillavit?
1157 2177 1227 2247 Si
1275 2176 1433 2269 quis
1467 2198 1638 2248 vero
1669 2198 1880 2271 super
1913 2175 2047 2248 hoc
2094 2175 2498 2247 incredulus
2546 2175 2958 2262 haberetur,
3002 2183 3278 2245 sanctos
3309 2171 3548 2243 videat

721 2299 1112 2371 cardinales
1146 2310 1216 2370 et
1245 2300 1592 2393 praelatos
1626 2300 1696 2370 in
1732 2310 1917 2371 terra
1953 2308 2189 2370 nostro
2217 2299 2512 2393 imperio
2552 2297 2867 2390 subjecta
2908 2296 3158 2368 bellica
3202 2296 3344 2367 imo
3390 2293 3547 2367 hos-

724 2424 866 2494 tilia
896 2445 1088 2494 arma
1125 2433 1480 2495 sumentes
1501 2476 1521 2512 ,
1554 2445 1851 2516 quorum
1885 2446 2067 2495 unus
2099 2423 2246 2495 dux
2273 2475 2293 2513 ,
2322 2424 2498 2494 alter
2526 2421 2834 2493 marchio
2856 2473 2876 2511 ,
2907 2422 3083 2492 alter
3111 2441 3282 2490 vero
3311 2438 3545 2490 comes

719 2547 1105 2618 secundum
1147 2547 1577 2642 provinciam
1637 2549 1838 2639 cujus
1896 2547 2207 2639 regimen
2250 2546 2534 2617 sortitus
2577 2554 2720 2635 est,
2775 2544 3145 2616 vocitatur.
3191 2541 3316 2612 Hic
3358 2540 3546 2611 enim

724 2670 1107 2765 phalanges
1155 2670 1469 2759 ordinat,
1526 2670 1656 2741 iste
1711 2670 2034 2742 cohortes
2071 2670 2417 2765 disponit,
2485 2670 2662 2741 alter
2708 2690 2877 2741 vero
2918 2667 3011 2739 ad
3054 2667 3315 2737 bellum
3358 2665 3546 2737 viros

725 2794 1011 2886 incitat,
1043 2796 1330 2888 quidam
1374 2795 1756 2866 exercitum
1793 2794 2130 2867 ducentes
2171 2804 2243 2866 et
2291 2795 2487 2886 signa
2520 2796 2834 2866 levantes
2856 2845 2876 2883 ,
2930 2791 3039 2862 isti
3081 2790 3420 2884 bipennes
3475 2797 3549 2860 et

725 2919 1022 3012 perticas
1076 2919 1471 2990 deserentes
1533 2916 1662 3013 (a).
1733 2920 1998 2989 Suntne
2072 2918 2202 2989 ista
2256 2917 2639 3012 spiritualia
2711 2925 2783 2989 et
2835 2912 3288 2986 sacerdotalia
3357 2911 3545 3007 pacis

725 3042 1115 3114 testimonia
1174 3063 1299 3112 seu
1353 3041 1446 3114 ad
1492 3062 1737 3136 pacem
1775 3041 2112 3114 exordia?
2167 3043 2351 3113 Num
2404 3041 2564 3112 talia
2610 3049 3002 3112 statuerunt
3050 3037 3253 3132 primi
3296 3035 3545 3129 Christi

720 3165 1092 3261 discipuli?
1139 3164 1307 3250 Quis
1362 3175 1594 3236 autem
1656 3174 1792 3237 tam
1833 3165 2134 3259 simplex
2163 3173 2287 3235 aut
2313 3186 2517 3236 sensu
2552 3164 2923 3236 destitutus
2957 3163 3079 3256 qui
3102 3170 3368 3233 tantam
3393 3180 3544 3231 ma-

720 3290 1106 3382 lignitatem
1136 3309 1274 3360 non
1309 3297 1677 3381 agnoscat,
1709 3289 1877 3360 istos
1908 3288 2232 3360 infamiae
2268 3289 2698 3377 sacerdoteS,
2748 3286 3151 3359 seductores
3183 3284 3541 3355 hominum

719 3415 1067 3506 salsosque
1111 3412 1488 3508 prophetas
1529 3413 1933 3502 nominanS,
1985 3413 2054 3483 in
2107 3413 2353 3508 spiritu
2399 3412 2637 3483 Heliae
2678 3420 2906 3483 costas
2942 3431 3183 3482 eorum
3214 3408 3308 3480 ad
3342 3406 3542 3480 holo-

717 3547 1032 3610 caustum
1092 3535 1378 3608 tradens
1427 3545 1507 3606 ut
1553 3536 1896 3608 tumidum
1954 3557 2138 3630 aqua
2191 3548 2437 3632 pectus
2474 3557 2635 3607 cum
2683 3535 2885 3628 lignis
2917 3533 3342 3608 coacervatis
3383 3532 3543 3623 igne

719 3669 1171 3733 consumatur
1207 3655 1444 3755 (1)Ρο
1481 3660 1670 3751 vulgi
1709 3659 2000 3731 stultitia
2032 3682 2213 3753 quae
2254 3661 2390 3731 illis
2421 3681 2565 3731 uno
2594 3669 2906 3754 tempore
2932 3668 3004 3729 et
3034 3658 3184 3729 sine
3212 3656 3542 3728 dilatione

718 3785 1152 3858 sanctitatem
1218 3784 1580 3873 adscribit,
1652 3805 1911 3877 eosque
1968 3794 2245 3857 sanctos
2299 3785 2429 3856 sub
2478 3784 2851 3879 improviso
2908 3782 3300 3866 constituit,
3366 3781 3545 3853 sicut

719 3910 953 3981 fabula
984 3904 1330 4001 gigantesl
1370 3910 1569 3980 Tales
1598 3918 1759 3979 sunt
1790 3905 1998 3981 hodie
2031 3918 2346 4003 pastores
2379 3908 2450 3978 in
2475 3907 2681 3978 Israel
2701 3959 2720 3995 ,
2749 3905 3099 3977 Ecclesiae
3125 3905 3373 3976 Christi
3400 3925 3541 3976 non

720 4028 1081 4127 pontifices
1101 4083 1122 4121 ,
1163 4032 1289 4104 sed
1337 4031 1483 4126 lupi
1525 4052 1851 4125 rapaceS,
1901 4031 2162 4103 bestiae
2199 4031 2467 4102 feroces
2504 4028 2727 4100 effecti
2768 4029 2887 4121 qui
2925 4029 3259 4122 populum
3294 4027 3541 4098 Christi

804 4244 886 4323 (a)
932 4246 1121 4306 Locus
1156 4248 1220 4306 In
1267 4217 1465 4305 codice
1505 4262 1711 4323 graeco
1734 4247 2012 4318 mutilus,
2045 4246 2271 4306 scillcet
2306 4245 2356 4303 ot
2396 4245 2725 4330 φημινοῦροι
2755 4240 2847 4301 καὶ
2880 4241 3311 4325 περδυιατοῧροι,
3358 4259 3538 4320 quem

716 4351 917 4412 Wonr
940 4354 1025 4411 lta
1058 4354 1363 4412 restituere
1390 4357 1639 4413 conatus
1666 4358 1757 4413 est
1783 4351 1833 4410 ot
1864 4347 2219 4434 βιπεννιφόροι
2246 4348 2339 4409 καὶ
2365 4345 2764 4432 περτααφόροι.
2799 4349 3069 4410 Forsttan
3094 4349 3171 4410 ad
3202 4350 3541 4430 inqaeqneroe

717 4456 1021 4517 alluditur.

2464 4663 2577 4672 -0---
2588 4662 3516 4674 ——ae———m—-m

795 4798 872 4869 (t)
908 4798 990 4856 CI.
1013 4798 1137 4856 Lib.
1165 4801 1292 4873 Rea.
1321 4800 1412 4870 111,
1437 4815 1562 4874 cap.
1590 4800 1789 4871 xvm,
1821 4816 1964 4859 vers.
1993 4804 2084 4872 ⁴9,
2111 4802 2202 4873 25,
2236 4802 2325 4871 33,
2354 4803 2442 4857 38.

883 4897 989 4959 vl.
1030 4913 1207 4959 rma.
3142 4905 3217 4957 98
