4525 6031
646 648 846 710 Inmcr.
879 650 969 726 7.]
1537 646 1933 711 HISTORIA
1982 645 2580 709 DIPLOMATICA.
3346 636 3469 701 689

645 783 855 855 sionis
889 791 1124 855 nostre
1153 794 1464 855 tenorem
1492 781 1830 877 impedire
1859 784 1972 855 vel
2005 784 2411 879 perturbare
2438 788 2816 877 presumat,
2848 788 2920 851 et
2949 777 3071 872 qui
3102 796 3468 872 presump-

644 908 810 979 serit
842 909 1390 1001 indignationem
1432 918 1737 979 nostram
1772 929 1847 980 se
1880 909 2153 981 noverit
2191 911 2655 981 incursurum.
2690 905 2803 978 Ad
2844 903 3052 996 hujus
3095 910 3327 972 autem
3369 898 3470 970 rei

644 1033 1050 1105 memoriam
1084 1055 1371 1129 presens
1398 1032 1729 1127 scriptum
1758 1054 1882 1126 per
1907 1033 2240 1105 Iacobum
2274 1034 2363 1106 de
2390 1032 2599 1127 Papia
2631 1029 2978 1103 notarium
3008 1015 3284 1099 fidel'em
3314 1045 3473 1097 nos·

648 1166 829 1228 trum
865 1158 1074 1229 scribi
1104 1168 1176 1229 et
1204 1156 1583 1249 majestatis
1615 1165 1849 1228 nostre
1877 1157 2098 1249 sigillo
2119 1157 2453 1250 jussimus
2489 1154 2925 1228 communiri.

741 1282 993 1352 Datum
1027 1282 1231 1377 Papie
1251 1279 1356 1378 (⁴)
1381 1303 1506 1376 per
1535 1303 1784 1352 manus
1815 1281 2121 1374 magistri
2170 1282 2349 1354 Petri
2392 1282 2482 1354 de
2516 1281 2733 1354 Vinea
2761 1277 2863 1376 (a)
2900 1277 3276 1374 imperialis
3310 1278 3471 1349 aule

646 1406 1149 1500 prothonotarii
1177 1416 1248 1478 et
1281 1405 1475 1498 regni
1510 1405 1736 1477 Sicilie
1773 1406 2153 1497 logothete‚
2182 1417 2351 1496 etc„
2384 1426 2570 1478 anno
2606 1403 2949 1477 dominice
2982 1402 3471 1475 incarnationis

646 1531 1011 1603 millesimo
1071 1531 1545 1604 ducentesimo
1594 1530 2127 1623 quadragesimo
2176 1539 2461 1621 octavo,
2506 1550 2747 1602 mense
2791 1528 3126 1621 Januarii,
3178 1527 3470 1621 septima

646 1652 1044 1726 indictione.

756 2239 1218 2355 Fridericus‚
1278 2247 1801 2333 Romanorum
1852 2248 2293 2356 imperator,
2339 2244 2739 2329 confirmat
2776 2241 3258 2355 privilegium
3293 2240 3469 2322 Fri-

650 2375 878 2458 derici
930 2379 1321 2487 quondam
1379 2382 1730 2465 Austriae
1783 2382 2039 2487 duciS,
2090 2382 2355 2463 datum
2399 2381 2600 2488 apud
2650 2376 2928 2477 Tobel‚
2968 2388 3245 2486 quarto
3295 2376 3470 2458 idus

643 2507 815 2616 julii
862 2513 1111 2616 1242,
1161 2540 1317 2623 quo
1362 2515 1521 2597 dux
1575 2517 1716 2598 isle
1767 2515 2122 2598 ecclesiae
2173 2514 2428 2620 Sancti
2480 2513 2679 2595 Petri
2727 2511 2928 2594 ultra
2981 2509 3469 2592 Judenburch

650 2641 960 2727 donavit
1004 2649 1397 2754 quoddam
1441 2649 1638 2731 ovile
1678 2674 1904 2730 suum
1953 2649 2032 2729 in
2071 2648 2253 2733 villa
2283 2646 2667 2756 praefatae
2701 2643 3057 2727 ecclesiae
3091 2654 3166 2727 et
3199 2644 3465 2753 quod-

650 2774 826 2856 dam
867 2780 1134 2864 novale
1170 2780 1662 2865 Strimizellee
1717 2781 2036 2866 dictum.

811 3020 836 3102 (
850 3023 1161 3087 Memorat.
1192 3042 1285 3105 ap.
1315 3042 1437 3086 von
1467 3026 1767 3107 Marma,
1787 3023 2186 3106 Babenberqer
2210 3029 2447 3106 reque„
2472 3041 2534 3104 p.
2572 3032 2710 3103 172,
2738 3034 2806 3084 n·
2837 3030 2975 3097 10⁵,
2999 3038 3078 3083 ex
3104 3022 3237 3083 cod.
3260 3020 3464 3083 tradit.

886 3131 1094 3193 Seeov.
1124 3134 1187 3192 in
1211 3133 1373 3195 arch.
1406 3133 1665 3195 Johann.
1696 3150 1794 3212 ap.
1825 3131 2056 3212 Grfitz.)

745 3345 997 3417 Datum
1042 3347 1413 3441 Cremone,
1463 3371 1650 3422 anno
1698 3348 2043 3422 dominice
2088 3347 2584 3423 incarnationis
2617 3347 2711 3420 M.
2742 3346 2865 3421 CC.
2897 3345 3194 3439 XLVIII,
3230 3365 3470 3419 mense

641 3468 996 3559 Januario‚
1031 3467 1349 3568 [septime
1383 3471 1834 3572 indictionis].

733 3674 817 3755 (a)
860 3676 931 3738 In
958 3679 1241 3757 impresso
1266 3680 1503 3760 legitur,
1531 3679 1636 3741 sed
1661 3680 1838 3754 male,
1866 3676 1938 3740 de
1968 3679 2165 3741 Unica.

722 4023 799 4095 (4)
839 4043 867 4078 α
892 4022 992 4082 ΑΠ’
1021 4026 1285 4099 appoggio
1307 4026 1363 4085 di
1389 4044 1465 4084 un
1482 4028 1653 4101 rogito
1674 4028 1764 4086 del
1796 4029 1978 4103 aotajo
2001 4028 2258 4087 Giacomo
2286 4026 2565 4099 Tomacio‚
2595 4025 2973 4100 l’imperadore
2996 4027 3083 4084 nel
3102 4027 3293 4100 giorno
3322 4029 3390 4085 ⁴2
3417 4026 3475 4085 di

651 4134 887 4191 gannaro
918 4125 1056 4181 ⁴2⁴9
1074 4124 1131 4179 in
1157 4124 1316 4183 Pavia
1345 4125 1485 4184 nella
1509 4126 1696 4184 chiesa
1720 4126 1774 4183 di
1803 4127 2054 4184 S.Pietro
2078 4126 2132 4182 in
2155 4126 2267 4185 Ciei
2291 4141 2473 4193 aureO,
2500 4124 2605 4182 alla
2628 4140 2886 4198 presenza
2903 4123 2958 4181 di
2984 4123 3281 4182 Gottifredo
3307 4123 3476 4181 Cam-

649 4217 824 4289 paggi,
845 4217 901 4274 di
924 4218 1078 4277 Carlo
1102 4222 1264 4279 Borra
1290 4221 1339 4294 (o
1363 4221 1532 4296 Botta)
1559 4239 1591 4279 e
1615 4223 1670 4280 di
1699 4223 1923 4281 Ricardo
1944 4225 2148 4281 Paroria
2176 4222 2426 4281 investito
2437 4238 2540 4296 per
2569 4221 2821 4279 baculum
2842 4238 2997 4296 quem
3020 4223 3248 4295 propria
3267 4220 3476 4278 tenebat

648 4330 819 4372 manu
841 4315 965 4374 dall'
999 4324 1119 4376 arte
1147 4335 1180 4376 ο
1204 4318 1377 4377 officio
1410 4320 1553 4379 della
1591 4321 1801 4378 notaria
1833 4322 2064 4380 Martino
2091 4319 2482 4395 Santepifanio,
2515 4335 2617 4377 con
2655 4318 2885 4378 autorita
2917 4319 2970 4376 di
3000 4319 3080 4377 sar
3113 4319 3414 4376 isti-omenti
3443 4335 3476 4377 a

648 4413 804 4485 rogiti
830 4429 929 4487 per
956 4420 1093 4472 tutto
1114 4415 1153 4472 il
1175 4418 1372 4475 mondo
1403 4419 1462 4475 in
1487 4419 1615 4492 ogni
1636 4425 1809 4493 parte.
1836 4448 1911 4463 -
1933 4419 2037 4477 Nel
2070 4419 2256 4493 giorno
2292 4421 2360 4474 43
2385 4417 2527 4475 dello
2551 4423 2724 4475 stesso
2760 4433 2907 4474 mese
2942 4417 3199 4475 Federico
3226 4418 3283 4474 in
3317 4418 3476 4475 Pavia

646 4512 906 4568 comando
946 4528 1049 4570 con
1084 4529 1182 4572 sue
1219 4515 1408 4573 lettere
1442 4515 1477 4573 a
1513 4516 1793 4576 Manli-edo
1831 4516 2112 4574 marchese
2143 4516 2367 4587 Lancia,
2397 4515 2645 4589 capitano
2669 4515 2738 4573 da
2761 4515 2923 4573 Pavia
2949 4515 3067 4573 sino
3098 4516 3168 4573 ad
3204 4515 3344 4588 Asti,
3375 4514 3479 4573 che

644 4606 913 4666 sforzasse
935 4609 986 4667 la
1012 4610 1142 4669 citta
1167 4628 1200 4669 a
1224 4614 1495 4671 restituire
1521 4631 1597 4670 un
1622 4620 1772 4671 certo
1794 4619 1950 4688 prato
1973 4612 2057 4669 all’
2089 4612 2289 4669 abbate
2314 4612 2401 4669 del
2430 4610 2757 4669 monasterio
2774 4611 2830 4668 di
2854 4614 2914 4671 S.
2945 4606 3126 4669 Pietro
3157 4611 3214 4667 in
3240 4612 3350 4669 Ciel
3366 4628 3480 4669 au·-

646 4721 760 4762 reo.
787 4726 814 4761 n
835 4707 1007 4783 Bossi,
1031 4710 1192 4768 lsror.
1217 4713 1376 4786 Pav„
1409 4712 1560 4771 citat.
1591 4727 1683 4787 ap.
1713 4714 2002 4783 Roaomm,
2031 4711 2224 4772 Notiz.
2249 4719 2387 4770 ator.
2407 4711 2471 4767 di
2495 4715 2658 4787 Pau„
2678 4717 2721 4771 t.
2745 4712 2838 4785 lv,
2858 4710 3035 4785 prima
3061 4717 3240 4787 parte,
3265 4727 3323 4785 p.
3349 4712 3475 4770 ut.
