4525 6031
1042 657 1167 720 998
1958 665 2214 726 INDEX
2264 664 2971 731 noctJMENToamt.

1071 856 1292 932 1247

1046 993 1082 1044 6
1098 988 1316 1046 martii.
1439 985 1685 1066 Rlpolls.
1818 991 2046 1062 Petrus,
2087 991 2409 1069 Com-adue,
2437 991 2781 1070 blansi-edm
2806 998 2863 1054 et
2886 992 3085 1053 Bonus
3110 987 3407 1051 lohannes
3433 985 3502 1048 de
3528 987 3878 1061 Ποπειοιιω,

1896 1087 2197 1150 castellam·
2228 1094 2408 1153 castri
2433 1090 2805 1172 Ripolarum,
2847 1098 2981 1168 post
3007 1089 3347 1151 arbitralem
3374 1089 3729 1148 sententiam
3768 1086 3883 1146 hoc

1896 1194 2155 1247 castrum
2193 1192 2255 1249 in
2286 1190 2559 1250 manibus
2594 1192 2746 1267 regis
2782 1189 3023 1249 Henrici
3058 1186 3427 1263 imperatoris
3460 1183 3743 1245 Frlderici
3772 1182 3884 1243 iim

1893 1282 2008 1342 sub
2040 1287 2213 1344 certis
2240 1286 2679 1347 conditionibus
2702 1291 2934 1360 ponunt
2959 1290 3020 1344 et
3053 1283 3320 1343 tradunt.
3763 1287 3878 1339 507

1071 1387 1107 1438 4
1125 1380 1290 1438 maii.
1479 1383 1661 1459 Apud
1814 1374 2245 1440 Ambassacom
2289 1382 2603 1441 communis
2646 1382 2916 1441 Senensis
2960 1380 3259 1442 Friderico
3305 1377 3380 1437 de
3420 1375 3737 1437 Antiochia
3786 1393 3881 1437 re-

1429 1478 1716 1538 Sanctum
1892 1485 2270 1554 praesentant
2293 1471 2579 1556 quosdam
2608 1480 2822 1539 milites
2842 1479 2916 1538 de
2943 1477 3189 1540 Commo
3215 1474 3386 1535 Senis
3411 1475 3704 1547 detentos,
3731 1488 3881 1548 quo·

1404 1574 1731 1647 Quiricum.
1895 1590 2029 1633 rum
2065 1593 2250 1636 unum
2289 1577 2586 1637 infirmum
2618 1577 2952 1636 Fridericus
2989 1591 3027 1635 a
3061 1572 3404 1635 custodibus
3436 1570 3673 1630 liberari
3709 1576 3771 1630 et
3804 1568 3882 1629 ad

1894 1687 1957 1728 se
1984 1671 2119 1730 duci
2144 1673 2339 1748 jubet.
3764 1675 3880 1727 529

1047 1776 1120 1827 18
1160 1768 1311 1846 julii.
1389 1773 1733 1832 Beneventi.
1819 1761 2111 1844 Goffridur
2140 1766 2481 1843 Catalanm,
2497 1768 2868 1849 justicias-itu
2893 1766 3269 1846 Principum
3295 1770 3352 1825 et
3380 1768 3569 1823 terrae
3590 1763 3883 1824 Beneven-

1898 1870 2107 1942 tanae,
2151 1865 2476 1927 Johannem
2517 1868 2851 1944 Trogisium
2896 1866 3208 1944 syndicum
3255 1863 3656 1924 universitatis
3692 1861 3882 1921 homi·

1896 1978 2039 2021 num
2073 1964 2285 2031 casalis
2321 1963 2521 2024 Sancti
2562 1963 2714 2023 Petri
2747 1964 2822 2023 de
2866 1963 3028 2023 Polla
3068 1960 3144 2021 ab
3180 1961 3544 2036 impetitione
3584 1959 3884 2019 Laurentii

1892 2060 2122 2136 syndici
2164 2063 2562 2121 universitatis
2601 2064 2775 2122 castri
2824 2061 3061 2133 Pollae,
3099 2059 3321 2119 scilicet
3357 2058 3434 2117 de
3479 2057 3879 2116 communica-

1894 2161 2054 2216 tione
2080 2158 2479 2228 collectarum,
2510 2158 2786 2218 absolvit.
3766 2160 3875 2214 56¹

1038 2259 1314 2329 augusto.
1413 2257 1718 2318 Panormi.
1814 2250 2120 2332 Philippus
2155 2253 2224 2313 de
2254 2255 2535 2327 Colania,
2567 2255 2843 2334 maqister
2868 2254 3221 2313 camerarius
3247 2253 3313 2312 in
3348 2248 3556 2312 Sicilia
3582 2251 3733 2311 eitra
3746 2248 3881 2329 fla-

1892 2368 2025 2410 men
2076 2348 2342 2423 Salsum,
2393 2353 2708 2414 Guillelmo
2743 2351 2820 2410 de
2854 2350 3147 2411 Panormo
3196 2349 3523 2411 Biccarensi
3561 2349 3879 2424 canonico,

1887 2452 2065 2523 Juxta
2101 2453 2363 2508 tenorem
2399 2450 2790 2524 imperialium
2829 2449 3348 2522 constitutionum,
3384 2451 3518 2522 post
3549 2447 3884 2521 inquisitio-

1894 2563 2032 2605 nem
2058 2545 2275 2606 t‘actam
2304 2548 2563 2607 decimas
2590 2549 2701 2622 ipsi
2731 2547 2955 2607 debitas
2983 2547 3210 2608 exsolvi
3231 2545 3426 2623 jubet.
3765 2552 3881 2605 56²

1038 2648 1115 2702 30
1161 2648 1312 2718 sept.
1443 2643 1692 2707 Salerni.
1812 2641 2056 2702 Iacobus
2082 2642 2151 2702 de
2179 2645 2412 2706 Sanctis
2445 2643 2516 2704 de
2545 2645 2781 2723 Capua,
2810 2646 3084 2726 magister
3117 2644 3471 2704 camerarius
3506 2641 3884 2721 principatus

1894 2745 1947 2799 et
1979 2747 2166 2799 terrae
2189 2743 2646 2812 Beneventanae,
2671 2746 2697 2818 J
2706 2750 2850 2803 uxta
2888 2750 3152 2802 tenorem
3178 2744 3664 2802 constitutionum
3696 2743 3886 2817 impe-

1891 2838 2158 2908 rialium,
2198 2841 2635 2915 inquisitionem
2671 2840 2799 2899 fieri
2834 2841 3150 2917 jubetque
3188 2839 3470 2917 probetur
3504 2855 3581 2898 an
3618 2838 3885 2897 decimae

1890 2935 2216 3010 platearum
2253 2936 2484 2998 Salerni
2521 2938 2598 2997 ad
2640 2940 3064 2998 monasterium
3104 2938 3368 2999 Cavense
3407 2938 3664 3015 legitime
3697 2936 3885 3012 perti-

1071 2997 1292 3075 1248
1890 3041 2093 3096 neunt.
3764 3041 3875 3093 5⁷1

1042 3107 1310 3204 ῙΞο-ἶὲἷ
1351 3170 1777 3191 .......
1812 3129 2103 3207 Potestas,
2144 3129 2353 3192 milites
2393 3142 2445 3191 et
2478 3128 2728 3210 populus
2772 3130 3105 3190 Parmensis
3143 3129 3448 3206 potestati,
3491 3127 3780 3189 militibus
3819 3133 3884 3188 et

1039 3224 1317 3309 circiter-‚1
1891 3228 2105 3302 populo
2135 3229 2557 3289 Mediolanensi
2582 3232 2862 3290 nuntiant
2883 3227 3205 3306 quomodo,
3230 3227 3517 3288 Friderici
3545 3228 3882 3303 immtato-

1893 3326 1973 3383 ris
2019 3327 2204 3401 copiis
2245 3327 2524 3398 devictis,
2569 3344 2706 3387 eum
2760 3327 2836 3388 ab
2881 3326 3188 3387 obsidione
3245 3324 3412 3385 urbis
3455 3340 3597 3384 suae
3646 3324 3882 3401 repule-

1892 3418 2040 3492 rim,
2077 3427 2502 3497 precamurque
2548 3428 2614 3479 ut
2656 3422 2733 3480 ad
2777 3438 2954 3481 suum
2996 3421 3289 3481 auxilium
3331 3420 3460 3479 sine
3501 3434 3670 3480 mora
3707 3433 3879 3477 acce·

1893 3511 2058 3569 dant.
3760 3522 3874 3573 ⁵9¹

1041 3601 1321 3686 [martim]
1355 3643 1777 3664 .......
1812 3638 1892 3652 --
1935 3609 2219 3669 Potestati
2269 3616 2329 3668 et
2375 3613 2620 3670 consilio
2662 3613 2995 3672 Placentiae
3040 3618 3249 3673 contra
3306 3615 3721 3689 imperatorem
3772 3614 3878 3688 qui

1893 3706 2105 3763 iterum
2136 3708 2360 3764 civitati
2389 3706 2754 3766 obsidionem
2785 3711 3069 3784 minatur,
3100 3708 3431 3768 subsidium
3463 3712 3696 3784 petunt,
3715 3708 3879 3784 quod

1892 3808 1951 3860 et
1982 3802 2091 3875 ipsi
2125 3802 2452 3861 Placentini
2482 3805 2922 3876 repromittunt.
3167 3818 3171 3823 ·
3760 3811 3876 3863 602

1039 3889 1320 3976 [mettim]
1348 3937 1776 3957 .......
1813 3896 2140 3975 Raynerius
2161 3898 2410 3958 Sanctae
2436 3899 2661 3959 Man'ae
2687 3899 2751 3958 in
2779 3899 3083 3961 cosmedin
3108 3899 3382 3962 diaconus
3408 3898 3723 3962 cardinalis
3748 3900 3881 3962 fuse

1890 4002 2091 4054 narrat
2146 3997 2445 4071 quomodo
2515 3997 2870 4058 Marcelinus
2928 4002 3237 4076 episcopus
3290 3998 3569 4059 Aretinus
3631 3998 3881 4077 jubente

1888 4091 2183 4151 Friderico
2208 4095 2555 4169 imperatore
2576 4110 2611 4154 a
2634 4094 2968 4156 sarracenis
2991 4099 3377 4174 ignominiose
3398 4113 3721 4173 suspensus
3740 4096 3877 4157 ine-

1890 4190 1989 4258 rit.
2020 4194 2135 4247 etc.
3760 4202 3876 4252 603

1045 4290 1110 4339 11
1141 4282 1313 4357 april.
1464 4285 1656 4347 Senis.
1807 4280 2080 4343 Alba-tm
2107 4285 2349 4344 Ranerii
2382 4292 2439 4346 et
2477 4285 2720 4348 lacobus
2762 4287 2954 4368 qun‘s'
2993 4289 3351 4350 confitentur
3398 4307 3461 4350 se
3509 4292 3799 4366 recepisse
3839 4306 3880 4349 a

1523 4394 1532 4401 ·
1837 4419 1844 4425 -
1887 4380 2173 4440 Ricovero
2212 4385 2533 4442 camerario
2569 4389 2899 4445 communis
2932 4378 3204 4447 Senensis
3242 4397 3354 4447 164
3386 4387 3562 4448 libras
3588 4386 3879 4448 senenses

1887 4494 1994 4552 pro
2025 4481 2266 4537 servitio
2296 4480 2457 4556 quod
2503 4481 2623 4541 duo
2667 4484 2886 4542 milites
2925 4483 3192 4544 iecerunt
3240 4486 3457 4546 stando
3501 4486 3585 4543 in.
3608 4485 3877 4544 exercitu

1887 4576 2251 4649 imperatoris
2282 4578 2346 4635 in
2372 4577 2677 4638 obsidione
2704 4581 2973 4641 Parmae.
3755 4590 3873 4641 612

1090 4660 1267 4738 [anno
1348 4708 1773 4729 .......
1809 4667 2119 4727 Commune
2153 4670 2441 4730 Novar-iae
2471 4674 2712 4734 domino
2750 4692 2937 4752 papae
2969 4677 3260 4753 supplicat
3296 4677 3457 4755 quod
3491 4680 3573 4737 eis
3607 4693 3730 4737 non
3760 4692 3873 4735 au-

1036 4759 1296 4837 exeunt]
1883 4764 2036 4824 ferat
2080 4765 2336 4843 legatum
2382 4768 2732 4846 Gregorium
2779 4772 2855 4832 de
2899 4771 3280 4851 montelongo
3324 4776 3429 4851 qui
3469 4776 3531 4834 in
3574 4777 3872 4834 conventu
