4525 6031
1044 543 1166 605 826
2090 541 2457 605 commum
2504 539 2805 616 onear!
3475 535 3640 620 [Anu.
3673 536 3865 598 1242.

1155 1124 1585 1221 conradus,
1630 1126 1708 1206 in
1748 1124 2270 1209 Romanorum
2304 1151 2562 1235 regem
2598 1124 2878 1207 electus
2906 1186 2930 1230 ,
2960 1123 3306 1207 officiatis
3340 1122 3637 1231 imperii
3664 1146 3867 1203 cae-

1045 1255 1376 1363 terisque
1409 1253 1760 1338 fidelibus
1799 1258 2112 1337 mandat
2148 1270 2234 1338 ut
2264 1256 2479 1365 juxta
2517 1267 2855 1338 tenorem
2891 1255 3461 1365 privilegiorum
3499 1251 3861 1335 Friderici

1046 1388 1522 1494 imperatoris
1557 1389 1794 1497 patris
1846 1389 1963 1468 sui
2008 1400 2083 1471 et
2128 1388 2457 1472 aliorum
2501 1389 3091 1496 imperatorum,
3130 1388 3331 1470 cives
3371 1386 3864 1497 Moguntinos

1045 1520 1517 1629 exemptione
1550 1545 1920 1602 novarum
1955 1518 2443 1603 collectarum
2487 1516 2639 1602 frui
2677 1520 3144 1629 permittant.

1207 1733 1449 1811 (laedit.
1480 1750 1556 1793 ex
1588 1734 1857 1810 originali
1883 1737 1946 1794 in
1975 1733 2243 1794 biblioth.
2276 1733 2509 1812 publlca
2536 1734 2917 1813 Moguntina,
2944 1738 3117 1812 cnjus
3142 1733 3311 1796 nobis
3339 1737 3570 1812 copiam
3605 1732 3858 1794 liberali·

1283 1847 1408 1899 tate
1434 1856 1541 1899 sua
1567 1840 1738 1900 solita
1762 1838 1937 1899 nobis
1962 1839 2101 1899 fecit
2127 1840 2229 1901 Fr.
2261 1839 2673 1919 Boehmerus.)

1142 2026 1498 2099 Conradus
1528 2025 1671 2098 divi
1706 2026 1979 2118 augusti
2013 2027 2447 2120 imperatoris
2475 2026 2804 2099 Friderici
2833 2025 3056 2117 filius,
3090 2026 3213 2097 Dei
3249 2025 3480 2118 gracia
3514 2026 3859 2098 Romano·

1045 2173 1199 2222 rum
1243 2150 1313 2219 in
1352 2170 1585 2241 regem
1632 2149 1930 2238 electus,
1983 2171 2258 2243 semper
2288 2160 2624 2241 augustus
2663 2160 2735 2221 et
2776 2148 2980 2221 heres
3011 2149 3210 2242 regui
3239 2148 3620 2220 Jerusalem
3645 2201 3666 2237 ,
3703 2147 3860 2218 uni-

1044 2274 1262 2347 versis
1281 2272 1595 2344 officiatis
1625 2272 2009 2366 ceterisque
2038 2272 2308 2366 imperii
2336 2271 2656 2345 fidelibus
2682 2273 2935 2365 quibus
2958 2281 3316 2367 presentes
3337 2273 3565 2344 littere
3587 2280 3860 2344 ostense

1042 2398 1301 2470 fuerint
1322 2451 1342 2487 ,
1387 2396 1693 2489 graciam
1725 2416 1921 2467 suam
1967 2405 2038 2467 et
2083 2418 2291 2467 omne
2326 2398 2611 2469 bonum.
2650 2398 2820 2469 Cum
2854 2397 3179 2470 dominus
3215 2405 3286 2467 et
3322 2396 3595 2488 genitor
3628 2406 3865 2467 noster

1041 2522 1508 2593 Romanorum
1562 2520 1937 2615 imperator
1994 2519 2262 2591 civibus
2324 2520 2743 2613 Maguntinis
2797 2520 3044 2594 merito
3097 2519 3370 2592 servicii
3419 2541 3660 2592 eorum
3705 2541 3860 2591 eam

1042 2644 1325 2718 duxerit
1395 2643 1698 2734 graciam
1754 2642 2138 2714 faciendam
2159 2696 2179 2732 ,
2237 2651 2318 2713 ut
2374 2644 2608 2736 quoad
2652 2645 2907 2715 vixerit
2964 2643 3260 2716 Sifridus
3302 2643 3862 2738 archiepiscopus

1040 2768 1487 2858 Maguntinus
1519 2776 1589 2836 et
1623 2766 1694 2834 in
1732 2765 2041 2835 serviciis
2073 2765 2345 2858 imperii
2381 2767 2562 2837 bene
2600 2787 2674 2838 se
2706 2766 3079 2859 gesserint,
3116 2788 3246 2861 per
3275 2788 3518 2840 omnes
3547 2767 3862 2839 civitates

1041 2890 1313 2985 imperii
1349 2902 1530 2961 terra
1556 2899 1627 2961 et
1650 2911 1832 2982 aqua
1861 2889 1950 2961 de
1982 2890 2305 2961 omnibus
2337 2891 2548 2961 rebus
2572 2891 2713 2962 suis
2738 2912 2913 2984 quas
2941 2891 3368 2985 portaverint
3397 2890 3534 2962 sint
3555 2891 3645 2963 ab
3674 2891 3862 2963 omni

1041 3015 1405 3087 exactione
1454 3013 1757 3086 thelonei
1808 3014 2008 3086 liberi
2054 3026 2127 3086 et
2174 3015 2521 3112 exempti,
2567 3026 2638 3088 et
2695 3025 3009 3112 preterea
3044 3015 3229 3088 bona
3274 3015 3582 3111 ipsorum
3618 3037 3756 3109 que
3789 3015 3860 3087 in

1041 3139 1295 3210 nostris
1326 3138 1587 3209 habent
1605 3137 2200 3229 jurisdictionibus
2218 3192 2237 3228 ,
2270 3160 2410 3231 que
2436 3139 2527 3209 ab
2558 3138 2846 3232 antiquo
2876 3139 2968 3210 ab
2997 3139 3184 3210 omni
3214 3140 3428 3210 stuira
3457 3147 3527 3210 et
3553 3139 3861 3233 precaria

1037 3262 1298 3332 fuerint
1333 3262 1550 3331 libera
1587 3269 1658 3331 et
1694 3270 2062 3356 exempta,
2106 3262 2409 3333 maxime
2444 3263 2870 3357 temporibus
2901 3262 3223 3334 divorum
3262 3273 3713 3356 augustorum
3749 3262 3861 3334 avi

1041 3384 1257 3478 ipsius
1304 3383 1737 3476 imperatoris
1778 3383 2105 3455 Friderici
2154 3394 2221 3457 et
2270 3385 2486 3479 patris
2531 3385 2637 3456 sui
2689 3386 3025 3476 Heinrici‚
3066 3387 3400 3458 memorie
3448 3385 3855 3472 recolende,

1041 3507 1242 3579 novis
1290 3505 1596 3577 collectis
1637 3517 1708 3577 et
1741 3506 1973 3576 stuiris
2016 3507 2415 3578 nullatenus
2462 3507 2911 3602 impetantur,
2957 3518 3030 3580 et
3058 3510 3345 3602 antiqua
3377 3509 3696 3581 libertate
3724 3529 3860 3602 qua

1040 3630 1370 3724 predictis
1405 3629 1828 3722 temporibus
1859 3630 1963 3699 usi
1999 3639 2194 3720 sunt,
2242 3631 2428 3701 felici
2468 3630 2684 3725 ipsius
2723 3640 3030 3725 tempore
3060 3632 3415 3724 gaudeant
3450 3643 3521 3703 et
3547 3642 3855 3722 utantur,

1040 3753 1220 3826 sicut
1259 3754 1329 3822 in
1367 3752 1747 3847 privilegiis
1786 3752 2044 3825 exinde
2077 3753 2411 3825 confectis
2441 3752 2571 3825 hec
2602 3753 2836 3826 omnia
2872 3755 3144 3848 plenius
3174 3756 3654 3846 continentur-3
3704 3756 3859 3827 uni·

1039 3876 1349 3948 versitati
1374 3885 1605 3947 vestre
1635 3896 1763 3969 per
1789 3874 2151 3946 obtentum
2176 3875 2406 3967 gracie
2437 3886 2724 3970 paterne
2750 3885 2819 3947 et
2847 3887 3079 3948 nostre
3103 3875 3392 3948 firmiter
3417 3877 3862 3973 precipiendo

1042 4001 1483 4087 mandamuS,
1514 4019 1603 4068 ne
1636 3998 1791 4091 quis
1821 4020 1913 4069 ex
1938 3998 2141 4071 vobis
2173 3999 2523 4094 predictos
2556 3999 2744 4070 cives
2772 3999 2845 4070 in
2873 4000 3187 4094 predicta
3219 4002 3450 4094 gracia
3485 4002 3652 4096 ipsis
3681 4003 3863 4073 facta

1041 4133 1284 4194 contra
1325 4131 1637 4192 tenorem
1679 4123 2102 4215 presentium
2154 4122 2489 4215 impetere
2538 4123 2652 4192 vel
2697 4124 3062 4194 molestare
3095 4135 3475 4217 presumat.
3509 4123 3713 4208 Quod
3745 4124 3864 4216 qui

1043 4244 1581 4339 presumpserit,
1618 4243 2165 4337 indignationem
2204 4254 2512 4318 nostram
2555 4254 2626 4316 et
2657 4245 2926 4341 imperii
2965 4268 3039 4317 se
3071 4246 3246 4318 sciat
3287 4248 3594 4339 graviter
3634 4247 3860 4319 incur·

1041 4367 1239 4439 risse.

1139 4490 1389 4562 Actum
1451 4498 1522 4561 et
1574 4489 1814 4561 datum
1865 4490 2055 4583 apud
2110 4490 2379 4584 Spiram
2401 4544 2420 4580 ,
2472 4512 2658 4564 anno
2702 4492 2933 4585 gracie
2985 4492 3347 4566 millesimo
3387 4494 3863 4566 ducentesimo

1044 4613 1575 4707 quadragesimo
1607 4613 1942 4702 secundo,
1976 4634 2213 4685 mense
2245 4614 2620 4704 februario,
2654 4615 2780 4687 XV
2812 4615 3213 4689 indictione.
