4525 6031
1093 685 1216 747 804
2099 685 2531 779 rmnnmm
2580 684 2929 753 suenum
3543 684 3710 764 [Anu.
3748 686 3931 761 1250,

1095 820 1257 890 licet
1283 818 1371 890 de
1406 820 1754 890 frumento
1789 819 2043 891 salmas
2080 830 2360 892 centum
2383 819 2629 912 viginti
2653 820 3000 921 quinque,
3032 817 3223 910 quod
3249 818 3673 891 frumentum
3703 821 3926 917 dictus

1095 943 1463 1038 episcopus
1501 941 1763 1080 percipi
1798 942 1960 1013 fecit
1994 953 2061 1014 et
2095 944 2412 1057 percepit
2444 943 2534 1016 de
2567 943 2804 1014 salmis
2844 941 3169 1013 frumenti
3208 940 3580 1013 duodecim
3616 954 3687 1019 et
3726 945 3927 1016 dimi·

1097 1067 1211 1137 dia
1266 1064 1620 1136 seminatis
1671 1066 1743 1136 in
1806 1067 2004 1138 terris
2065 1078 2134 1175 et
2186 1067 2566 1171 tenimento
2617 1067 2863 1137 casalis
2918 1065 3213 1175 predicti
3273 1066 3525 1137 Sancte
3571 1067 3782 1139 Lucie
3838 1068 3926 1141 ab

1098 1189 1344 1261 eodem
1391 1189 1722 1281 Gregorio
1771 1212 1902 1286 pio
1947 1201 2143 1285 parte
2191 1212 2359 1281 sua;
2413 1191 2581 1267 item
2634 1189 2721 1261 de
2774 1166 3042 1283 hordeo
3089 1188 3343 1285 salmas
3386 1189 3574 1289 XIV-
3626 1189 3793 1260 item
3837 1190 3924 1287 de

1098 1315 1323 1384 linusa
1367 1314 1619 1383 salmas
1647 1314 1771 1385 XV
1808 1336 1982 1405 quas
2021 1313 2300 1385 estimat
2333 1323 2612 1385 tarenos
2650 1311 3054 1405 sexaginta,
3094 1311 3260 1395 item
3300 1312 3389 1385 de
3426 1311 3594 1384 vino
3635 1312 3925 1409 CLXXX

1095 1458 1270 1533 quas
1303 1437 1576 1507 estimat
1603 1437 1842 1508 uncias
1880 1437 2156 1543 triginta
2184 1459 2348 1574 sex?
2387 1437 2553 1508 item
2587 1436 2676 1507 de
2708 1436 2940 1531 porcis
2972 1456 3147 1531 quos
3173 1444 3532 1531 receperat
3558 1435 3925 1526 Gregorius

1096 1582 1139 1632 a
1175 1560 1636 1661 burgensibus
1669 1560 1834 1632 dicti
1864 1561 2108 1632 casalis
2139 1560 2409 1632 ratione
2440 1558 2757 1633 decime
2740 1582 2813 1630 ιιι
2845 1580 3032 1659 anno
3064 1558 3306 1657 quinte
3340 1558 3739 1645 indictionis
3769 1571 3839 1630 et
3858 1558 3926 1652 in

1097 1684 1467 1759 custodia
1450 1705 1756 1778 ipsorum
1794 1684 2151 1755 dimiserat
2193 1706 2445 1783 porcos
2476 1683 2841 1776 sexaginta
2885 1682 2974 1754 de
3023 1682 3301 1753 duobus
3327 1681 3529 1754 annis
3562 1682 3714 1753 auri
3749 1695 3924 1755 tare·

1098 1830 1227 1881 nos
1258 1820 1557 1901 quatuor
1600 1830 1727 1903 pro
1762 1829 2186 1903 unoquoque
2221 1829 2433 1904 porco
2469 1817 2746 1879 tarenos
2781 1808 2937 1899 LX;
2976 1806 3139 1878 item
3176 1806 3264 1878 de
3309 1807 3494 1902 palia
3521 1807 3711 1899 mille
3757 1807 3926 1901 retia

1098 1934 1190 2007 ad
1221 1934 1466 2004 valens
1497 1943 1772 2004 tarenos
1801 1933 2334 2026 quinquaginta.
2383 1933 2552 2003 Item
2588 1932 2900 2027 percepit
2928 1944 2999 2002 et
3036 1930 3301 2026 percipi
3330 1931 3492 2002 fecit
3523 1930 3750 2002 dictus
3780 1932 3925 2049 epi-

1099 2080 1349 2153 scopus
1384 2067 1763 2152 proventus
1795 2066 1863 2127 et
1897 2055 2213 2129 redditus
2237 2077 2482 2127 omnes
2508 2055 2676 2127 dicti
2705 2056 2951 2127 casalis
2980 2078 3104 2150 per
3130 2055 3375 2127 decem
3412 2077 3713 2145 menseS,
3751 2077 3926 2150 quos

1100 2183 1375 2253 estimat
1408 2181 1649 2251 uncias
1666 2182 1817 2251 auri
1844 2182 2131 2252 XXXIX
2159 2192 2230 2250 et
2269 2189 2545 2252 tarenos
2577 2180 2797 2271 XXV,
2826 2200 3005 2274 quos
3043 2179 3218 2274 petit
3246 2180 3513 2250 restitui
3541 2189 3620 2250 ut
3651 2190 3755 2251 est
3782 2179 3924 2251 dic-

1101 2319 1272 2378 tum.
1327 2305 1685 2376 Predictus
1736 2313 2145 2400 procurator
2180 2303 2445 2375 domini
2491 2303 2799 2399 episcopi
2837 2303 3030 2374 litem
3062 2303 3519 2374 contestando
3562 2301 3927 2399 confitetur

1098 2432 1362 2504 dictum
1411 2408 1810 2525 episcopum
1866 2438 1936 2499 et
1991 2428 2399 2499 Pactensem
2455 2428 2821 2499 ecclesiam
2868 2438 3108 2499 tenere
3168 2438 3242 2499 et
3297 2427 3655 2523 possidere
3704 2429 3925 2499 casale

1098 2556 1409 2650 Synagre
1443 2575 1602 2625 cum
1629 2553 1916 2645 justitiis
1949 2532 2020 2623 et
2052 2552 2485 2647 pertinentiis
2509 2552 2680 2641 suiS,
2715 2561 2785 2623 et
2812 2550 3184 2623 confitetur
3218 2551 3482 2623 dictum
3528 2551 3926 2647 episcopum

1098 2688 1170 2749 et
1196 2687 1617 2749 conventum
1642 2686 2104 2749 commutasse
2136 2678 2364 2748 casale
2391 2679 2640 2747 Sancte
2674 2674 2880 2746 Lucie
2914 2696 3073 2746 cum
3104 2674 3387 2746 domino
3420 2675 3834 2770 imperatore
3861 2686 3927 2748 et

1099 2802 1438 2895 recepisse
1500 2802 1567 2870 in
1628 2800 2168 2872 commutatione
2200 2799 2467 2870 dictum
2499 2800 2728 2871 casale
2766 2801 3105 2895 Synagre‚
3147 2798 3357 2870 salvis
3403 2799 3924 2893 exceptionibus

1098 2926 1266 2997 suiS.
1300 2925 1443 2996 Lite
1492 2924 1703 3017 igitur
1748 2944 1982 2994 coram
2032 2922 2233 2994 nobis
2276 2922 2581 3017 legitime
2615 2932 3041 3013 contestata,
3072 2923 3473 3015 juramento
3509 2923 3852 2994 calumnie
3883 2942 3923 2992 a

1099 3049 1598 3144 principalibus
1640 3048 1872 3121 delato
1897 3100 1917 3136 ,
1960 3046 2126 3119 dato
2171 3047 2465 3118 termino
2510 3047 2603 3119 ad
2640 3049 3118 3140 probandum,
3158 3047 3512 3143 productis
3561 3047 3726 3119 hinc
3770 3047 3922 3119 inde

1102 3173 1391 3244 testibus
1424 3182 1494 3243 et
1527 3193 1768 3243 eorum
1799 3170 2000 3242 dictis
2028 3171 2097 3241 in
2120 3171 2389 3262 judicio
2421 3171 2789 3265 publicatis
2811 3224 2831 3261 ,
2881 3170 3073 3242 curia
3113 3173 3316 3264 Fogie
3355 3171 3778 3265 procedente
3809 3171 3921 3242 ubi

1100 3296 1467 3367 assistebat
1506 3295 1708 3366 nobis
1749 3295 2047 3367 Ioannes
2084 3294 2173 3365 de
2201 3276 2597 3366 Marturana
2641 3294 2953 3386 ejusdem
2994 3295 3184 3366 curie
3214 3296 3440 3387 judex
3473 3317 3633 3366 cum
3670 3295 3920 3386 judici-

1100 3420 1234 3491 bus
1265 3418 1717 3512 supradictiS‚
1759 3417 2226 3512 disputatione
2264 3417 2500 3490 habita
2534 3418 2716 3489 inter
2752 3429 2985 3514 partes
3017 3441 3228 3514 super
3263 3420 3566 3492 efficacia
3599 3420 3919 3515 probato-

1103 3565 1292 3631 rum,
1326 3552 1698 3634 antequam
1730 3542 1811 3611 lis
1843 3540 2154 3635 predicta
2184 3562 2312 3612 suo
2345 3552 2566 3611 marte
2597 3542 3035 3631 decurreret,
3076 3542 3407 3637 predictis
3451 3542 3737 3615 domino
3782 3543 3921 3636 epi-

1103 3686 1314 3760 scopo
1330 3664 1740 3755 etGregorio
1756 3664 2090 3735 Mustacio
2115 3665 2574 3735 existentibus
2595 3665 2667 3734 in
2691 3665 2909 3755 curia,
2938 3664 3127 3736 idem
3154 3667 3528 3759 Gregorius
3546 3677 3922 3762 spontanea

1101 3790 1460 3862 voluntate
1484 3808 1610 3859 sua
1638 3787 1949 3882 predicte
1978 3787 2322 3879 questioni
2352 3797 2423 3858 et
2454 3788 2557 3858 liti
2584 3798 2770 3859 mote
2799 3810 3035 3860 coram
3062 3790 3264 3860 nobis
3292 3789 3364 3860 in
3396 3790 3590 3861 curia
3616 3790 3922 3886 predicto

1100 3913 1354 3986 Iacobo
1412 3912 1840 4007 procuratori
1891 3909 2057 3982 dicti
2112 3910 2376 3982 domini
2423 3910 2728 4006 episcopi
2790 3934 2919 4007 pro
2982 3922 3178 4007 parte
3238 3913 3453 4008 ipsius
3509 3913 3926 3985 renuntiavit

1103 4057 1430 4130 expresse
1485 4035 1676 4128 quod
1721 4034 2012 4107 haberet
2056 4043 2177 4105 aut
2230 4035 2563 4127 consequi
2613 4046 2850 4129 posset
2904 4047 3145 4107 contra
3196 4036 3517 4108 eumdem
3569 4017 3920 4130 dominum

1103 4160 1530 4254 episcopum,
1591 4159 1951 4230 occasione
1992 4158 2304 4253 predicte
2353 4158 2735 4249 questionis
2790 4160 3141 4252 proposite
3176 4159 3268 4230 ab
3319 4159 3568 4231 eodem
3599 4157 3921 4252 Gregorio

1102 4294 1344 4355 contra
1381 4293 1899 4378 procuratorem
1941 4282 2156 4376 ipsius
2199 4280 2464 4353 domini
2516 4281 2820 4376 episcopi
2862 4283 2974 4353 vel
3010 4283 3219 4354 etiam
3262 4283 3745 4377 proponende.
3783 4283 3917 4354 Nos

1100 4427 1271 4478 vero
1321 4404 1440 4496 qui
1472 4424 1682 4499 supra
1714 4404 2041 4497 magister
2077 4403 2492 4496 justitiarius
2531 4413 2601 4474 et
2640 4403 2949 4495 judiceS,
3006 4407 3201 4477 nulio
3245 4407 3382 4477 alio
3424 4406 3514 4478 de
3562 4403 3921 4501 principali

1102 4549 1310 4601 causa
1339 4528 1682 4617 discusso,
1719 4526 2161 4599 attendentes
2194 4528 2414 4599 solam
2441 4527 3039 4600 renunciationem
3069 4529 3379 4621 ejusdem
3413 4529 3725 4620 Gregorii
3762 4527 3921 4620 legi·

1105 4652 1267 4723 time
1286 4652 1535 4723 factam
1561 4671 1793 4740 coram
1809 4648 2035 4738 nobis,
2078 4660 2159 4720 ut
2187 4649 2648 4744 prescriptum
2680 4661 2813 4740 est,
2852 4651 3114 4723 dictum
3147 4653 3480 4725 Iacobum
3516 4661 3918 4747 procurato-

1103 4796 1249 4846 rem
1283 4774 1449 4848 dicti
1479 4772 1742 4845 domini
1775 4773 2078 4868 episcopi
2112 4774 2394 4846 nomine
2421 4773 2636 4867 ipsius
2673 4783 2744 4846 et
2775 4775 3097 4850 eumdem
3133 4777 3490 4849 dominum
3522 4777 3917 4877 episcopum
