4525 6031
1060 666 1185 730 968
1837 685 1847 692 ⁴
1980 663 2237 725 INDEX
2289 661 2986 725 nocniinm'ronnu.

1083 862 1309 938 1247

1111 998 1289 1075 [julio
1372 1040 1388 1057 .
1433 1040 1450 1058 .
1506 1040 1522 1059 .
1571 1039 1590 1057 .
1637 1039 1656 1059 .
1706 1042 1724 1062 .
1783 1042 1799 1059 .

1055 1092 1334 1177 exeunt.]

1832 1022 1914 1034 —
1953 988 2170 1050 Scribit
2197 991 2319 1067 regi
2348 989 2631 1051 Franciae
2666 989 2827 1066 quod
2861 1005 2998 1050 cnm
3024 988 3388 1067 Lugdunum
3423 988 3502 1050 ad
3533 988 3900 1053 offerendam

1910 1088 2316 1164 purgationem
2344 1104 2513 1149 suam
2539 1088 2946 1160 contenderet,
2976 1090 3312 1164 inopinatus
3338 1103 3541 1147 rumor
3565 1088 3899 1150 rebellionis

1910 1185 2160 1245 Parmae
2185 1187 2549 1262 propositum
2577 1201 2752 1245 suum
2781 1187 3036 1245 mutavit
3061 1191 3122 1245 et
3144 1184 3373 1264 regredi
3402 1186 3593 1262 coegit
3612 1185 3691 1245 ad
3724 1185 3898 1245 obsi-

1911 1280 2166 1342 dendam
2194 1282 2352 1341 hanc
2379 1283 2707 1353 civitatem,
2737 1287 2852 1342 etc.
3776 1289 3894 1341 554

1107 1395 1282 1482 [Julio
1367 1436 1795 1460 .......
1827 1427 1908 1441 -
1946 1395 2197 1457 Nuntiat
2244 1400 2551 1474 capitaneo
2597 1400 2761 1476 regni
2805 1396 3035 1457 Siciliae
3077 1395 3376 1473 quomodo
3421 1395 3763 1457 intendebat
3807 1399 3894 1458 ire

1049 1495 1326 1581 exeunt.]
1904 1493 2266 1571 Lugdunum
2315 1495 2394 1556 ad
2436 1497 2828 1572 praesentiam
2874 1512 3091 1572 papae,
3137 1494 3243 1555 sed
3283 1494 3362 1555 ab
3403 1495 3612 1555 itinere
3656 1501 3893 1572 propter

1903 1590 2278 1651 rebellionem
2303 1592 2550 1652 Parmae
2583 1598 2895 1653 revocatus
2933 1592 2999 1651 in
3035 1590 3344 1652 obsidione
3379 1590 3564 1669 hujus
3597 1592 3765 1652 urbis
3795 1593 3888 1652 in-

1901 1690 2078 1749 sistit.
3769 1698 3888 1750 555

1092 1792 1268 1878 [julio
1360 1834 1788 1856 .......
1821 1826 1901 1838 -
1942 1793 2189 1854 Cuidam
2214 1796 2465 1855 Tusciae
2490 1796 2899 1855 communitati
2926 1793 3170 1854 mandat
3195 1792 3355 1870 quod
3390 1795 3588 1854 mittat
3611 1793 3690 1854 ad
3714 1811 3888 1854 exer-

1056 1891 1320 1977 exeunt]
1899 1895 2086 1952 citum
2113 1908 2319 1952 omnes
2345 1891 2656 1952 bellatores
2685 1908 2873 1969 quum
2898 1891 2974 1951 de
3011 1892 3286 1967 proxima
3313 1890 3610 1951 deditione
3635 1891 3886 1952 Parmae

1897 1990 2176 2052 ilduciam
2196 1994 2326 2068 jam
2354 1993 2699 2068 conceperit.
3764 1998 3879 2050 557

1089 2089 1280 2175 [aug.]
1357 2131 1787 2156 .......
1817 2128 1900 2140 -
1938 2096 2156 2158 Scribit
2195 2096 2627 2157 Mutinensibus
2666 2095 2941 2157 fidelibus
2975 2097 3099 2156 suis
3133 2096 3296 2172 quod
3330 2093 3444 2156 sibi
3478 2097 3542 2155 in
3577 2094 3883 2156 obsidione

1897 2196 2146 2255 Parmae
2187 2195 2424 2254 detento
2462 2192 2866 2254 honorabilem
2899 2199 3261 2254 armatorum
3297 2194 3636 2254 comitivam
3676 2199 3881 2253 trans-

1896 2295 2154 2351 mittant.
3762 2301 3878 2352 56⁴

1812 2429 1894 2441 —
1933 2397 2329 2458 viterbienses
2367 2398 2444 2458 ad
2483 2395 2827 2459 fidelitatem
2865 2414 3037 2459 suam
3080 2397 3391 2458 redeuntes
3434 2399 3494 2458 in
3536 2399 3725 2476 gratia
3768 2414 3879 2458 sua

1887 2590 2221 2652 confirmat.
3755 2601 3872 2654 565

1806 2727 1889 2739 -
1927 2695 2145 2756 Statuit
2170 2701 2240 2755 ut
2277 2697 2506 2772 quoties
2543 2702 2803 2771 potestas
2837 2697 3082 2757 Auximi
3115 2712 3224 2773 pro
3261 2697 3520 2757 servitiis
3559 2699 3787 2773 imperii
3836 2714 3873 2757 a

1420 2881 1688 2943 Parmae.
1884 2890 2040 2949 dIcm
2068 2892 2301 2967 exigere
2326 2896 2682 2966 praesumat.
3751 2900 3867 2952 568

1084 2982 1235 3070 [sept
1345 3029 1773 3051 .......
1804 3030 1887 3042 -
1924 2996 2258 3074 capitaneis
2286 2997 2452 3075 regni
2478 2998 2709 3059 Siciliae
2743 2997 2948 3059 scrIbit
2980 2997 3052 3059 de
3086 2999 3356 3075 captione
3396 2997 3666 3069 Breselll‚
3708 3015 3869 3059 nun-

1041 3082 1307 3168 exeunt]
1883 3097 2110 3172 tiatque
2148 3095 2294 3155 dum
2334 3096 2645 3157 cardinalis
2680 3096 3042 3157 Octavianus
3075 3099 3181 3172 qui
3217 3095 3297 3156 ad
3331 3112 3674 3156 succursum
3706 3095 3870 3157 Par-

1880 3207 2011 3251 mae
2039 3192 2359 3252 advenerat
2386 3198 2525 3251 vota
2549 3192 2922 3253 obsessorum
2959 3194 3359 3267 frustraverit,
3388 3192 3465 3253 de
3501 3193 3674 3253 celeri
3702 3194 3868 3255 urbis

1882 3287 2175 3348 deditione
2196 3304 2315 3348 non
2344 3306 2471 3349 esse
2496 3289 2915 3350 dubitandum.
3743 3300 3863 3351 569

1081 3383 1261 3457 [circa
1339 3421 1770 3446 .......
1801 3424 1884 3436 -
1921 3393 2219 3453 Fidelibus
2248 3396 2373 3455 suis
2398 3395 2462 3454 in
2490 3396 2702 3456 'luscla
2721 3398 2825 3471 qul
2853 3395 2930 3455 ad
2955 3395 3304 3456 mandatum
3325 3396 3606 3457 Friderici
3633 3396 3742 3457 fllii
3770 3399 3862 3457 sui

1076 3479 1250 3554 nov.]
1880 3490 2095 3550 milites
2143 3493 2454 3565 miserant,
2511 3494 2891 3570 regratiatur,
2942 3492 3303 3571 mandatque
3344 3500 3414 3554 ut
3443 3510 3605 3555 nunc
3640 3494 3861 3555 eisdem

1881 3587 2118 3646 mittant
2144 3588 2437 3664 stipendia
2461 3605 2571 3665 pro
2598 3589 2787 3650 tribus
2812 3589 3133 3664 mensibus,
3164 3596 3279 3650 etc.
3740 3600 3859 3652 576

1071 3679 1253 3755 [anno
1336 3720 1764 3743 .......
1799 3722 1879 3736 -
1918 3691 2215 3769 Magistris
2241 3693 2624 3754 rationalibus
2662 3694 2890 3755 Siciliae
2926 3695 3168 3755 mandat
3193 3695 3337 3772 quid
3364 3696 3430 3755 in
3455 3693 3722 3756 absentia
3748 3712 3859 3757 sua

1021 3779 1299 3855 exeunt.]
1877 3787 2191 3849 observare
2233 3789 2489 3850 debeant
2536 3793 2597 3850 in
2638 3793 2963 3853 rationibus
3000 3792 3077 3851 ab
3126 3791 3476 3853 officialibus
3520 3793 3852 3871 exigendis,

1868 3884 2085 3961 jubens
2121 3885 2284 3960 quod
2323 3889 2524 3946 omnia
2562 3888 2843 3948 mandata
2882 3904 2991 3950 sua
3033 3887 3286 3949 fideliter
3317 3888 3463 3949 nihil
3499 3891 3719 3951 omisso
3755 3907 3853 3951 re·

1874 3983 2216 4056 gistrentur.
3453 4042 3458 4047 .
3734 3996 3850 4047 577

1065 4072 1248 4148 [anno
1330 4114 1760 4139 .......
1792 4117 1875 4131 -
1913 4087 2256 4147 Justitiariis
2301 4090 2464 4165 regni
2509 4093 2571 4147 et
2610 4090 2841 4165 imperii
2884 4090 3130 4151 mandat
3173 4095 3246 4151 ut
3286 4089 3607 4168 procedant
3647 4101 3853 4154 contra

1029 4167 1294 4253 exeunt.]
1870 4182 2113 4241 clericos
2144 4198 2266 4241 non
2304 4183 2663 4244 celebrantes
2701 4188 3016 4245 missarum
3052 4185 3334 4246 solemnia
3366 4192 3631 4264 tempore
3664 4189 3847 4249 inter-

1869 4278 2036 4351 dicti,
2066 4284 2126 4337 et
2149 4279 2309 4355 quod
2343 4281 2599 4357 religiosi
2626 4298 2748 4342 non
2775 4283 3134 4345 transferant
3156 4299 3220 4343 se
3245 4283 3320 4344 de
3344 4285 3582 4345 civitate
3606 4286 3673 4344 in
3697 4288 3849 4346 civi·

1866 4381 2072 4435 tatem.
3730 4391 3840 4444 581

1660 4522 1678 4542 .
1738 4523 1754 4540 .
1786 4513 1869 4525 -
1908 4478 2227 4556 Capitaneo
2273 4498 2381 4542 suo
2432 4483 2744 4559 respondet
2798 4486 3216 4546 commendans
3253 4501 3390 4545 eum
3451 4485 3526 4546 de
3569 4502 3847 4562 processu

1866 4573 2069 4634 habito
2096 4579 2253 4636 circa
2290 4579 2586 4638 civitatem
2622 4580 2896 4658 Taurini,
2934 4587 2995 4640 et
3025 4580 3270 4641 mandat
3302 4582 3555 4658 qualiter
3587 4584 3668 4642 sit
3701 4599 3842 4659 pro-

1863 4686 2135 4733 cessurus
2176 4672 2251 4732 de
2291 4672 2577 4736 militibus
2608 4675 3034 4754 jurisdictionIs
3071 4692 3213 4739 suae
3255 4677 3321 4738 in
3357 4678 3526 4756 equis
3566 4682 3627 4739 et
3660 4681 3843 4740 armis

1864 4769 2244 4829 instruendis.
3721 4782 3837 4836 922
