<?xml version="1.0" encoding="UTF-8"?>
<!DOCTYPE html PUBLIC "-//W3C//DTD XHTML 1.0 Transitional//EN"
    "http://www.w3.org/TR/xhtml1/DTD/xhtml1-transitional.dtd">
<html xmlns="http://www.w3.org/1999/xhtml" xml:lang="en" lang="en">
 <head>
  <title>
</title>
<meta http-equiv="Content-Type" content="text/html;charset=utf-8" />
  <meta name='ocr-system' content='tesseract 3.04.00' />
  <meta name='ocr-capabilities' content='ocr_page ocr_carea ocr_par ocr_line ocrx_word'/>
</head>
<body>
  <div class='ocr_page' id='page_1' title='image "./historiadiploma01empegoog_0119.png"; bbox 0 0 4525 6031; ppageno 0'>
   <div class='ocr_carea' id='block_1_1' title="bbox 723 634 3546 712">
    <p class='ocr_par' dir='ltr' id='par_1_1' title="bbox 723 634 3546 712">
     <span class='ocr_line' id='line_1_1' title="bbox 723 634 3546 712; baseline 0.003 -17"><span class='ocrx_word' id='word_1_1' title='bbox 723 637 925 697; x_wconf 67' lang='lat' dir='ltr'><strong>imm.</strong></span> <span class='ocrx_word' id='word_1_2' title='bbox 960 636 1052 712; x_wconf 77' lang='lat'><strong>7.]</strong></span> <span class='ocrx_word' id='word_1_3' title='bbox 1612 634 2009 700; x_wconf 72' lang='lat' dir='ltr'><strong>msroara</strong></span> <span class='ocrx_word' id='word_1_4' title='bbox 2059 635 2658 700; x_wconf 79' lang='lat' dir='ltr'><strong>DIPLOMATICA.</strong></span> <span class='ocrx_word' id='word_1_5' title='bbox 3421 638 3546 706; x_wconf 79' lang='lat'><strong>659</strong></span> 
     </span>
    </p>
   </div>
   <div class='ocr_carea' id='block_1_2' title="bbox 722 766 3554 1483">
    <p class='ocr_par' dir='ltr' id='par_1_2' title="bbox 722 766 3554 1483">
     <span class='ocr_line' id='line_1_2' title="bbox 728 766 3550 864; baseline -0 -20"><span class='ocrx_word' id='word_1_6' title='bbox 728 771 914 844; x_wconf 84' lang='lat' dir='ltr'><strong>tione</strong></span> <span class='ocrx_word' id='word_1_7' title='bbox 968 767 1403 858; x_wconf 84' lang='lat' dir='ltr'><strong>munificam,</strong></span> <span class='ocrx_word' id='word_1_8' title='bbox 1460 767 1585 842; x_wconf 87' lang='lat' dir='ltr'><strong>sed</strong></span> <span class='ocrx_word' id='word_1_9' title='bbox 1633 769 1775 841; x_wconf 90' lang='lat' dir='ltr'><strong>alta</strong></span> <span class='ocrx_word' id='word_1_10' title='bbox 1820 766 2317 841; x_wconf 89' lang='lat' dir='ltr'><strong>beneficiorum</strong></span> <span class='ocrx_word' id='word_1_11' title='bbox 2363 770 2731 845; x_wconf 84' lang='lat' dir='ltr'><strong>collatione</strong></span> <span class='ocrx_word' id='word_1_12' title='bbox 2780 769 3216 864; x_wconf 80' lang='lat' dir='ltr'><strong>magnificam</strong></span> <span class='ocrx_word' id='word_1_13' title='bbox 3244 771 3449 848; x_wconf 85' lang='lat' dir='ltr'><strong>decet</strong></span> <span class='ocrx_word' id='word_1_14' title='bbox 3479 782 3550 844; x_wconf 89' lang='lat' dir='ltr'><strong>et</strong></span> 
     </span>
     <span class='ocr_line' id='line_1_3' title="bbox 728 866 3548 991; baseline 0 -24"><span class='ocrx_word' id='word_1_15' title='bbox 728 893 1016 988; x_wconf 88' lang='lat' dir='ltr'><strong>expedit</strong></span> <span class='ocrx_word' id='word_1_16' title='bbox 1046 866 1368 983; x_wconf 46' lang='lat' dir='ltr'><strong>inueniri,</strong></span> <span class='ocrx_word' id='word_1_17' title='bbox 1406 900 1488 963; x_wconf 86' lang='lat' dir='ltr'><strong>ut</strong></span> <span class='ocrx_word' id='word_1_18' title='bbox 1517 891 2106 985; x_wconf 80' lang='lat' dir='ltr'>quemadmodum</span> <span class='ocrx_word' id='word_1_19' title='bbox 2144 893 2494 991; x_wconf 82' lang='lat' dir='ltr'>principes</span> <span class='ocrx_word' id='word_1_20' title='bbox 2525 895 2699 968; x_wconf 90' lang='lat' dir='ltr'><strong>alios</strong></span> <span class='ocrx_word' id='word_1_21' title='bbox 2731 905 2878 967; x_wconf 91' lang='lat' dir='ltr'><strong>tum</strong></span> <span class='ocrx_word' id='word_1_22' title='bbox 2910 894 3173 968; x_wconf 93' lang='lat' dir='ltr'><strong>honore</strong></span> <span class='ocrx_word' id='word_1_23' title='bbox 3219 904 3363 968; x_wconf 89' lang='lat' dir='ltr'><strong>tum</strong></span> <span class='ocrx_word' id='word_1_24' title='bbox 3395 895 3548 990; x_wconf 85' lang='lat' dir='ltr'><strong>opi·</strong></span> 
     </span>
     <span class='ocr_line' id='line_1_4' title="bbox 722 1015 3550 1112; baseline 0.001 -22"><span class='ocrx_word' id='word_1_25' title='bbox 722 1018 856 1090; x_wconf 89' lang='lat' dir='ltr'><strong>bus</strong></span> <span class='ocrx_word' id='word_1_26' title='bbox 875 1017 1156 1089; x_wconf 84' lang='lat' dir='ltr'><strong>excellit</strong></span> <span class='ocrx_word' id='word_1_27' title='bbox 1186 1016 1260 1087; x_wconf 92' lang='lat' dir='ltr'><strong>in</strong></span> <span class='ocrx_word' id='word_1_28' title='bbox 1292 1015 1523 1107; x_wconf 90' lang='lat' dir='ltr'><strong>bonis,</strong></span> <span class='ocrx_word' id='word_1_29' title='bbox 1560 1016 1659 1088; x_wconf 91' lang='lat' dir='ltr'><strong>sic</strong></span> <span class='ocrx_word' id='word_1_30' title='bbox 1691 1016 1877 1110; x_wconf 89' lang='lat' dir='ltr'><strong>ipsos</strong></span> <span class='ocrx_word' id='word_1_31' title='bbox 1909 1017 2414 1091; x_wconf 85' lang='lat' dir='ltr'><strong>consuetudine</strong></span> <span class='ocrx_word' id='word_1_32' title='bbox 2447 1018 2638 1111; x_wconf 88' lang='lat' dir='ltr'><strong>regia</strong></span> <span class='ocrx_word' id='word_1_33' title='bbox 2674 1028 2747 1091; x_wconf 87' lang='lat' dir='ltr'><strong>et</strong></span> <span class='ocrx_word' id='word_1_34' title='bbox 2776 1018 3080 1112; x_wconf 89' lang='lat' dir='ltr'><strong>quadam</strong></span> <span class='ocrx_word' id='word_1_35' title='bbox 3116 1019 3550 1094; x_wconf 73' lang='lat' dir='ltr'>animositate</span> 
     </span>
     <span class='ocr_line' id='line_1_5' title="bbox 724 1139 3554 1236; baseline 0.002 -23"><span class='ocrx_word' id='word_1_36' title='bbox 724 1141 1055 1236; x_wconf 90' lang='lat' dir='ltr'><strong>precipua</strong></span> <span class='ocrx_word' id='word_1_37' title='bbox 1089 1139 1531 1213; x_wconf 79' lang='lat' dir='ltr'><strong>transcendat</strong></span> <span class='ocrx_word' id='word_1_38' title='bbox 1554 1139 1627 1210; x_wconf 90' lang='lat' dir='ltr'><strong>in</strong></span> <span class='ocrx_word' id='word_1_39' title='bbox 1660 1140 1888 1214; x_wconf 78' lang='lat' dir='ltr'><strong>donis,</strong></span> <span class='ocrx_word' id='word_1_40' title='bbox 1924 1141 2310 1235; x_wconf 88' lang='lat' dir='ltr'><strong>Eapropter</strong></span> <span class='ocrx_word' id='word_1_41' title='bbox 2335 1162 2461 1236; x_wconf 90' lang='lat' dir='ltr'><strong>per</strong></span> <span class='ocrx_word' id='word_1_42' title='bbox 2492 1163 2777 1236; x_wconf 79' lang='lat' dir='ltr'>presens</span> <span class='ocrx_word' id='word_1_43' title='bbox 2808 1141 3247 1236; x_wconf 87' lang='lat' dir='ltr'><strong>privilegium</strong></span> <span class='ocrx_word' id='word_1_44' title='bbox 3276 1143 3554 1220; x_wconf 84' lang='lat' dir='ltr'><strong>noverit</strong></span> 
     </span>
     <span class='ocr_line' id='line_1_6' title="bbox 725 1243 3548 1359; baseline 0 -20"><span class='ocrx_word' id='word_1_45' title='bbox 725 1274 866 1339; x_wconf 85' lang='lat' dir='ltr'><strong>tam</strong></span> <span class='ocrx_word' id='word_1_46' title='bbox 904 1286 1189 1359; x_wconf 79' lang='lat' dir='ltr'><strong>presens</strong></span> <span class='ocrx_word' id='word_1_47' title='bbox 1225 1275 1375 1337; x_wconf 86' lang='lat' dir='ltr'><strong>etas</strong></span> <span class='ocrx_word' id='word_1_48' title='bbox 1402 1286 1615 1359; x_wconf 90' lang='lat' dir='ltr'><strong>quam</strong></span> <span class='ocrx_word' id='word_1_49' title='bbox 1647 1243 2052 1338; x_wconf 78' lang='lat' dir='ltr'><strong>successura</strong></span> <span class='ocrx_word' id='word_1_50' title='bbox 2083 1265 2450 1359; x_wconf 75' lang='lat' dir='ltr'><strong>posteritas</strong></span> <span class='ocrx_word' id='word_1_51' title='bbox 2482 1265 2673 1358; x_wconf 93' lang='lat' dir='ltr'><strong>quod</strong></span> <span class='ocrx_word' id='word_1_52' title='bbox 2703 1286 2833 1337; x_wconf 91' lang='lat' dir='ltr'><strong>nos</strong></span> <span class='ocrx_word' id='word_1_53' title='bbox 2861 1265 3301 1337; x_wconf 86' lang='lat' dir='ltr'><strong>attendentes</strong></span> <span class='ocrx_word' id='word_1_54' title='bbox 3331 1265 3548 1341; x_wconf 86' lang='lat' dir='ltr'><strong>devo·</strong></span> 
     </span>
     <span class='ocr_line' id='line_1_7' title="bbox 726 1386 3552 1483; baseline 0.001 -23"><span class='ocrx_word' id='word_1_55' title='bbox 726 1388 931 1461; x_wconf 86' lang='lat' dir='ltr'><strong>tionis</strong></span> <span class='ocrx_word' id='word_1_56' title='bbox 968 1398 1041 1461; x_wconf 86' lang='lat' dir='ltr'><strong>et</strong></span> <span class='ocrx_word' id='word_1_57' title='bbox 1077 1386 1244 1460; x_wconf 83' lang='lat' dir='ltr'><strong>fidei</strong></span> <span class='ocrx_word' id='word_1_58' title='bbox 1289 1408 1466 1483; x_wconf 90' lang='lat' dir='ltr'><strong>pure</strong></span> <span class='ocrx_word' id='word_1_59' title='bbox 1494 1389 1721 1458; x_wconf 89' lang='lat' dir='ltr'><strong>zelum</strong></span> <span class='ocrx_word' id='word_1_60' title='bbox 1763 1409 1973 1480; x_wconf 89' lang='lat' dir='ltr'><strong>quem</strong></span> <span class='ocrx_word' id='word_1_61' title='bbox 2011 1388 2420 1474; x_wconf 84' lang='lat' dir='ltr'><strong>Thomasius</strong></span> <span class='ocrx_word' id='word_1_62' title='bbox 2450 1388 2539 1461; x_wconf 91' lang='lat' dir='ltr'><strong>de</strong></span> <span class='ocrx_word' id='word_1_63' title='bbox 2575 1389 2924 1462; x_wconf 86' lang='lat' dir='ltr'><strong>Sabaudia</strong></span> <span class='ocrx_word' id='word_1_64' title='bbox 2963 1410 3223 1480; x_wconf 89' lang='lat' dir='ltr'><strong>comes,</strong></span> <span class='ocrx_word' id='word_1_65' title='bbox 3255 1389 3552 1464; x_wconf 80' lang='lat' dir='ltr'><strong>dilectus</strong></span> 
     </span>
    </p>
   </div>
   <div class='ocr_carea' id='block_1_3' title="bbox 724 1509 3667 1605">
    <p class='ocr_par' dir='ltr' id='par_1_3' title="bbox 724 1509 3667 1605">
     <span class='ocr_line' id='line_1_8' title="bbox 724 1509 3667 1605; baseline -0.001 -21"><span class='ocrx_word' id='word_1_66' title='bbox 724 1511 1282 1604; x_wconf 88' lang='lat' dir='ltr'><strong>consanguineus</strong></span> <span class='ocrx_word' id='word_1_67' title='bbox 1308 1519 1380 1582; x_wconf 90' lang='lat' dir='ltr'><strong>et</strong></span> <span class='ocrx_word' id='word_1_68' title='bbox 1407 1509 1632 1583; x_wconf 81' lang='lat' dir='ltr'><strong>fidelis</strong></span> <span class='ocrx_word' id='word_1_69' title='bbox 1677 1521 1941 1601; x_wconf 84' lang='lat' dir='ltr'><strong>noster,</strong></span> <span class='ocrx_word' id='word_1_70' title='bbox 1984 1510 2197 1583; x_wconf 86' lang='lat' dir='ltr'><strong>habet</strong></span> <span class='ocrx_word' id='word_1_71' title='bbox 2235 1531 2403 1602; x_wconf 90' lang='lat' dir='ltr'><strong>erga</strong></span> <span class='ocrx_word' id='word_1_72' title='bbox 2450 1511 2828 1602; x_wconf 86' lang='lat' dir='ltr'><strong>majestatis</strong></span> <span class='ocrx_word' id='word_1_73' title='bbox 2873 1521 3107 1582; x_wconf 91' lang='lat' dir='ltr'><strong>nostre</strong></span> <span class='ocrx_word' id='word_1_74' title='bbox 3139 1531 3545 1605; x_wconf 89' lang='lat' dir='ltr'><strong>personam,</strong></span> <span class='ocrx_word' id='word_1_75' title='bbox 3661 1537 3667 1543; x_wconf 92' lang='lat'><strong>·</strong></span> 
     </span>
    </p>
   </div>
   <div class='ocr_carea' id='block_1_4' title="bbox 715 1633 3606 2967">
    <p class='ocr_par' dir='ltr' id='par_1_4' title="bbox 715 1633 3606 2967">
     <span class='ocr_line' id='line_1_9' title="bbox 724 1633 3550 1728; baseline 0.001 -21"><span class='ocrx_word' id='word_1_76' title='bbox 724 1634 1242 1707; x_wconf 82' lang='lat' dir='ltr'><strong>considerantes</strong></span> <span class='ocrx_word' id='word_1_77' title='bbox 1290 1635 1498 1706; x_wconf 85' lang='lat' dir='ltr'><strong>etiam</strong></span> <span class='ocrx_word' id='word_1_78' title='bbox 1541 1634 1834 1726; x_wconf 83' lang='lat' dir='ltr'><strong>grandia</strong></span> <span class='ocrx_word' id='word_1_79' title='bbox 1876 1643 1956 1706; x_wconf 73' lang='lat' dir='ltr'><strong>et</strong></span> <span class='ocrx_word' id='word_1_80' title='bbox 1997 1644 2286 1728; x_wconf 87' lang='lat' dir='ltr'><strong>accepta</strong></span> <span class='ocrx_word' id='word_1_81' title='bbox 2333 1633 2615 1707; x_wconf 83' lang='lat' dir='ltr'><strong>servitia</strong></span> <span class='ocrx_word' id='word_1_82' title='bbox 2654 1657 2792 1727; x_wconf 90' lang='lat' dir='ltr'><strong>que</strong></span> <span class='ocrx_word' id='word_1_83' title='bbox 2842 1643 2982 1705; x_wconf 90' lang='lat' dir='ltr'><strong>tam</strong></span> <span class='ocrx_word' id='word_1_84' title='bbox 3020 1634 3550 1728; x_wconf 87' lang='lat' dir='ltr'><strong>predecessores</strong></span> 
     </span>
     <span class='ocr_line' id='line_1_10' title="bbox 723 1753 3551 1855; baseline -0.001 -24"><span class='ocrx_word' id='word_1_85' title='bbox 723 1759 875 1851; x_wconf 85' lang='lat' dir='ltr'><strong>ejus</strong></span> <span class='ocrx_word' id='word_1_86' title='bbox 918 1779 1130 1852; x_wconf 85' lang='lat' dir='ltr'><strong>quam</strong></span> <span class='ocrx_word' id='word_1_87' title='bbox 1182 1758 1330 1853; x_wconf 90' lang='lat' dir='ltr'><strong>ipse</strong></span> <span class='ocrx_word' id='word_1_88' title='bbox 1377 1758 1558 1831; x_wconf 86' lang='lat' dir='ltr'><strong>divis</strong></span> <span class='ocrx_word' id='word_1_89' title='bbox 1606 1758 1916 1851; x_wconf 84' lang='lat' dir='ltr'><strong>augustis</strong></span> <span class='ocrx_word' id='word_1_90' title='bbox 1961 1758 2522 1853; x_wconf 81' lang='lat' dir='ltr'><strong>progenitoribus</strong></span> <span class='ocrx_word' id='word_1_91' title='bbox 2572 1757 2823 1830; x_wconf 89' lang='lat' dir='ltr'><strong>nostris</strong></span> <span class='ocrx_word' id='word_1_92' title='bbox 2856 1753 2957 1854; x_wconf 87' lang='lat' dir='ltr'><strong>[et</strong></span> <span class='ocrx_word' id='word_1_93' title='bbox 2997 1754 3224 1855; x_wconf 90' lang='lat' dir='ltr'><strong>nobis]</strong></span> <span class='ocrx_word' id='word_1_94' title='bbox 3254 1756 3551 1830; x_wconf 88' lang='lat' dir='ltr'><strong>fideliter</strong></span> 
     </span>
     <span class='ocr_line' id='line_1_11' title="bbox 721 1876 3551 1978; baseline 0 -23"><span class='ocrx_word' id='word_1_95' title='bbox 721 1882 1102 1976; x_wconf 88' lang='lat' dir='ltr'><strong>prestitisse</strong></span> <span class='ocrx_word' id='word_1_96' title='bbox 1143 1891 1525 1955; x_wconf 89' lang='lat' dir='ltr'><strong>noscuntur</strong></span> <span class='ocrx_word' id='word_1_97' title='bbox 1552 1876 1678 1978; x_wconf 91' lang='lat' dir='ltr'><strong>[et]</strong></span> <span class='ocrx_word' id='word_1_98' title='bbox 1716 1880 1904 1953; x_wconf 91' lang='lat' dir='ltr'><strong>idem</strong></span> <span class='ocrx_word' id='word_1_99' title='bbox 1936 1881 2341 1955; x_wconf 87' lang='lat' dir='ltr'><strong>Thomasius</strong></span> <span class='ocrx_word' id='word_1_100' title='bbox 2386 1879 2685 1953; x_wconf 85' lang='lat' dir='ltr'><strong>fideliter</strong></span> <span class='ocrx_word' id='word_1_101' title='bbox 2715 1879 3003 1954; x_wconf 80' lang='lat' dir='ltr'><strong>exhibet</strong></span> <span class='ocrx_word' id='word_1_102' title='bbox 3032 1881 3104 1952; x_wconf 90' lang='lat' dir='ltr'><strong>in</strong></span> <span class='ocrx_word' id='word_1_103' title='bbox 3137 1882 3442 1976; x_wconf 82' lang='lat' dir='ltr'><strong>presenti</strong></span> <span class='ocrx_word' id='word_1_104' title='bbox 3479 1890 3551 1956; x_wconf 84' lang='lat' dir='ltr'><strong>et</strong></span> 
     </span>
     <span class='ocr_line' id='line_1_12' title="bbox 722 2004 3542 2103; baseline 0.001 -23"><span class='ocrx_word' id='word_1_105' title='bbox 722 2005 1059 2080; x_wconf 83' lang='lat' dir='ltr'><strong>exhibere</strong></span> <span class='ocrx_word' id='word_1_106' title='bbox 1081 2007 1338 2103; x_wconf 86' lang='lat' dir='ltr'><strong>poterit</strong></span> <span class='ocrx_word' id='word_1_107' title='bbox 1361 2006 1435 2079; x_wconf 89' lang='lat' dir='ltr'><strong>in</strong></span> <span class='ocrx_word' id='word_1_108' title='bbox 1460 2016 1670 2078; x_wconf 87' lang='lat' dir='ltr'><strong>antea</strong></span> <span class='ocrx_word' id='word_1_109' title='bbox 1694 2006 2024 2098; x_wconf 84' lang='lat' dir='ltr'><strong>gratiora,</strong></span> <span class='ocrx_word' id='word_1_110' title='bbox 2053 2005 2486 2100; x_wconf 86' lang='lat' dir='ltr'><strong>Canapitium</strong></span> <span class='ocrx_word' id='word_1_111' title='bbox 2510 2027 2669 2078; x_wconf 91' lang='lat' dir='ltr'><strong>cum</strong></span> <span class='ocrx_word' id='word_1_112' title='bbox 2692 2004 3098 2094; x_wconf 86' lang='lat' dir='ltr'><strong>honoribus,</strong></span> <span class='ocrx_word' id='word_1_113' title='bbox 3120 2005 3542 2100; x_wconf 86' lang='lat' dir='ltr'><strong>hominibus,</strong></span> 
     </span>
     <span class='ocr_line' id='line_1_13' title="bbox 715 2128 3548 2224; baseline 0.001 -22"><span class='ocrx_word' id='word_1_114' title='bbox 715 2131 1014 2222; x_wconf 85' lang='lat' dir='ltr'><strong>juribus,</strong></span> <span class='ocrx_word' id='word_1_115' title='bbox 1044 2129 1668 2223; x_wconf 73' lang='lat' dir='ltr'><strong>iurisdictionibus,</strong></span> <span class='ocrx_word' id='word_1_116' title='bbox 1708 2130 2045 2224; x_wconf 78' lang='lat' dir='ltr'><strong>pedagiis,</strong></span> <span class='ocrx_word' id='word_1_117' title='bbox 2089 2129 2500 2224; x_wconf 87' lang='lat' dir='ltr'><strong>plateaticis,</strong></span> <span class='ocrx_word' id='word_1_118' title='bbox 2538 2128 2981 2220; x_wconf 90' lang='lat' dir='ltr'><strong>molendinis,</strong></span> <span class='ocrx_word' id='word_1_119' title='bbox 3017 2129 3266 2219; x_wconf 78' lang='lat' dir='ltr'><strong>furniS,</strong></span> <span class='ocrx_word' id='word_1_120' title='bbox 3297 2151 3548 2223; x_wconf 84' lang='lat' dir='ltr'><strong>argen-</strong></span> 
     </span>
     <span class='ocr_line' id='line_1_14' title="bbox 722 2229 3549 2349; baseline 0 -23"><span class='ocrx_word' id='word_1_121' title='bbox 722 2253 937 2343; x_wconf 83' lang='lat' dir='ltr'><strong>tariis,</strong></span> <span class='ocrx_word' id='word_1_122' title='bbox 961 2254 1289 2346; x_wconf 86' lang='lat' dir='ltr'><strong>angariis,</strong></span> <span class='ocrx_word' id='word_1_123' title='bbox 1312 2229 1766 2348; x_wconf 84' lang='lat' dir='ltr'><strong>perangariis,</strong></span> <span class='ocrx_word' id='word_1_124' title='bbox 1795 2252 1957 2342; x_wconf 85' lang='lat' dir='ltr'><strong>viis,</strong></span> <span class='ocrx_word' id='word_1_125' title='bbox 1982 2253 2253 2347; x_wconf 79' lang='lat' dir='ltr'><strong>plateis,</strong></span> <span class='ocrx_word' id='word_1_126' title='bbox 2290 2253 2578 2325; x_wconf 92' lang='lat' dir='ltr'><strong>coloniis</strong></span> <span class='ocrx_word' id='word_1_127' title='bbox 2605 2251 2785 2349; x_wconf 74' lang='lat' dir='ltr'><strong>(sic),</strong></span> <span class='ocrx_word' id='word_1_128' title='bbox 2813 2253 3189 2344; x_wconf 79' lang='lat' dir='ltr'><strong>regalibuS,</strong></span> <span class='ocrx_word' id='word_1_129' title='bbox 3226 2254 3549 2328; x_wconf 89' lang='lat' dir='ltr'><strong>omnibus</strong></span> 
     </span>
     <span class='ocr_line' id='line_1_15' title="bbox 722 2375 3545 2471; baseline 0.001 -23"><span class='ocrx_word' id='word_1_130' title='bbox 722 2378 1297 2471; x_wconf 90' lang='lat' dir='ltr'><strong>possessionibus,</strong></span> <span class='ocrx_word' id='word_1_131' title='bbox 1342 2376 1543 2448; x_wconf 89' lang='lat' dir='ltr'><strong>terris</strong></span> <span class='ocrx_word' id='word_1_132' title='bbox 1572 2375 1775 2447; x_wconf 90' lang='lat' dir='ltr'><strong>cultis</strong></span> <span class='ocrx_word' id='word_1_133' title='bbox 1802 2387 1872 2447; x_wconf 92' lang='lat' dir='ltr'><strong>et</strong></span> <span class='ocrx_word' id='word_1_134' title='bbox 1902 2376 2207 2466; x_wconf 81' lang='lat' dir='ltr'><strong>incultis,</strong></span> <span class='ocrx_word' id='word_1_135' title='bbox 2248 2377 2475 2468; x_wconf 77' lang='lat' dir='ltr'><strong>aquiS,</strong></span> <span class='ocrx_word' id='word_1_136' title='bbox 2504 2397 2844 2468; x_wconf 89' lang='lat' dir='ltr'><strong>aquarum</strong></span> <span class='ocrx_word' id='word_1_137' title='bbox 2864 2376 3305 2467; x_wconf 86' lang='lat' dir='ltr'><strong>decursibus,</strong></span> <span class='ocrx_word' id='word_1_138' title='bbox 3327 2378 3545 2468; x_wconf 78' lang='lat' dir='ltr'><strong>silvis,</strong></span> 
     </span>
     <span class='ocr_line' id='line_1_16' title="bbox 715 2499 3606 2594; baseline 0 -23"><span class='ocrx_word' id='word_1_139' title='bbox 715 2501 1016 2594; x_wconf 80' lang='lat' dir='ltr'><strong>pascuiS,</strong></span> <span class='ocrx_word' id='word_1_140' title='bbox 1030 2500 1543 2591; x_wconf 77' lang='lat' dir='ltr'><strong>venationibus,</strong></span> <span class='ocrx_word' id='word_1_141' title='bbox 1566 2499 2089 2594; x_wconf 86' lang='lat' dir='ltr'><strong>piscationibus,</strong></span> <span class='ocrx_word' id='word_1_142' title='bbox 2114 2501 2497 2572; x_wconf 79' lang='lat' dir='ltr'><strong>ratIonibus</strong></span> <span class='ocrx_word' id='word_1_143' title='bbox 2511 2500 2834 2571; x_wconf 90' lang='lat' dir='ltr'><strong>omnibus</strong></span> <span class='ocrx_word' id='word_1_144' title='bbox 2850 2512 2920 2571; x_wconf 86' lang='lat' dir='ltr'><strong>et</strong></span> <span class='ocrx_word' id='word_1_145' title='bbox 2944 2501 3382 2594; x_wconf 88' lang='lat' dir='ltr'><strong>pertinentiis</strong></span> <span class='ocrx_word' id='word_1_146' title='bbox 3401 2503 3548 2573; x_wconf 87' lang='lat' dir='ltr'><strong>suis</strong></span> <span class='ocrx_word' id='word_1_147' title='bbox 3601 2537 3606 2540; x_wconf 96' lang='lat'>·</span> 
     </span>
     <span class='ocr_line' id='line_1_17' title="bbox 720 2622 3550 2717; baseline 0.001 -22"><span class='ocrx_word' id='word_1_148' title='bbox 720 2646 858 2717; x_wconf 89' lang='lat' dir='ltr'><strong>que</strong></span> <span class='ocrx_word' id='word_1_149' title='bbox 878 2624 967 2695; x_wconf 92' lang='lat' dir='ltr'><strong>de</strong></span> <span class='ocrx_word' id='word_1_150' title='bbox 1002 2624 1327 2695; x_wconf 90' lang='lat' dir='ltr'><strong>demanio</strong></span> <span class='ocrx_word' id='word_1_151' title='bbox 1360 2624 1432 2695; x_wconf 94' lang='lat' dir='ltr'><strong>in</strong></span> <span class='ocrx_word' id='word_1_152' title='bbox 1466 2622 1866 2696; x_wconf 90' lang='lat' dir='ltr'><strong>demanium</strong></span> <span class='ocrx_word' id='word_1_153' title='bbox 1896 2632 1967 2694; x_wconf 90' lang='lat' dir='ltr'><strong>et</strong></span> <span class='ocrx_word' id='word_1_154' title='bbox 1997 2645 2135 2716; x_wconf 87' lang='lat' dir='ltr'><strong>que</strong></span> <span class='ocrx_word' id='word_1_155' title='bbox 2169 2623 2257 2695; x_wconf 90' lang='lat' dir='ltr'><strong>de</strong></span> <span class='ocrx_word' id='word_1_156' title='bbox 2287 2623 2569 2696; x_wconf 88' lang='lat' dir='ltr'><strong>servitio</strong></span> <span class='ocrx_word' id='word_1_157' title='bbox 2603 2623 2672 2692; x_wconf 92' lang='lat' dir='ltr'><strong>in</strong></span> <span class='ocrx_word' id='word_1_158' title='bbox 2707 2623 3091 2713; x_wconf 88' lang='lat' dir='ltr'><strong>servitium,</strong></span> <span class='ocrx_word' id='word_1_159' title='bbox 3123 2623 3351 2694; x_wconf 90' lang='lat' dir='ltr'><strong>eidem</strong></span> <span class='ocrx_word' id='word_1_160' title='bbox 3372 2625 3550 2697; x_wconf 87' lang='lat' dir='ltr'><strong>Tho-</strong></span> 
     </span>
     <span class='ocr_line' id='line_1_18' title="bbox 721 2745 3547 2842; baseline 0.001 -25"><span class='ocrx_word' id='word_1_161' title='bbox 721 2745 940 2819; x_wconf 89' lang='lat' dir='ltr'><strong>masio</strong></span> <span class='ocrx_word' id='word_1_162' title='bbox 973 2757 1043 2819; x_wconf 89' lang='lat' dir='ltr'><strong>et</strong></span> <span class='ocrx_word' id='word_1_163' title='bbox 1082 2745 1242 2818; x_wconf 88' lang='lat' dir='ltr'><strong>filiis</strong></span> <span class='ocrx_word' id='word_1_164' title='bbox 1273 2748 1415 2818; x_wconf 92' lang='lat' dir='ltr'><strong>suis</strong></span> <span class='ocrx_word' id='word_1_165' title='bbox 1444 2747 1806 2839; x_wconf 86' lang='lat' dir='ltr'><strong>utriusque</strong></span> <span class='ocrx_word' id='word_1_166' title='bbox 1839 2769 2053 2818; x_wconf 85' lang='lat' dir='ltr'><strong>sexus</strong></span> <span class='ocrx_word' id='word_1_167' title='bbox 2083 2747 2175 2818; x_wconf 91' lang='lat' dir='ltr'><strong>ab</strong></span> <span class='ocrx_word' id='word_1_168' title='bbox 2209 2769 2294 2819; x_wconf 90' lang='lat' dir='ltr'><strong>eo</strong></span> <span class='ocrx_word' id='word_1_169' title='bbox 2328 2747 2632 2839; x_wconf 88' lang='lat' dir='ltr'><strong>legitime</strong></span> <span class='ocrx_word' id='word_1_170' title='bbox 2673 2746 3256 2818; x_wconf 85' lang='lat' dir='ltr'><strong>descendentibus</strong></span> <span class='ocrx_word' id='word_1_171' title='bbox 3288 2748 3359 2818; x_wconf 92' lang='lat' dir='ltr'><strong>in</strong></span> <span class='ocrx_word' id='word_1_172' title='bbox 3389 2770 3547 2842; x_wconf 90' lang='lat' dir='ltr'><strong>per-</strong></span> 
     </span>
     <span class='ocr_line' id='line_1_19' title="bbox 718 2870 3548 2967; baseline -0 -24"><span class='ocrx_word' id='word_1_173' title='bbox 718 2883 1009 2967; x_wconf 88' lang='lat' dir='ltr'><strong>petuum</strong></span> <span class='ocrx_word' id='word_1_174' title='bbox 1038 2871 1109 2942; x_wconf 93' lang='lat' dir='ltr'><strong>in</strong></span> <span class='ocrx_word' id='word_1_175' title='bbox 1142 2880 1410 2942; x_wconf 88' lang='lat' dir='ltr'><strong>rectum</strong></span> <span class='ocrx_word' id='word_1_176' title='bbox 1449 2870 1735 2942; x_wconf 84' lang='lat' dir='ltr'><strong>feudum</strong></span> <span class='ocrx_word' id='word_1_177' title='bbox 1773 2870 1861 2941; x_wconf 90' lang='lat' dir='ltr'><strong>de</strong></span> <span class='ocrx_word' id='word_1_178' title='bbox 1897 2870 2177 2965; x_wconf 89' lang='lat' dir='ltr'><strong>speciali</strong></span> <span class='ocrx_word' id='word_1_179' title='bbox 2210 2872 2427 2960; x_wconf 88' lang='lat' dir='ltr'><strong>gratia</strong></span> <span class='ocrx_word' id='word_1_180' title='bbox 2464 2879 2534 2940; x_wconf 90' lang='lat' dir='ltr'><strong>et</strong></span> <span class='ocrx_word' id='word_1_181' title='bbox 2562 2892 2654 2941; x_wconf 76' lang='lat' dir='ltr'><strong>ex</strong></span> <span class='ocrx_word' id='word_1_182' title='bbox 2681 2881 2869 2942; x_wconf 88' lang='lat' dir='ltr'><strong>certa</strong></span> <span class='ocrx_word' id='word_1_183' title='bbox 2891 2871 3183 2952; x_wconf 70' lang='lat' dir='ltr'><strong>‚scientia</strong></span> <span class='ocrx_word' id='word_1_184' title='bbox 3218 2871 3548 2942; x_wconf 87' lang='lat' dir='ltr'><strong>duximus</strong></span> 
     </span>
    </p>
   </div>
   <div class='ocr_carea' id='block_1_5' title="bbox 720 2968 3680 3091">
    <p class='ocr_par' dir='ltr' id='par_1_5' title="bbox 720 2968 3680 3091">
     <span class='ocr_line' id='line_1_20' title="bbox 720 2968 3680 3091; baseline -0 -23"><span class='ocrx_word' id='word_1_185' title='bbox 720 2995 1245 3068; x_wconf 89' lang='lat' dir='ltr'><strong>concedendum</strong></span> <span class='ocrx_word' id='word_1_186' title='bbox 1261 3022 1281 3086; x_wconf 80' lang='lat'><em>3</em></span> <span class='ocrx_word' id='word_1_187' title='bbox 1300 2968 1398 3067; x_wconf 65' lang='lat' dir='ltr'><strong>it⁰a</strong></span> <span class='ocrx_word' id='word_1_188' title='bbox 1422 3004 1651 3067; x_wconf 89' lang='lat' dir='ltr'><strong>tamen</strong></span> <span class='ocrx_word' id='word_1_189' title='bbox 1679 2993 1870 3087; x_wconf 83' lang='lat' dir='ltr'><strong>qu&#39;od</strong></span> <span class='ocrx_word' id='word_1_190' title='bbox 1897 2989 2092 3091; x_wconf 86' lang='lat' dir='ltr'><strong>[tam]</strong></span> <span class='ocrx_word' id='word_1_191' title='bbox 2118 2993 2267 3088; x_wconf 90' lang='lat' dir='ltr'><strong>ipse</strong></span> <span class='ocrx_word' id='word_1_192' title='bbox 2293 3017 2504 3086; x_wconf 90' lang='lat' dir='ltr'><strong>quam</strong></span> <span class='ocrx_word' id='word_1_193' title='bbox 2534 2993 2823 3066; x_wconf 89' lang='lat' dir='ltr'><strong>heredes</strong></span> <span class='ocrx_word' id='word_1_194' title='bbox 2849 2994 2954 3079; x_wconf 88' lang='lat' dir='ltr'><strong>sui</strong></span> <span class='ocrx_word' id='word_1_195' title='bbox 2982 2993 3293 3089; x_wconf 85' lang='lat' dir='ltr'><strong>predicta</strong></span> <span class='ocrx_word' id='word_1_196' title='bbox 3313 2994 3547 3067; x_wconf 90' lang='lat' dir='ltr'><strong>omnia</strong></span> <span class='ocrx_word' id='word_1_197' title='bbox 3672 2986 3680 2994; x_wconf 68' lang='grc'><strong>’</strong></span> 
     </span>
    </p>
   </div>
   <div class='ocr_carea' id='block_1_6' title="bbox 714 3118 3613 4821">
    <p class='ocr_par' dir='ltr' id='par_1_6' title="bbox 714 3118 3613 4821">
     <span class='ocr_line' id='line_1_21' title="bbox 719 3118 3544 3212; baseline -0.001 -21"><span class='ocrx_word' id='word_1_198' title='bbox 719 3141 763 3191; x_wconf 89' lang='lat' dir='ltr'><strong>a</strong></span> <span class='ocrx_word' id='word_1_199' title='bbox 796 3120 999 3192; x_wconf 91' lang='lat' dir='ltr'><strong>nobis</strong></span> <span class='ocrx_word' id='word_1_200' title='bbox 1041 3129 1112 3191; x_wconf 90' lang='lat' dir='ltr'><strong>et</strong></span> <span class='ocrx_word' id='word_1_201' title='bbox 1158 3120 1670 3191; x_wconf 86' lang='lat' dir='ltr'><strong>successoribus</strong></span> <span class='ocrx_word' id='word_1_202' title='bbox 1715 3118 1966 3191; x_wconf 82' lang='lat' dir='ltr'><strong>nost-ris</strong></span> <span class='ocrx_word' id='word_1_203' title='bbox 2008 3118 2080 3188; x_wconf 93' lang='lat' dir='ltr'><strong>in</strong></span> <span class='ocrx_word' id='word_1_204' title='bbox 2127 3118 2417 3212; x_wconf 87' lang='lat' dir='ltr'><strong>imperio</strong></span> <span class='ocrx_word' id='word_1_205' title='bbox 2460 3118 2855 3189; x_wconf 87' lang='lat' dir='ltr'><strong>immediate</strong></span> <span class='ocrx_word' id='word_1_206' title='bbox 2901 3128 3184 3189; x_wconf 88' lang='lat' dir='ltr'><strong>teneant</strong></span> <span class='ocrx_word' id='word_1_207' title='bbox 3226 3128 3296 3189; x_wconf 91' lang='lat' dir='ltr'><strong>et</strong></span> <span class='ocrx_word' id='word_1_208' title='bbox 3337 3118 3544 3191; x_wconf 86' lang='lat' dir='ltr'><strong>etiam</strong></span> 
     </span>
     <span class='ocr_line' id='line_1_22' title="bbox 718 3242 3543 3335; baseline 0 -22"><span class='ocrx_word' id='word_1_209' title='bbox 718 3254 1219 3335; x_wconf 85' lang='lat' dir='ltr'><strong>recognoscant</strong></span> <span class='ocrx_word' id='word_1_210' title='bbox 1248 3265 1331 3314; x_wconf 85' lang='lat' dir='ltr'><strong>ac</strong></span> <span class='ocrx_word' id='word_1_211' title='bbox 1364 3243 1452 3314; x_wconf 92' lang='lat' dir='ltr'><strong>de</strong></span> <span class='ocrx_word' id='word_1_212' title='bbox 1493 3242 1593 3314; x_wconf 88' lang='lat' dir='ltr'><strong>eis</strong></span> <span class='ocrx_word' id='word_1_213' title='bbox 1625 3242 1861 3314; x_wconf 89' lang='lat' dir='ltr'><strong>debita</strong></span> <span class='ocrx_word' id='word_1_214' title='bbox 1900 3251 1978 3313; x_wconf 87' lang='lat' dir='ltr'><strong>et</strong></span> <span class='ocrx_word' id='word_1_215' title='bbox 2016 3251 2346 3313; x_wconf 90' lang='lat' dir='ltr'><strong>consueta</strong></span> <span class='ocrx_word' id='word_1_216' title='bbox 2379 3242 2660 3314; x_wconf 87' lang='lat' dir='ltr'><strong>servitia</strong></span> <span class='ocrx_word' id='word_1_217' title='bbox 2696 3244 2924 3314; x_wconf 84' lang='lat' dir='ltr'><strong>facere</strong></span> <span class='ocrx_word' id='word_1_218' title='bbox 2958 3252 3350 3313; x_wconf 85' lang='lat' dir='ltr'><strong>teneantur.</strong></span> <span class='ocrx_word' id='word_1_219' title='bbox 3389 3244 3543 3314; x_wconf 88' lang='lat' dir='ltr'><strong>Sta-</strong></span> 
     </span>
     <span class='ocr_line' id='line_1_23' title="bbox 719 3366 3539 3463; baseline 0 -23"><span class='ocrx_word' id='word_1_220' title='bbox 719 3368 977 3440; x_wconf 88' lang='lat' dir='ltr'><strong>tuimus</strong></span> <span class='ocrx_word' id='word_1_221' title='bbox 1010 3379 1082 3440; x_wconf 85' lang='lat' dir='ltr'><strong>et</strong></span> <span class='ocrx_word' id='word_1_222' title='bbox 1117 3367 1453 3463; x_wconf 87' lang='lat' dir='ltr'><strong>imperiali</strong></span> <span class='ocrx_word' id='word_1_223' title='bbox 1486 3367 1834 3438; x_wconf 87' lang='lat' dir='ltr'><strong>sancimus</strong></span> <span class='ocrx_word' id='word_1_224' title='bbox 1867 3366 2097 3438; x_wconf 86' lang='lat' dir='ltr'><strong>edicto</strong></span> <span class='ocrx_word' id='word_1_225' title='bbox 2131 3366 2459 3459; x_wconf 86' lang='lat' dir='ltr'><strong>quatinus</strong></span> <span class='ocrx_word' id='word_1_226' title='bbox 2485 3368 2718 3437; x_wconf 88' lang='lat' dir='ltr'><strong>nullus</strong></span> <span class='ocrx_word' id='word_1_227' title='bbox 2747 3367 2924 3456; x_wconf 86' lang='lat' dir='ltr'><strong>dux,</strong></span> <span class='ocrx_word' id='word_1_228' title='bbox 2952 3369 3186 3439; x_wconf 89' lang='lat' dir='ltr'><strong>nullus</strong></span> <span class='ocrx_word' id='word_1_229' title='bbox 3206 3367 3539 3459; x_wconf 89' lang='lat' dir='ltr'><strong>marchio,</strong></span> 
     </span>
     <span class='ocr_line' id='line_1_24' title="bbox 714 3486 3540 3585; baseline 0 -22"><span class='ocrx_word' id='word_1_230' title='bbox 714 3492 951 3564; x_wconf 84' lang='lat' dir='ltr'><strong>nullus</strong></span> <span class='ocrx_word' id='word_1_231' title='bbox 981 3513 1241 3581; x_wconf 72' lang='lat' dir='ltr'><strong>come-S,</strong></span> <span class='ocrx_word' id='word_1_232' title='bbox 1280 3492 1512 3562; x_wconf 89' lang='lat' dir='ltr'><strong>nullus</strong></span> <span class='ocrx_word' id='word_1_233' title='bbox 1540 3491 1841 3563; x_wconf 85' lang='lat' dir='ltr'><strong>vicarius</strong></span> <span class='ocrx_word' id='word_1_234' title='bbox 1873 3501 1994 3561; x_wconf 84' lang='lat' dir='ltr'><strong>aut</strong></span> <span class='ocrx_word' id='word_1_235' title='bbox 2024 3486 2454 3585; x_wconf 79' lang='lat' dir='ltr'><strong>capitaneus,</strong></span> <span class='ocrx_word' id='word_1_236' title='bbox 2482 3493 2716 3562; x_wconf 88' lang='lat' dir='ltr'><strong>nullus</strong></span> <span class='ocrx_word' id='word_1_237' title='bbox 2742 3500 3048 3585; x_wconf 77' lang='lat' dir='ltr'><strong>potestas</strong></span> <span class='ocrx_word' id='word_1_238' title='bbox 3071 3494 3182 3564; x_wconf 89' lang='lat' dir='ltr'><strong>vel</strong></span> <span class='ocrx_word' id='word_1_239' title='bbox 3203 3514 3502 3564; x_wconf 89' lang='lat' dir='ltr'><strong>comune</strong></span> <span class='ocrx_word' id='word_1_240' title='bbox 3520 3546 3540 3582; x_wconf 93' lang='lat'><strong>,</strong></span> 
     </span>
     <span class='ocr_line' id='line_1_25' title="bbox 717 3614 3544 3712; baseline 0 -24"><span class='ocrx_word' id='word_1_241' title='bbox 717 3618 952 3688; x_wconf 91' lang='lat' dir='ltr'><strong>nullus</strong></span> <span class='ocrx_word' id='word_1_242' title='bbox 982 3617 1290 3712; x_wconf 87' lang='lat' dir='ltr'><strong>prelatus</strong></span> <span class='ocrx_word' id='word_1_243' title='bbox 1314 3669 1334 3705; x_wconf 94' lang='lat'><strong>,</strong></span> <span class='ocrx_word' id='word_1_244' title='bbox 1376 3617 1568 3686; x_wconf 90' lang='lat' dir='ltr'><strong>nulla</strong></span> <span class='ocrx_word' id='word_1_245' title='bbox 1597 3615 1899 3707; x_wconf 91' lang='lat' dir='ltr'><strong>denique</strong></span> <span class='ocrx_word' id='word_1_246' title='bbox 1929 3615 2068 3686; x_wconf 88' lang='lat' dir='ltr'><strong>alta</strong></span> <span class='ocrx_word' id='word_1_247' title='bbox 2099 3636 2396 3708; x_wconf 86' lang='lat' dir='ltr'><strong>persona</strong></span> <span class='ocrx_word' id='word_1_248' title='bbox 2427 3616 2539 3685; x_wconf 89' lang='lat' dir='ltr'><strong>vel</strong></span> <span class='ocrx_word' id='word_1_249' title='bbox 2572 3614 2855 3687; x_wconf 88' lang='lat' dir='ltr'><strong>humilis</strong></span> <span class='ocrx_word' id='word_1_250' title='bbox 2881 3669 2901 3705; x_wconf 94' lang='lat'><strong>,</strong></span> <span class='ocrx_word' id='word_1_251' title='bbox 2932 3617 3393 3688; x_wconf 88' lang='lat' dir='ltr'><strong>ecclesiastica</strong></span> <span class='ocrx_word' id='word_1_252' title='bbox 3428 3617 3544 3689; x_wconf 86' lang='lat' dir='ltr'><strong>vel</strong></span> 
     </span>
     <span class='ocr_line' id='line_1_26' title="bbox 715 3738 3543 3843; baseline 0 -32"><span class='ocrx_word' id='word_1_253' title='bbox 715 3740 1069 3831; x_wconf 87' lang='lat' dir='ltr'><strong>secularis,</strong></span> <span class='ocrx_word' id='word_1_254' title='bbox 1128 3740 1520 3835; x_wconf 89' lang='lat' dir='ltr'><strong>predictum</strong></span> <span class='ocrx_word' id='word_1_255' title='bbox 1571 3739 2014 3810; x_wconf 88' lang='lat' dir='ltr'><strong>Thomasium</strong></span> <span class='ocrx_word' id='word_1_256' title='bbox 2070 3749 2141 3810; x_wconf 90' lang='lat' dir='ltr'><strong>et</strong></span> <span class='ocrx_word' id='word_1_257' title='bbox 2186 3738 2483 3811; x_wconf 90' lang='lat' dir='ltr'><strong>heredes</strong></span> <span class='ocrx_word' id='word_1_258' title='bbox 2517 3761 2691 3843; x_wconf 37' lang='lat' dir='ltr'><strong>‚suos</strong></span> <span class='ocrx_word' id='word_1_259' title='bbox 2737 3740 2808 3810; x_wconf 93' lang='lat' dir='ltr'><strong>in</strong></span> <span class='ocrx_word' id='word_1_260' title='bbox 2866 3739 3005 3811; x_wconf 85' lang='lat' dir='ltr'><strong>fide</strong></span> <span class='ocrx_word' id='word_1_261' title='bbox 3055 3751 3124 3811; x_wconf 90' lang='lat' dir='ltr'><strong>et</strong></span> <span class='ocrx_word' id='word_1_262' title='bbox 3171 3741 3543 3813; x_wconf 88' lang='lat' dir='ltr'><strong>devotione</strong></span> 
     </span>
     <span class='ocr_line' id='line_1_27' title="bbox 719 3862 3547 3959; baseline 0 -25"><span class='ocrx_word' id='word_1_263' title='bbox 719 3875 953 3937; x_wconf 88' lang='lat' dir='ltr'><strong>nostra</strong></span> <span class='ocrx_word' id='word_1_264' title='bbox 995 3864 1442 3958; x_wconf 87' lang='lat' dir='ltr'><strong>persistentes</strong></span> <span class='ocrx_word' id='word_1_265' title='bbox 1488 3872 1727 3935; x_wconf 89' lang='lat' dir='ltr'><strong>contra</strong></span> <span class='ocrx_word' id='word_1_266' title='bbox 1773 3862 1980 3954; x_wconf 90' lang='lat' dir='ltr'><strong>hujus</strong></span> <span class='ocrx_word' id='word_1_267' title='bbox 2023 3863 2489 3935; x_wconf 87' lang='lat' dir='ltr'><strong>concessionis</strong></span> <span class='ocrx_word' id='word_1_268' title='bbox 2526 3872 2760 3934; x_wconf 87' lang='lat' dir='ltr'><strong>nostre</strong></span> <span class='ocrx_word' id='word_1_269' title='bbox 2797 3864 3087 3935; x_wconf 85' lang='lat' dir='ltr'><strong>formam</strong></span> <span class='ocrx_word' id='word_1_270' title='bbox 3122 3886 3333 3959; x_wconf 91' lang='lat' dir='ltr'><strong>super</strong></span> <span class='ocrx_word' id='word_1_271' title='bbox 3366 3874 3547 3935; x_wconf 88' lang='lat' dir='ltr'><strong>terra</strong></span> 
     </span>
     <span class='ocr_line' id='line_1_28' title="bbox 719 3985 3542 4081; baseline 0 -25"><span class='ocrx_word' id='word_1_272' title='bbox 719 3987 868 4081; x_wconf 90' lang='lat' dir='ltr'><strong>ipsa</strong></span> <span class='ocrx_word' id='word_1_273' title='bbox 908 3988 997 4059; x_wconf 90' lang='lat' dir='ltr'><strong>de</strong></span> <span class='ocrx_word' id='word_1_274' title='bbox 1042 3998 1276 4059; x_wconf 87' lang='lat' dir='ltr'><strong>cetero</strong></span> <span class='ocrx_word' id='word_1_275' title='bbox 1316 3996 1575 4057; x_wconf 88' lang='lat' dir='ltr'><strong>temere</strong></span> <span class='ocrx_word' id='word_1_276' title='bbox 1614 3985 1951 4079; x_wconf 90' lang='lat' dir='ltr'><strong>impedire</strong></span> <span class='ocrx_word' id='word_1_277' title='bbox 1994 3986 2108 4057; x_wconf 88' lang='lat' dir='ltr'><strong>vel</strong></span> <span class='ocrx_word' id='word_1_278' title='bbox 2142 3987 2511 4056; x_wconf 85' lang='lat' dir='ltr'><strong>molestare</strong></span> <span class='ocrx_word' id='word_1_279' title='bbox 2554 3996 2931 4081; x_wconf 88' lang='lat' dir='ltr'><strong>presumat.</strong></span> <span class='ocrx_word' id='word_1_280' title='bbox 2974 3987 3178 4071; x_wconf 88' lang='lat' dir='ltr'><strong>Quod</strong></span> <span class='ocrx_word' id='word_1_281' title='bbox 3220 3988 3340 4079; x_wconf 93' lang='lat' dir='ltr'><strong>qui</strong></span> <span class='ocrx_word' id='word_1_282' title='bbox 3386 4008 3542 4080; x_wconf 90' lang='lat' dir='ltr'><strong>pre-</strong></span> 
     </span>
     <span class='ocr_line' id='line_1_29' title="bbox 719 4110 3613 4206; baseline 0.001 -25"><span class='ocrx_word' id='word_1_283' title='bbox 719 4111 1087 4206; x_wconf 86' lang='lat' dir='ltr'><strong>sumpserit</strong></span> <span class='ocrx_word' id='word_1_284' title='bbox 1105 4121 1338 4206; x_wconf 86' lang='lat' dir='ltr'><strong>preter</strong></span> <span class='ocrx_word' id='word_1_285' title='bbox 1358 4110 1906 4202; x_wconf 89' lang='lat' dir='ltr'><strong>indignationem</strong></span> <span class='ocrx_word' id='word_1_286' title='bbox 1921 4111 2140 4182; x_wconf 89' lang='lat' dir='ltr'><strong>nostri</strong></span> <span class='ocrx_word' id='word_1_287' title='bbox 2166 4110 2488 4181; x_wconf 88' lang='lat' dir='ltr'><strong>culminis</strong></span> <span class='ocrx_word' id='word_1_288' title='bbox 2515 4132 2725 4202; x_wconf 90' lang='lat' dir='ltr'><strong>quam</strong></span> <span class='ocrx_word' id='word_1_289' title='bbox 2759 4111 3092 4201; x_wconf 89' lang='lat' dir='ltr'><strong>incurret,</strong></span> <span class='ocrx_word' id='word_1_290' title='bbox 3133 4110 3322 4182; x_wconf 91' lang='lat' dir='ltr'><strong>mille</strong></span> <span class='ocrx_word' id='word_1_291' title='bbox 3361 4132 3543 4181; x_wconf 89' lang='lat' dir='ltr'><strong>mar·</strong></span> <span class='ocrx_word' id='word_1_292' title='bbox 3604 4178 3613 4185; x_wconf 87' lang='lat'>.</span> 
     </span>
     <span class='ocr_line' id='line_1_30' title="bbox 719 4233 3544 4330; baseline 0 -24"><span class='ocrx_word' id='word_1_293' title='bbox 719 4256 834 4306; x_wconf 92' lang='lat' dir='ltr'><strong>cas</strong></span> <span class='ocrx_word' id='word_1_294' title='bbox 876 4236 1147 4327; x_wconf 87' lang='lat' dir='ltr'><strong>argenti</strong></span> <span class='ocrx_word' id='word_1_295' title='bbox 1179 4257 1254 4307; x_wconf 91' lang='lat' dir='ltr'><strong>se</strong></span> <span class='ocrx_word' id='word_1_296' title='bbox 1286 4256 1413 4330; x_wconf 94' lang='lat' dir='ltr'><strong>pro</strong></span> <span class='ocrx_word' id='word_1_297' title='bbox 1446 4254 1629 4328; x_wconf 89' lang='lat' dir='ltr'><strong>pena</strong></span> <span class='ocrx_word' id='word_1_298' title='bbox 1660 4234 2207 4329; x_wconf 87' lang='lat' dir='ltr'><strong>compositurum</strong></span> <span class='ocrx_word' id='word_1_299' title='bbox 2236 4243 2592 4326; x_wconf 86' lang='lat' dir='ltr'><strong>agnoscat,</strong></span> <span class='ocrx_word' id='word_1_300' title='bbox 2640 4235 3010 4306; x_wconf 86' lang='lat' dir='ltr'><strong>medietate</strong></span> <span class='ocrx_word' id='word_1_301' title='bbox 3043 4236 3348 4330; x_wconf 90' lang='lat' dir='ltr'><strong>ipsarum</strong></span> <span class='ocrx_word' id='word_1_302' title='bbox 3377 4233 3544 4307; x_wconf 92' lang='lat' dir='ltr'><strong>fisco</strong></span> 
     </span>
     <span class='ocr_line' id='line_1_31' title="bbox 717 4357 3544 4452; baseline 0 -22"><span class='ocrx_word' id='word_1_303' title='bbox 717 4368 955 4431; x_wconf 91' lang='lat' dir='ltr'><strong>nostro</strong></span> <span class='ocrx_word' id='word_1_304' title='bbox 988 4369 1060 4430; x_wconf 89' lang='lat' dir='ltr'><strong>et</strong></span> <span class='ocrx_word' id='word_1_305' title='bbox 1093 4359 1360 4451; x_wconf 89' lang='lat' dir='ltr'><strong>reliqua</strong></span> <span class='ocrx_word' id='word_1_306' title='bbox 1406 4357 1780 4451; x_wconf 78' lang='lat' dir='ltr'><strong>medietate</strong></span> <span class='ocrx_word' id='word_1_307' title='bbox 1824 4358 2042 4452; x_wconf 87' lang='lat' dir='ltr'><strong>passis</strong></span> <span class='ocrx_word' id='word_1_308' title='bbox 2086 4358 2411 4449; x_wconf 87' lang='lat' dir='ltr'><strong>injuriam</strong></span> <span class='ocrx_word' id='word_1_309' title='bbox 2449 4357 2888 4452; x_wconf 86' lang='lat' dir='ltr'><strong>applicanda.</strong></span> <span class='ocrx_word' id='word_1_310' title='bbox 2931 4357 3050 4431; x_wconf 89' lang='lat' dir='ltr'><strong>Ad·</strong></span> <span class='ocrx_word' id='word_1_311' title='bbox 3073 4357 3278 4451; x_wconf 89' lang='lat' dir='ltr'><strong>hujus</strong></span> <span class='ocrx_word' id='word_1_312' title='bbox 3310 4360 3544 4451; x_wconf 89' lang='lat' dir='ltr'><strong>itaque</strong></span> 
     </span>
     <span class='ocr_line' id='line_1_32' title="bbox 715 4480 3542 4576; baseline 0 -25"><span class='ocrx_word' id='word_1_313' title='bbox 715 4480 1178 4552; x_wconf 86' lang='lat' dir='ltr'><strong>concessionis</strong></span> <span class='ocrx_word' id='word_1_314' title='bbox 1206 4490 1275 4551; x_wconf 91' lang='lat' dir='ltr'><strong>et</strong></span> <span class='ocrx_word' id='word_1_315' title='bbox 1298 4480 1517 4573; x_wconf 87' lang='lat' dir='ltr'><strong>gratie</strong></span> <span class='ocrx_word' id='word_1_316' title='bbox 1535 4492 1767 4551; x_wconf 86' lang='lat' dir='ltr'><strong>nostre</strong></span> <span class='ocrx_word' id='word_1_317' title='bbox 1790 4480 2196 4552; x_wconf 87' lang='lat' dir='ltr'><strong>memoriam</strong></span> <span class='ocrx_word' id='word_1_318' title='bbox 2231 4488 2303 4550; x_wconf 90' lang='lat' dir='ltr'><strong>et</strong></span> <span class='ocrx_word' id='word_1_319' title='bbox 2333 4481 2543 4551; x_wconf 92' lang='lat' dir='ltr'><strong>robur</strong></span> <span class='ocrx_word' id='word_1_320' title='bbox 2570 4490 2908 4575; x_wconf 90' lang='lat' dir='ltr'><strong>perpetuo</strong></span> <span class='ocrx_word' id='word_1_321' title='bbox 2943 4483 3339 4571; x_wconf 87' lang='lat' dir='ltr'><strong>valiturum,</strong></span> <span class='ocrx_word' id='word_1_322' title='bbox 3382 4505 3542 4576; x_wconf 89' lang='lat' dir='ltr'><strong>pre·</strong></span> 
     </span>
     <span class='ocr_line' id='line_1_33' title="bbox 717 4603 3545 4699; baseline 0.001 -24"><span class='ocrx_word' id='word_1_323' title='bbox 717 4626 877 4677; x_wconf 89' lang='lat' dir='ltr'><strong>sens</strong></span> <span class='ocrx_word' id='word_1_324' title='bbox 922 4605 1357 4699; x_wconf 87' lang='lat' dir='ltr'><strong>privilegium</strong></span> <span class='ocrx_word' id='word_1_325' title='bbox 1403 4626 1530 4698; x_wconf 91' lang='lat' dir='ltr'><strong>per</strong></span> <span class='ocrx_word' id='word_1_326' title='bbox 1570 4603 1930 4674; x_wconf 89' lang='lat' dir='ltr'><strong>Nicolaum</strong></span> <span class='ocrx_word' id='word_1_327' title='bbox 1982 4604 2069 4674; x_wconf 91' lang='lat' dir='ltr'><strong>de</strong></span> <span class='ocrx_word' id='word_1_328' title='bbox 2116 4605 2345 4676; x_wconf 90' lang='lat' dir='ltr'><strong>Rocca</strong></span> <span class='ocrx_word' id='word_1_329' title='bbox 2389 4605 2733 4675; x_wconf 89' lang='lat' dir='ltr'><strong>notarium</strong></span> <span class='ocrx_word' id='word_1_330' title='bbox 2785 4613 2856 4674; x_wconf 87' lang='lat' dir='ltr'><strong>et</strong></span> <span class='ocrx_word' id='word_1_331' title='bbox 2897 4603 3174 4676; x_wconf 85' lang='lat' dir='ltr'><strong>fidelem</strong></span> <span class='ocrx_word' id='word_1_332' title='bbox 3229 4615 3545 4677; x_wconf 88' lang='lat' dir='ltr'><strong>nostrum</strong></span> 
     </span>
     <span class='ocr_line' id='line_1_34' title="bbox 718 4727 2778 4821; baseline -0 -22"><span class='ocrx_word' id='word_1_333' title='bbox 718 4728 925 4800; x_wconf 87' lang='lat' dir='ltr'><strong>scribi</strong></span> <span class='ocrx_word' id='word_1_334' title='bbox 954 4739 1025 4799; x_wconf 92' lang='lat' dir='ltr'><strong>et</strong></span> <span class='ocrx_word' id='word_1_335' title='bbox 1055 4728 1280 4821; x_wconf 88' lang='lat' dir='ltr'><strong>sigillo</strong></span> <span class='ocrx_word' id='word_1_336' title='bbox 1311 4727 1691 4819; x_wconf 80' lang='lat' dir='ltr'><strong>majestatis</strong></span> <span class='ocrx_word' id='word_1_337' title='bbox 1720 4738 1954 4800; x_wconf 91' lang='lat' dir='ltr'><strong>nostre</strong></span> <span class='ocrx_word' id='word_1_338' title='bbox 1977 4727 2307 4818; x_wconf 74' lang='lat' dir='ltr'><strong>Jussimus</strong></span> <span class='ocrx_word' id='word_1_339' title='bbox 2341 4727 2778 4801; x_wconf 85' lang='lat' dir='ltr'><strong>communiri.</strong></span> 
     </span>
    </p>
   </div>
  </div>
 </body>
</html>
