4525 6031
697 606 898 664 lnmcr.
936 602 1063 679 15]
1584 599 1977 663 Hls'rolt'm
2023 600 2617 664 mPLOMATch.
3388 598 3510 659 825

1493 1236 1718 1300 ANNO
1769 1236 1976 1300 1242.
2017 1273 2100 1286 —
2132 1238 2625 1301 INDICTIONE
2670 1238 2778 1299 15.

767 1775 1199 1859 'Conradus
1222 1838 1246 1884 ,
1321 1778 1402 1860 in
1490 1779 2012 1864 Romanorum
2085 1805 2345 1890 regem
2399 1780 2677 1862 electus
2710 1841 2734 1887 ,
2799 1779 3136 1861 notificat
3209 1781 3509 1888 imperii
3605 1791 3885 1899 3033ng

695 1905 1047 1990 fidelibus
1090 1909 1537 2019 homagium
1585 1937 1722 2019 per
1759 1913 2221 1995 Warnerum
2271 1912 2367 1993 de
2424 1911 2796 1994 Bolandia
2856 1911 3285 1994 comitissae
3336 1913 3506 1995 Lu-
3633 1900 3856 1953 'mm’

693 2039 1221 2149 cemhurgensi
1277 2044 1724 2150 praestitum
1769 2055 2034 2128 contra
2088 2043 2470 2154 quoslibet
2485 2103 2509 2149 ‚
2565 2053 2872 2152 excepto
2925 2043 3382 2152 imperatore
3436 2058 3508 2128 et-

692 2172 1010 2283 imperio
1046 2201 1136 2258 ac
1170 2176 1730 2286 archiepiscopo
1764 2178 2357 2287 Moguntinensi.

856 2414 1060 2491 (Edld.
1092 2415 1475 2495 Bam-nour,
1497 2418 1651 2478 Hm.
1684 2415 1873 2477 eccles.
1906 2423 1963 2478 et
1999 2419 2101 2479 civ.
2135 2415 2218 2478 du
2252 2414 2431 2477 ductae
2459 2414 2530 2477 de
2557 2400 2984 2497 Luxe'mbourq,
3021 2423 3068 2476 t.
3112 2416 3189 2493 V,
3222 2434 3502 2494 preuves,

931 2537 991 2595 p.
1027 2529 1125 2594 20,
1159 2537 1236 2580 cx
1262 2522 1427 2582 arch.
1459 2524 1577 2583 civ.
1614 2521 2032 2601 Lucemburg.)

801 2733 1191 2805 Conrardus
1271 2734 1413 2806 divi
1503 2735 1776 2828 augusti
1843 2737 2279 2831 imperatoris
2364 2735 2692 2808 Friderici
2742 2734 2955 2806 filius
2990 2788 3009 2824 ,
3095 2737 3217 2806 Dei
3284 2738 3505 2827 gratia

687 2857 1157 2929 Romanorum
1193 2859 1261 2929 in
1301 2880 1537 2952 regem
1569 2862 1831 2932 electus
1863 2883 2137 2956 semper
2166 2871 2504 2953 augustus
2531 2870 2602 2931 et
2634 2860 2836 2931 heres
2867 2858 3063 2950 regni
3093 2860 3499 2951 Jerusalem,

689 2980 1027 3053 universis
1062 2982 1332 3078 imperii
1366 2982 1685 3056 fidelibus
1723 2994 2085 3079 presentes
2118 2984 2385 3056 litteras
2423 2983 2837 3078 inspecturis
2882 2982 3175 3075 gratiam
3208 3005 3402 3055 suam
3437 2993 3506 3055 et

689 3125 896 3176 omne
917 3106 1208 3178 honum.
1241 3106 1684 3180 Universitati
1713 3119 1945 3179 vestre
1978 3117 2222 3179 notum
2250 3109 2541 3179 facimus
2575 3130 2699 3202 per
2725 3116 3082 3202 presentes
3099 3108 3288 3198 quod
3314 3109 3510 3179 War-

690 3250 900 3300 nerus
948 3228 1038 3300 de
1077 3229 1411 3303 Bolandia
1460 3230 1685 3303 fidelis
1728 3241 1965 3302 noster
2008 3233 2171 3303 fecit
2214 3231 2614 3323 homagium
2670 3231 3017 3303 comitisse
3076 3230 3166 3301 de
3216 3233 3504 3302 Lucem·

687 3352 952 3424 bourch
1005 3355 1293 3448 ejusque
1336 3353 1712 3427 heredibus
1736 3408 1757 3445 ,
1793 3356 2089 3450 receptis
2125 3356 2216 3426 ab
2253 3377 2338 3427 ea
2377 3356 2575 3426 titulo
2616 3355 2870 3426 feodali
2903 3364 3138 3426 monte
3169 3355 3509 3427 Castrensi

689 3487 763 3548 et
801 3477 994 3549 curia
1024 3479 1214 3572 apud
1248 3480 1631 3552 Imsweiler
1662 3481 2050 3552 valentibus
2087 3478 2188 3575 (a)
2225 3480 2583 3550 annuatim
2626 3479 2904 3571 triginta
2931 3479 3142 3551 libras
3185 3479 3510 3550 Metensis

690 3610 1008 3691 monete,
1055 3624 1194 3695 que
1232 3612 1371 3674 tam
1410 3604 1557 3698 ipse
1597 3606 1974 3675 Wernerus
2017 3625 2225 3695 quam
2265 3604 2372 3674 sui
2404 3602 2700 3674 heredes
2731 3625 2772 3674 a
2814 3603 3128 3697 predicta
3164 3603 3509 3675 comitissa

691 3724 979 3817 ejusque
1013 3723 1388 3797 heredibus
1420 3727 1784 3799 feodaliter
1818 3727 2306 3822 possidebunt,
2346 3736 2689 3818 eruntque
2722 3725 2820 3797 eis
2869 3725 3193 3817 homagio
3226 3724 3512 3817 obligati

689 3857 761 3919 et
791 3849 1212 3920 tenebuntur
1237 3850 1560 3928 assistere
1591 3850 1854 3923 eisdem
1885 3860 2128 3921 contra
2158 3851 2543 3943 quoslibet,
2581 3859 2879 3944 excepto
2912 3850 3196 3921 domino
3223 3859 3293 3920 et
3315 3858 3511 3943 patre

689 3981 966 4062 nostr0,
1001 3971 1204 4043 nobis
1250 3983 1321 4044 et
1351 3973 1639 4067 imperio
1678 3995 1762 4045 ac
1795 3973 2317 4068 archiepiscopo
2349 3972 2902 4063 Moguntinensi‚
2942 3972 3014 4043 in
3060 3993 3142 4043 ea
3180 3974 3401 4043 forma
3444 3985 3514 4042 et

686 4095 958 4186 juribus
988 4096 1082 4168 ad
1108 4118 1244 4191 que
1268 4099 1428 4191 jure
1465 4107 1812 4169 tenentur.
1854 4097 1965 4170 Ad
2006 4100 2205 4191 cujus
2250 4098 2348 4168 rei
2395 4097 2830 4188 memoriam,
2867 4104 3225 4190 presentes
3251 4094 3513 4166 litteras

691 4214 842 4288 fieri
876 4217 1165 4291 fecimus
1197 4228 1267 4290 et
1303 4219 1531 4312 sigillo
1563 4230 1798 4292 nostre
1829 4220 2260 4292 celsitudinis
2294 4220 2631 4292 roborari.

788 4342 1041 4413 Actum
1075 4352 1148 4414 et
1170 4343 1411 4415 datum
1435 4345 1625 4439 apud
1648 4344 2109 4435 Rotenberch,
2147 4367 2332 4416 anno
2352 4343 2585 4437 gracie
2613 4341 2977 4431 MCCXLII,
3013 4362 3254 4413 mense
3273 4341 3519 4433 janua-

695 4464 799 4536 rio
815 4517 835 4555 ,
870 4465 995 4536 XV
1032 4466 1435 4540 indictione.

779 4694 861 4775 (a)
908 4696 978 4757 In
1003 4698 1287 4775 impresso
1312 4694 1591 4758 valentia.
