4525 6031
658 636 862 695 inter.
893 632 993 711 6.]
1560 626 1954 690 HISTORIA
2004 625 2600 690 ntrLOMATmA.
3369 629 3489 689 627

660 768 1094 867 provinciam
1146 766 1371 862 ipsam
1414 765 1489 836 in
1542 766 1733 837 omni
1779 764 2280 858 tranquillitate
2324 764 2705 857 gubernet,
2752 783 3152 857 quanquam
3196 784 3495 858 reguum

659 906 979 966 nostrum
1007 892 1081 962 in
1113 890 1464 986 proxime,
1479 888 1781 961 civitatis
1810 891 2055 961 Parme
2092 889 2423 984 depressa
2460 888 2810 985 protervia
2837 890 2950 960 vel
2985 888 3208 984 ipsius
3228 911 3492 983 urgen-

664 1019 927 1090 tissime
969 1014 1517 1111 depopulatione
1562 1024 1880 1108 peracta,
1922 1024 2242 1109 repetere
2286 1012 2742 1109 personaliter
2785 1012 3258 1108 disponamus,
3299 1023 3367 1086 te
3403 1013 3498 1086 ad

661 1153 894 1238 partes
915 1141 1069 1212 illas
1103 1150 1433 1231 tanquam
1466 1138 1876 1234 precipuum
1909 1140 2063 1210 loco
2094 1138 2316 1209 nostri
2349 1137 2685 1209 vicarium
2713 1147 2877 1209 ante
2910 1138 3156 1209 faciem
3186 1148 3497 1210 nostram

658 1266 923 1338 salubri
956 1263 1515 1336 consideratione
1546 1262 1983 1357 providimus
2010 1261 2605 1357 premictendum3
2634 1260 2992 1334 devotioni
3023 1272 3140 1333 tue
3164 1262 3502 1334 mandan-

660 1400 763 1463 tes
807 1398 1155 1484 quatenus
1181 1386 1637 1459 incontinenti
1682 1386 1983 1481 receptis
2022 1384 2491 1481 presentibuS,
2531 1384 2621 1456 ad
2663 1385 3060 1456 comitivam
3104 1395 3292 1457 tuam
3325 1386 3499 1458 viris

658 1514 1009 1608 aliquibus
1038 1510 1362 1584 fidelibus
1391 1511 1651 1583 nostris
1683 1510 1775 1583 de
1804 1511 2021 1582 Terra
2046 1510 2330 1582 Laboris
2371 1519 2443 1581 et
2482 1510 2814 1582 comitatu
2847 1508 3092 1581 Molisii
3131 1510 3356 1581 tribus
3376 1510 3493 1581 vei
3617 1520 3624 1528 “

657 1647 963 1734 ‹piatuor
990 1637 1365 1732 deputatis,
1405 1635 1677 1726 magnis
1706 1644 1777 1706 et
1813 1634 2233 1707 continuatis
2265 1634 2474 1707 dietis
2503 1634 2597 1706 ad
2628 1643 2863 1729 partes
2893 1634 3105 1729 ipsas,
3143 1633 3322 1705 sicut
3353 1654 3493 1705 un·

661 1783 875 1855 quam
918 1760 1213 1852 gratiam
1265 1769 1576 1851 nostram
1629 1758 1886 1852 diligis,
1930 1759 2255 1831 celeriter
2289 1758 2574 1830 studeas
2617 1768 2690 1829 te
2734 1760 3134 1829 transferre.
3186 1758 3500 1843 Qualiter

660 1894 894 1957 autem
923 1904 1141 1978 super
1167 1882 1566 1978 receptione
1592 1883 1777 1974 regis
1804 1881 2123 1975 ejusdem
2155 1892 2227 1953 et
2262 1881 2560 1974 negotiis
2599 1883 2856 1953 nostris
2888 1882 3162 1952 illarum
3194 1882 3494 1975 partium

659 2028 901 2099 gerere
943 2017 1008 2078 te
1039 2005 1364 2101 velimus,
1415 2027 1546 2101 per
1582 2007 1841 2077 latores
1875 2005 2330 2099 presentium,
2371 2004 2656 2075 nuntios
2699 2013 2853 2075 tuos
2902 2000 3144 2076 fideles
3190 2016 3491 2096 nostrOS,

660 2131 914 2226 quibus
944 2150 1155 2224 super
1181 2129 1317 2201 hoc
1345 2130 1743 2223 plenissime
1785 2129 2300 2224 beneplacitum
2331 2128 2981 2219 nostre-majestatis
3026 2129 3497 2223 expressimus

663 2263 730 2326 et
762 2252 974 2355 fidem
1006 2253 1391 2347 plenariam
1417 2252 1751 2324 adhibere
1787 2261 1854 2323 te
1881 2253 2232 2343 volumus,
2264 2250 2976 2346 sufficienter-‘poteris
3008 2250 3389 2322 informari.

586 2952 593 2957 ,
762 2861 1251 2946 Innocentius
1294 2889 1496 2973 papa
1552 2861 2088 2974 Argentinensi
2132 2863 2484 2972 episcopo
2530 2862 2660 2972 qui
2714 2861 3080 2970 oppidum
3131 2860 3226 2942 de
3281 2859 3490 2944 Gen-

662 2997 1006 3107 genbach
1079 3007 1478 3108 castraque
1550 2999 1648 3081 de
1716 2996 2059 3108 Malberg
2128 3008 2205 3079 et
2269 2995 2754 3105 Ortemberg,
2797 3021 2992 3105 quae
3064 2992 3488 3079 Fridericus

661 3131 1054 3241 quondam
1104 3131 1519 3241 imperator
1563 3130 1662 3214 ab
1706 3130 2021 3213 ecclesia
2065 3128 2611 3240 Bambergensi
2652 3129 2957 3212 tenebat
3009 3128 3085 3209 in
3129 3127 3485 3235 feudum,

663 3264 822 3347 suis
869 3264 1301 3373 sumptibus
1336 3263 1570 3372 cepit,
1613 3253 1957 3347 coneedit
2002 3274 2091 3347 ut
2138 3265 2405 3346 eadem
2446 3273 2697 3345 castra
2749 3289 2905 3345 non
2951 3262 3246 3371 possint
3292 3260 3490 3346 alie-

661 3396 830 3477 nari
866 3396 1015 3478 nisi
1049 3396 1264 3505 prius
1299 3397 1369 3478 ei
1424 3397 1520 3479 de
1554 3397 1903 3505 expensis
1940 3397 2100 3479 suis
2136 3396 2361 3479 fuerit
2399 3396 2734 3505 plenarie
2773 3395 3274 3479 satisfactum.

832 3635 1039 3715 (Edid.
1063 3638 1477 3718 Senonum«,
1490 3634 1687 3699 Ahar.
1709 3635 2038 3717 diplomat„
2062 3646 2111 3700 t.
2135 3637 2185 3714 1,
2211 3650 2282 3699 n*
2304 3637 2687 3715 CCCCLXII,
2712 3654 2745 3698 e
2770 3639 2903 3699 ced.
2928 3639 3056 3699 Mss
3077 3638 3232 3700 Blbi.
3263 3638 3484 3717 Vatis„

901 3752 971 3804 n⁰
1009 3753 1200 3822 ⁷1833
1239 3759 1481 3804 erronee
1521 3761 1663 3804 vero
1704 3743 1985 3821 Gregorio
2023 3761 2183 3804 nono
2206 3762 2332 3804 rem
2367 3745 2601 3806 tribuit.
2636 3746 2877 3806 Rectius
2923 3752 3124 3805 tamen
3178 3746 3485 3822 epistolam

898 3849 1105 3910 denuo·
1124 3850 1367 3912 exbibet
1391 3847 1628 3926 ibide-⁸,
1657 3867 1731 3927 ρ.
1749 3859 1888 3922 399,
1922 3868 1955 3909 e
1984 3853 2187 3929 regist.
2221 3854 2394 3929 epist.
2427 3867 2584 3911 anno
2615 3853 2692 3928 V,
2727 3853 2908 3926 epist.
2935 3851 3110 3931 868.)

759 4059 1208 4132 Innocentius
1219 4058 1334 4155 (a).
1356 4059 1746 4156 episcopm,
1784 4081 2030 4132 servus
2066 4082 2428 4133 servorum
2468 4059 2628 4149 Dei,
2661 4060 3048 4131 venerabili
3095 4061 3316 4133 fratri.
3377 4115 3397 4134 .
3459 4115 3479 4134 .

664 4181 1161 4275 Argentinensi
1208 4182 1545 4284 episcopo
1587 4185 1883 4256 salutem
1926 4193 2004 4256 et.
2045 4183 2502 4280 apostolicam.
2534 4182 3124 4255 benedictionem.
3172 4185 3276 4256 Ne
3320 4185 3492 4259 inde

664 4304 887 4400 possis
904 4306 1269 4379 innui-rere-
1278 4307 1541 4381 damna
1565 4308 1759 4380 unde
1786 4309 2120 4381 meruisse
2147 4306 2574 4400 dignosceris
2594 4307 3038 4380 commodum
3057 4319 3132 4380 et
3145 4309 3490 4402 favorem,

666 4427 963 4501 libenter
1002 4431 1417 4526 apponimus
1460 4432 1844 4504 remedium
1885 4441 1957 4503 et
2000 4433 2367 4504 cautelam.
2414 4430 2583 4502 Cum
2635 4430 2872 4523 igitur,
2906 4431 3086 4503 sicut
3125 4440 3318 4527 patet
3360 4454 3492 4528 per

666 4570 907 4647 opera,
928 4574 1021 4625 ex
1044 4564 1242 4649 parte
1279 4565 1394 4626 tua
1432 4555 1641 4628 fuerit
1674 4555 2104 4651 propositum
2130 4576 2365 4628 coram
2390 4552 2594 4628 nobis
2623 4553 2819 4648 quod'
2840 4553 3174 4651 oppidum
3193 4554 3282 4628 de
3300 4556 3483 4630 Gen·
3576 4546 3584 4554 ’

748 4752 831 4833 (a)
877 4755 949 4816 In
975 4754 1102 4815 cod.
1140 4753 1469 4837 &aym-im,
1500 4757 1676 4819 male.

3607 2877 3811 2929 Lugduni
3823 2910 3840 2933 ‚

3636 2933 3810 2986 Sjunss.
