4525 6031
766 651 969 711 lenter.
1000 648 1093 725 5.]
1662 647 2056 711 HISTORIA
2103 648 2699 714 manufirma,
3388 669 3394 676 ’
3472 650 3592 712 55Ἷ

765 781 1251 875 Lugdunensis
1289 781 1555 854 itineris
1596 784 1857 875 objecit
1893 784 2211 878 ingressu
2252 805 2494 856 rumor
2532 782 2928 878 inopinatus
2964 782 3056 854 de
3087 783 3332 856 Parme
3377 782 3595 859 infida

766 905 1147 978 rebellione
1177 906 1511 977 nuncium
1540 907 1925 1002 proferens,
1951 929 2165 1000 qnam
2193 909 2574 1000 ejectorum
2607 907 2876 979 dudum
2897 928 3036 1001 ‘per
3063 907 3326 980 nefarie
3353 907 3593 1002 prodi-

767 1029 975 1101 tionis
1007 1029 1342 1101 offensam
1371 1026 1759 1100 infidelium
1786 1030 2191 1125 repentinus
2216 1030 2562 1120 incursus,
2601 1030 3070 1101 mediantibus
3093 1029 3357 1101 fraudis
3383 1029 3596 1102 intes·

768 1151 914 1223 tine
938 1151 1306 1244 suffragiiS,
1342 1152 1737 1247 occupavit.
1764 1153 2144 1226 Prehentes
2174 1153 2386 1245 igitur
2413 1150 2885 1225 necessarium
2908 1149 3185 1224 firmato
3208 1152 3321 1224 vie
3357 1162 3594 1225 nostre

750 1269 1126 1371 'processui
1176 1275 1433 1348 modici
1490 1276 1822 1372 temporis
1872 1277 2354 1366 intervallum,
2393 1276 2465 1347 in
2512 1275 2950 1348 obsidionem
2992 1275 3237 1347 Parme
3279 1274 3595 1349 victricia

766 1397 966 1489 signa
993 1408 1234 1471 nostra
1257 1398 1753 1490 convertimus,
1794 1399 2005 1471 totius
2034 1399 2109 1471 in
2141 1421 2224 1472 ea
2250 1400 2515 1473 bellum
2547 1398 2847 1492 Ligur-ie,
2878 1399 3071 1492 quod
3103 1400 3398 1472 latenter
3423 1399 3590 1496 hac-

768 1531 974 1594 tenus
996 1522 1377 1612 nutriebat,
1412 1543 1544 1617 pro
1576 1531 1746 1596 voto
1781 1520 2093 1595 fidelium
2132 1523 2609 1619 potentissime
2639 1523 2950 1619 paraturi
2983 1544 3002 1588 ε
3037 1544 3170 1595 nec
3197 1531 3302 1595 est
3334 1523 3593 1596 etenim

767 1643 1019 1718 habilis
1044 1645 1433 1718 resistentie
1463 1647 1686 1736 locus,
1723 1667 1936 1741 quem
1967 1668 2328 1721 murorum
2358 1668 2502 1719 non
2528 1645 2756 1718 munit
2781 1645 3083 1718 ambitus
3109 1655 3232 1718 aut
3262 1647 3591 1719 concavi-

770 1777 876 1841 tas
904 1769 1319 1842 foaeatorum
1335 1823 1356 1860 ,
1383 1778 1457 1841 et
1492 1790 1702 1863 quem
1727 1770 2280 1844 necessariorum
2311 1770 2636 1843 habilitas
2661 1770 2942 1865 copiosa
2966 1792 3111 1844 non
3139 1771 3402 1865 replet;
3429 1792 3591 1842 cum

767 1901 1057 1989 propter
1084 1892 1292 1964 subiti
1329 1897 1531 1966 ca'sus
1560 1893 1979 1988 perniciem,
2015 1894 2191 1966 nihil
2228 1895 2396 1967 illuc
2425 1916 2523 1966 ex
2554 1894 2909 1990 proposito
2949 1894 3162 1965 fuerit
3199 1904 3594 1989 comporta-

769 2024 961 2107 tum3
998 2036 1210 2109 quem
1242 2016 1526 2088 demum
1562 2017 2011 2110 fugitivorum
2047 2040 2300 2091 manus
2331 2019 2660 2091 timorosa
2695 2014 2897 2115 [non]
2935 2018 3268 2109 tuebitur,
3310 2018 3370 2089 si
3408 2018 3594 2091 vires

767 2138 1045 2234 publice
1075 2139 1384 2213 tuitionis
1409 2162 1764 2214 assumere
1793 2142 2242 2235 nequierunt,
2270 2141 2395 2237 qui
2426 2140 2706 2236 proprie
2738 2141 2881 2213 vite
2921 2161 3121 2234 spem
3153 2139 3493 2213 hactenus
3518 2142 3593 2213 in

767 2261 918 2334 solo
947 2263 1111 2353 fuge
1138 2263 1406 2356 refugio
1436 2274 1844 2357 posuerunt.
1884 2265 2055 2335 Cum
2086 2265 2297 2356 igitur
2326 2286 2422 2339 ex
2450 2264 2917 2359 descriptione
2947 2266 3374 2359 presentium
3402 2266 3594 2338 labo-

768 2404 923 2457 rum
961 2395 1361 2458 nostrorum
1400 2384 1615 2459 finem
1662 2387 1846 2459 circa
1886 2387 2144 2480 Ligurii
2190 2386 2359 2459 belli
2397 2387 2724 2480 reliquias
2759 2385 3060 2460 finaliter
3095 2397 3170 2460 et
3201 2388 3594 2482 specialiter

765 2509 1227 2580 conterendas
1267 2509 1623 2603 imponere
1654 2510 2136 2600 intendamus3
2173 2510 2541 2604 presertim
2578 2532 2740 2582 cum
2783 2510 2875 2582 de
2916 2510 3285 2583 Germania
3324 2511 3588 2584 charis·

767 2631 924 2702 simi
955 2628 1077 2702 filii
1110 2632 1329 2704 nostri
1360 2633 1654 2705 Com-adi
1695 2634 1766 2704 in
1807 2635 2277 2705 Romanorum
2308 2654 2545 2725 regem
2596 2632 2800 2704 electi
2840 2644 2911 2704 et
2950 2634 3149 2725 regni
3190 2634 3586 2732 Hierosoly-

767 2755 1009 2827 mitani
1042 2754 1322 2827 heredis
1346 2777 1422 2827 se
1449 2755 1851 2851 suppliciter
1874 2756 2283 2828 incurvante
2316 2755 2689 2847 mandatiS,
2705 2756 2964 2827 nullius
2987 2776 3195 2832 causa
3219 2756 3592 2832 dubitatio-

766 2880 874 2950 nis
899 2890 1242 2972 assurgat,
1275 2879 1520 2974 spiritu
1551 2879 2073 2952 confortationis
2103 2889 2485 2973 assumpto,
2515 2877 2812 2951 servitiis
2839 2880 3093 2952 nostris
3119 2880 3590 2954 indesinenter

770 3003 1082 3096 intende,
1104 3024 1189 3076 ac
1215 3000 1523 3075 fidelium
1552 3012 1949 3076 nostrorum
1975 3003 2334 3099 provincie
2364 3002 2486 3075 tibi
2514 3003 2795 3078 decrete
2820 3003 3114 3095 animoe,
3142 3026 3321 3102 quos
3345 3006 3591 3079 absen-

769 3127 861 3199 tie
891 3136 1127 3200 nostre
1164 3127 1510 3198 consumit
1537 3127 1885 3220 anxietaS,
1925 3128 2265 3224 presentis
2301 3128 2616 3201 lectionis
2648 3150 2833 3201 nova
2861 3127 3230 3223 letifieent,
3266 3130 3366 3201 sic
3397 3131 3588 3226 quod

768 3274 896 3324 nos
941 3252 1030 3324 de
1073 3262 1142 3325 te
1184 3260 1256 3322 et
1302 3251 1472 3346 ipsis
1517 3251 1930 3344 obsequiosa
1970 3250 2269 3326 fidelitas
2307 3262 2378 3324 et
2419 3253 2768 3326 fructuosa
2801 3252 3080 3326 devotio
3112 3252 3414 3326 reddant
3448 3255 3586 3325 fre·

768 3377 1095 3470 quentius
1127 3398 1320 3449 more
1349 3376 1551 3448 solito
1582 3376 1887 3449 letiores.
2409 3383 2412 3388 ’

870 3900 1334 4005 FridericuS,
1393 3899 1913 3981 Romanorum
1975 3899 2417 4007 imperator,
2473 3898 2780 3982 cuidam
2839 3899 3185 4022 Tusciae
3223 3927 3582 3985 commu-

764 4031 983 4114 nitati
1017 4032 1336 4113 mandat
1368 4031 1576 4136 quod
1630 4030 1883 4108 mittat
1925 4030 2023 4108 ad
2058 4030 2476 4111 exercitum
2522 4054 2789 4112 omnes
2841 4029 3285 4138 bellatoreS,
3335 4062 3581 4143 quum

762 4159 861 4248 de
894 4157 1239 4269 proxima
1274 4157 1443 4241 dedi
1455 4157 1655 4241 tione
1687 4158 2007 4242 Parmae
2039 4158 2400 4242 fiduciam
2436 4159 2603 4269 J‘am
2638 4162 3085 4270 conceperit.

924 4344 1118 4424 (mn.
1153 4363 1250 4425 ep.
1294 4344 1558 4408 Patriae
1594 4313 1959 4426 mepta„
2003 4348 2110 4409 nb.
2156 4349 2280 4427 m,
2323 4365 2455 4428 eep.
2495 4349 3007 4427 Lxxxvl;eo11.
3049 4368 3192 4414 eum
3232 4353 3368 4415 eoa.
3415 4355 3570 4417 mhi.
3659 4351 3662 4354 “

1000 4451 1199 4514 Cesar.
1226 4453 1442 4533 Paris,
1453 4451 1639 4532 fonds
1662 4454 2069 4529 Nom-Dama,
2097 4462 2212 4514 202
2240 4461 2457 4517 etcum
2481 4456 2725 4519 diversis
2751 4464 2882 4520 tum
2906 4458 3156 4538 Angllae
3173 4466 3200 4521 t
3215 4475 3317 4523 um
3340 4460 3578 4522 Germa·

995 4557 1134 4617 niae
1164 4556 1513 4637 codicibus.)

855 4715 1275 4807 Friderieus,
1310 4728 1446 4791 ete.
1487 4717 1579 4791 ut
1611 4718 1701 4790 de
1737 4718 2052 4793 felicibus
2086 4720 2500 4795 excellentie
2548 4730 2783 4796 nostre
2821 4722 3264 4816 processibus
3297 4745 3571 4799 recrea-

915 4837 1023 4900 VI.
1066 4854 1177 4899 rm
1195 4857 1240 4900 π.
3179 4857 3244 4908 '71

3722 3930 3767 3981 [J
3774 3932 3899 3982 ulio.]
