4525 6031
1103 720 1222 782 ’ΠΟ
2102 712 2533 774 numme!
2583 709 2936 773 saeuum
3541 712 3707 791 [Amr.
3743 713 3922 779 1250.

1100 854 1474 927 devotione
1505 851 1907 923 subvertat:
1937 848 2057 942 qui
2086 849 2142 920 si
2169 849 2377 920 rebus
2405 846 2750 920 ordinarie
2773 845 3315 941 procedentibus
3335 847 3766 923 rectitudinis
3793 850 3929 945 spi-

1100 976 1238 1049 ritu
1284 977 1683 1064 duceretur,
1740 974 2030 1046 deberet
2064 982 2311 1045 contra
2361 970 2791 1043 christicolas
2836 991 3028 1040 arma
3076 969 3430 1064 deponere
3483 983 3559 1045 et
3598 972 3670 1045 in
3715 973 3925 1047 Terra

1098 1102 1350 1173 Sancte
1384 1098 1770 1199 subsidium
1790 1150 1809 1186 ,
1842 1119 2052 1189 quam
2081 1096 2394 1189 quolibet
2439 1093 2843 1188 inspicimus
2870 1093 3133 1165 auxilio
3162 1094 3559 1167 destitutam
3578 1147 3600 1180 ,
3639 1095 3923 1169 univer·

1098 1224 1335 1295 saliter
1355 1244 1399 1294 a
1431 1221 1680 1293 Christi
1716 1219 2037 1292 fidelibus
2057 1219 2405 1291 advocare
2430 1215 2530 1312 (a)
2564 1238 2996 1289 succursum.
3022 1217 3262 1288 Preter
3290 1218 3433 1289 alia
3447 1239 3750 1313 namque
3777 1218 3922 1297 dis.-

1099 1346 1427 1433 crimina,
1464 1365 1602 1439 que
1636 1365 1763 1438 per
1788 1343 2118 1414 unionem
2164 1342 2497 1438 sopiende
2530 1338 2877 1412 discordie
2900 1340 3082 1412 inter
3109 1360 3238 1412 nos
3269 1350 3342 1412 et
3376 1363 3724 1415 summum
3757 1363 3924 1436 pon-

1099 1468 1353 1541 tificem
1413 1468 1920 1563 procurandam
1951 1521 1971 1558 ,
2046 1476 2230 1538 totus
2298 1468 2442 1537 sere
2506 1466 2653 1557 jam
2726 1465 3031 1537 mundus
3083 1464 3311 1558 pontit
3370 1465 3671 1555 evitate,
3734 1486 3921 1541 nunc

1097 1592 1473 1663 miserabili
1522 1590 1748 1680 casui,
1794 1612 2004 1683 quem
2053 1612 2197 1661 non
2258 1589 2407 1661 sine
2457 1587 2623 1660 fidei
2682 1587 3049 1683 dispendio
3088 1587 3482 1660 audivimus
3512 1589 3825 1661 evenisse
3849 1590 3920 1660 in

1096 1716 1409 1812 partibus
1443 1714 1953 1804 transmarinis,
1996 1713 2238 1785 suisset
2264 1713 2442 1784 forte
2477 1712 2847 1784 salubriter
2878 1721 2949 1782 et
2970 1711 3300 1784 adcurate
3332 1713 3684 1806 provisum
3713 1741 3734 1804 3
3763 1735 3919 1785 cum

1094 1840 1358 1911 ibidem
1390 1849 1697 1909 nostram
1735 1839 1847 1910 vel
1881 1836 2185 1909 filiorum
2206 1846 2601 1909 nostrorum
2633 1835 3088 1932 presentiam,
3121 1857 3332 1929 quam
3369 1837 3664 1937 libenter
3692 1847 3762 1908 et
3793 1837 3924 1909 fre-

1095 1972 1393 2061 quenter
1429 1962 1848 2050 obtulimus,
1879 1961 2138 2033 habere
2173 1961 2483 2061 potuerit
2509 1960 2929 2032 fructuosam
2952 2013 2973 2051 ,
3005 1959 3061 2029 si
3095 1959 3311 2054 petite
3350 1982 3475 2054 per
3504 1982 3631 2031 nos
3668 1961 3919 2033 multo-

1096 2088 1225 2158 ties
1249 2087 1438 2180 pacis
1468 2086 1699 2157 savere
1732 2086 2023 2178 negocio
2055 2085 2419 2157 voluisset.
2455 2085 2598 2156 Nos
2633 2084 2816 2154 enim
2845 2082 2965 2177 qui
2996 2093 3280 2183 propter
3309 2082 3644 2156 honorem
3677 2082 3916 2155 catho-

1096 2211 1226 2282 lice
1264 2209 1427 2282 fidei
1479 2220 1988 2283 sacrosanctam
2050 2211 2437 2280 Romanam
2478 2209 2855 2281 Ecclesiam
2903 2208 2975 2278 in
3025 2206 3347 2279 omnibus
3391 2229 3794 2279 reveremur
3841 2217 3920 2279 ut

1095 2344 1428 2423 matrem,
1481 2334 1780 2405 libenter
1823 2343 1900 2403 ut
1936 2343 2204 2428 patrem
2243 2354 2590 2404 summum
2623 2330 3020 2427 pontificem
3050 2332 3469 2421 coleremus,
3508 2332 3565 2402 si
3600 2332 3749 2426 ipse
3792 2352 3919 2419 nos

1094 2467 1175 2530 ut
1215 2456 1432 2529 filium
1474 2457 1709 2529 debita
1748 2457 2082 2528 relatione
2126 2467 2479 2529 tractaret.
2524 2456 2662 2527 Sed
2709 2456 2809 2527 sic
2857 2456 2931 2526 in
2964 2455 3255 2546 negocio
3290 2454 3443 2550 ipso
3482 2456 3642 2548 jura
3680 2466 3917 2529 nostra

1096 2582 1568 2673 defendimuS,
1614 2592 1692 2652 ut
1742 2603 1884 2652 non
1924 2583 2150 2653 solum
2186 2582 2390 2652 nobis
2416 2634 2435 2670 ,
2490 2580 2615 2652 sed
2652 2579 2852 2651 vobis
2887 2588 2957 2650 et
2984 2579 3414 2674 principibus
3444 2580 3597 2651 aliis
3627 2580 3915 2672 glorian

1096 2705 1185 2777 de
1219 2714 1458 2781 nostra
1490 2704 1893 2776 defensione
1932 2714 2316 2798 portemuS.
2358 2704 2497 2775 Vos
2543 2713 2815 2793 tamen,
2859 2725 3155 2796 quorum
3210 2703 3281 2773 in
3324 2701 3459 2774 boc
3503 2725 3641 2775 non
3687 2704 3916 2775 minus

1096 2840 1328 2901 vestra
1369 2850 1579 2900 causa
1619 2850 1829 2921 quam
1857 2837 2092 2898 nostra
2125 2849 2313 2898 nunc
2350 2828 2605 2920 agitur,
2652 2838 2722 2898 et
2757 2828 2829 2901 in
2862 2849 3043 2921 quos
3082 2827 3171 2898 de
3205 2826 3385 2901 facili
3418 2837 3653 2927 posset
3683 2825 3917 2921 hujus·

1098 2952 1284 3026 modi
1315 2952 1591 3024 refundi
1624 2951 2024 3044 negocium,
2062 2951 2162 3023 sic
2198 2961 2438 3046 aperte
2467 2951 2800 3024 videmini
2822 2952 3172 3047 presentia
3195 2951 3375 3024 facta
3393 2953 3775 3045 negligere,
3800 2953 3910 3024 vel

1097 3098 1310 3171 super
1326 3077 1427 3148 eis
1451 3077 1688 3171 potius
1709 3076 2088 3150 dormitare
2102 3129 2138 3164 ,.
2179 3085 2517 3170 tanquam
2540 3076 2597 3150 si
2619 3098 2746 3148 vos
2772 3076 2847 3148 in
2866 3076 3062 3150 nulla
3084 3085 3280 3170 parte
3299 3076 3809 3169 contingerent,
3843 3087 3915 3149 et

1097 3201 1190 3271 de
1219 3200 1480 3270 honore
1502 3210 1744 3270 nostro
1777 3221 1950 3271 cura
1972 3200 2171 3272 vobis
2202 3200 2685 3273 sollicitudinis
2716 3222 2855 3272 non
2882 3199 3184 3274 adesset.
3217 3200 3385 3286 Quis
3422 3200 3611 3273 enim
3643 3201 3911 3278 cant-m

1097 3322 1354 3393 modus
1378 3323 1449 3392 in
1486 3323 1687 3394 vobis
1719 3333 1790 3393 et
1821 3323 2100 3413 regibus
2130 3323 2284 3395 aliis
2314 3324 2385 3396 in
2410 3347 2575 3396 casu
2603 3323 2808 3396 simili
2837 3334 3263 3415 remaneret,
3293 3325 3351 3398 si
3378 3346 3658 3397 causam
3691 3326 3909 3420 ipsam

1100 3448 1450 3518 Romanus
1469 3447 1823 3538 Augustus
1849 3447 2254 3518 desereret?
2281 3448 2409 3522 Vel
2430 3468 2731 3542 quorum
2759 3447 3032 3520 humeri
3059 3449 3153 3522 ad
3176 3470 3393 3522 onera
3412 3449 3545 3522 ista
3567 3451 3907 3544 portanda

1096 3569 1515 3660 sufficerent,
1544 3570 1606 3640 si
1633 3571 1813 3640 colla
1834 3580 2069 3642 nostra
2095 3571 2508 3646 subtrahere.
2537 3572 2629 3644 ab
2650 3571 3053 3643 eorumdem
3073 3593 3369 3644 onerum
3388 3573 3908 3666 supportatione

1095 3693 1484 3763 vellemus?
1510 3693 1768 3763 Verum
1809 3715 1968 3764 cum
1999 3693 2125 3763 iste
2161 3695 2469 3766 Romane
2490 3694 2692 3766 Sedis
2710 3695 3026 3785 antistes,
3063 3695 3156 3767 ab
3186 3716 3269 3767 ea
3300 3694 3587 3767 forsitan
3620 3696 3909 3770 devians

1096 3816 1352 3910 pietate
1383 3837 1592 3907 quam
1631 3816 1981 3909 predicat,
2019 3838 2440 3912 quocunque
2472 3819 2681 3890 modo
2730 3820 2995 3913 poterit.
3033 3819 3225 3911 (licet
3262 3828 3502 3891 contra
3534 3842 3662 3892 nos
3704 3843 3907 3894 suum

1092 3960 1296 4034 posse
1342 3961 1482 4011 non
1519 3941 1784 4032 valeat)
1821 3951 1961 4010 tam
1993 3939 2066 4011 in
2095 3939 2385 4034 imperio
2418 3963 2629 4033 quam
2666 3942 2738 4014 in
2782 3942 3012 4034 regnis
3058 3952 3365 4014 nostram
3400 3942 3659 4018 nitatur
3690 3944 3907 4020 offen-

1091 4063 1257 4135 dere
1320 4065 1756 4155 majestatem
1780 4116 1800 4153 ,
1868 4074 2098 4136 motus
2147 4073 2421 4136 nostros
2472 4085 2709 4137 arcere
2768 4086 2908 4137 non
2977 4086 3345 4160 possumus
3392 4066 3565 4160 quin
3623 4088 3903 4142 causam

1089 4189 1395 4259 nostram
1424 4199 1496 4258 et
1520 4187 1814 4257 aliorum
1840 4187 2165 4279 injuriam
2192 4187 2484 4262 viriliter
2508 4200 2844 4262 tueamur.
2880 4189 3317 4284 Requirimus
3339 4190 3548 4281 igitur
3579 4200 3651 4262 et
3676 4191 3906 4266 adfec-

1089 4310 1348 4380 tionem
1402 4319 1708 4381 vestram
1745 4331 2071 4401 rogamus
2108 4320 2373 4383 attente
2425 4321 2769 4404 quatenus
2810 4312 3206 4404 diligentius
3246 4312 3695 4386 advertentes
3731 4337 3902 4407 qua-„-

1090 4431 1252 4503 liter
1282 4453 1591 4503 summus
1633 4433 1950 4526 pontifex
1988 4434 2131 4505 suis
2162 4433 2465 4524 viribus,
2515 4435 2635 4530 qui
2681 4435 2852 4508 nibil
2904 4434 3159 4507 habere
3191 4436 3402 4508 debet
3436 4459 3594 4509 cum
3626 4437 3897 4530 gladio,

1086 4577 1229 4627 non
1260 4564 1630 4627 contentus
1653 4606 1682 4644 ,
1705 4555 1778 4625 in
1804 4555 2110 4630 alienam
2132 4578 2430 4628 messem
2463 4557 2715 4630 falcem
2743 4569 3313 4654 presumptuosus
3344 4560 3684 4651 immittit,
3723 4572 3796 4633 et
3825 4572 3903 4638 ut

1086 4699 1229 4750 non
1256 4679 1461 4769 longe
1494 4687 1772 4771 petatur
1801 4698 1844 4748 a
1873 4678 2073 4749 vobis
2105 4680 2545 4774 exemplum,
2578 4682 2876 4774 qualiter
2906 4682 2980 4752 in
3012 4703 3231 4774 regno
3256 4683 3647 4777 Portugalie
3679 4683 3901 4756 hono·

1169 4814 1253 4895 (a)
1297 4817 1369 4875 In
1393 4817 1594 4877 codice
1619 4832 1878 4893 ουσιαι-η
1906 4819 2103 4878 minus
2136 4825 2311 4878 recte.
