4525 6031
1023 641 1154 703 984
1967 641 2211 700 INDEX
2264 641 2958 702 DOGUMENTORUM.

1055 840 1284 917 1248

1032 974 1106 1027 18
1131 969 1303 1044 april.

1402 967 1702 1046 Lugduni.
1804 1000 1886 1013 —
1925 969 2275 1032 Germaniae
2299 973 2575 1050 praelatis
2598 971 2801 1032 scribit
2822 973 2985 1056 quod
3017 988 3155 1032 cum
3182 970 3519 1033 Friderieus
3545 975 3680 1049 post
3705 988 3876 1034 suam

1883 1068 1946 1126 in
1981 1070 2229 1129 concilio
2274 1069 2658 1146 Lugdunensi
2706 1069 3134 1144 depositionem
3175 1085 3298 1128 non
3358 1069 3547 1129 solum
3607 1068 3685 1128 ad
3730 1084 3875 1143 pur-

1884 1165 2082 1242 ganda
2108 1166 2359 1225 crimina
2382 1167 2582 1225 venire
2606 1165 2956 1242 neglexerit,
2985 1165 3093 1225 sed
3118 1168 3297 1225 etiam
3317 1167 3383 1225 in
3400 1166 3640 1226 clericos
3658 1180 3876 1241 quam-

1883 1260 2019 1320 dam
2048 1262 2437 1323 execrabilem
2463 1265 2828 1323 sanctionem
2848 1263 3098 1323 edixerit
3117 1307 3134 1336 ,
3166 1264 3291 1339 ipse
3317 1265 3381 1322 in
3407 1279 3543 1323 eum
3571 1263 3668 1322 die
3706 1263 3876 1322 Jovis

1881 1362 2069 1419 sancti
2095 1360 2486 1420 anathematis
2511 1365 2869 1421 sententiam
2899 1363 3229 1421 innovavit.
3754 1367 3871 1419 614

1401 1460 1703 1539 Lugduni.
1800 1487 1884 1499 -
1923 1457 2167 1517 Mandat
2203 1466 2272 1517 ut
2314 1457 2469 1518 bona
2503 1461 2771 1519 omnium
2817 1459 3208 1518 Januensium
3245 1457 3349 1534 qul
3372 1455 3673 1518 Friderieo
3695 1457 3869 1515 auxi-

1881 1554 2028 1613 llum
2050 1554 2141 1614 vel
2162 1553 2424 1614 favorem
2444 1562 2768 1630 praestant,
2788 1555 3188 1631 publicentur,
3210 1554 3395 1630 ipsius
3412 1553 3741 1612 communis
3766 1552 3869 1611 Ja-

1880 1666 2034 1711 nuae
2064 1651 2274 1710 usibus
2304 1652 2689 1728 applicanda,
2722 1659 2837 1712 etc.
3752 1658 3865 1709 617

1401 1739 1702 1827 Lugduni.
1801 1780 1881 1792 —
1922 1749 1997 1808 Ο.
2012 1749 2262 1809 Sanctae
2285 1749 2509 1809 Mariae
2526 1751 2588 1808 in
2610 1750 2721 1810 Via
2740 1751 2885 1810 Lata
2900 1749 3154 1828 diacono
3171 1748 3475 1818 cardinali,
3495 1746 3870 1823 Apostolicae

1878 1845 2047 1905 Sedis
2075 1848 2300 1923 legato,
2333 1847 2577 1906 mandat
2602 1855 2670 1906 ut
2700 1846 2854 1907 iiiios
2881 1855 2941 1907 et
2964 1853 3206 1924 nepotes
3231 1847 3520 1906 Friderici
3545 1861 3870 1921 omnesque

1880 1947 2007 2020 ejus
2051 1944 2315 2004 fautores
2354 1947 2706 2004 nominatim
2746 1948 3252 2018 excommunicet,
3281 1959 3637 2021 crucemque
3663 1950 3869 2003 contra

1879 2043 2185 2101 Ezeliuum
2213 2043 2288 2103 de
2314 2044 2584 2102 Romano
2610 2044 2934 2119 praedicet,
2966 2050 3076 2104 ete.
3747 2049 3864 2101 618

1399 2135 1699 2213 Lugduni.
1799 2171 1877 2184 -
1919 2140 2224 2216 Episcopis
2255 2141 2672 2217 Ratisponensi
2698 2149 2759 2200 et
2785 2142 3124 2202 Missinensi
3151 2140 3400 2200 mandat
3423 2137 3585 2215 quod
3627 2140 3691 2199 in
3731 2153 3865 2198 ma-

1876 2244 2082 2314 gnates
2123 2238 2290 2315 regni
2339 2237 2653 2298 Bohemiae
2701 2254 2875 2315 agere
2921 2238 3177 2298 debeant
3220 2239 3325 2314 qui
3342 2282 3360 2314 ‚
3432 2253 3608 2296 cruce
3658 2243 3867 2297 eontra

1875 2334 2243 2394 Frldericum
2272 2342 2608 2409 assumpta,
2634 2335 2712 2394 ad
2740 2340 2935 2409 partes
2957 2338 3086 2412 ejus
3116 2334 3443 2404 redierunt,
3474 2340 3591 2394 etc.
3746 2341 3863 2393 935

1025 2444 1096 2496 15
1135 2438 1292 2496 man,
1396 2427 1701 2504 Lugduni.
1795 2460 1876 2472 —-
1916 2429 2134 2489 Abbati
2160 2432 2426 2507 Augeusi
2454 2435 2802 2507 regratiatur
2827 2433 3010 2507 quod,
3038 2433 3255 2492 omissa
3275 2434 3451 2508 priori
3479 2430 3862 2508 negligentia,

1876 2528 2248 2590 Hartmauno
2274 2530 2350 2589 de
2384 2530 2613 2608 Kiburg
2652 2539 2714 2590 et
2739 2532 2869 2591 aliis
2894 2532 3250 2592 Germaniae
3274 2530 3593 2590 comitibus
3618 2530 3866 2589 viriliter

1873 2633 2082 2687 contra
2134 2628 2473 2687 Conradum
2524 2628 2806 2688 Friderici
2857 2629 3054 2688 filium
3108 2629 3432 2699 adstiterit,
3493 2643 3748 2704 eumque
3797 2630 3860 2686 in

1871 2726 2124 2801 gratiam
2154 2724 2449 2784 Ecclesiae
2475 2727 2743 2784 resumit.
3744 2731 3858 2782 622

1018 2834 1095 2885 25
1128 2829 1291 2886 mail.
1392 2814 1693 2892 Lugduni.
1790 2851 1869 2862 -
1910 2820 2205 2882 Omnibus
2243 2838 2346 2897 per
2391 2838 2637 2899 regnum
2674 2822 3215 2882 Jerosolimitanum
3252 2823 3590 2881 constitutis
3618 2820 3862 2880 mandat

1869 2917 2030 2994 quod
2076 2919 2457 2978 Thomasium
2503 2921 2775 2978 comitem
2813 2919 3165 2979 Acerramm
3192 2918 3475 2977 Friderici
3508 2919 3770 2994 legatum
3809 2919 3861 2976 si

1868 3014 1995 3074 fieri
2031 3019 2214 3091 possit
2239 3017 2572 3094 expellant,
2603 3017 2847 3077 Pisanos
2876 3018 3091 3077 vexilla
3118 3015 3386 3092 ejusdem
3413 3014 3693 3075 Frlderici
3725 3032 3859 3089 por-

1866 3118 2061 3172 tantes
2082 3120 2485 3190 compescant,
2507 3130 2697 3190 neque
2719 3130 2998 3188 praesens
3017 3116 3183 3190 regni
3202 3112 3533 3173 dominium
3552 3112 3859 3170 immutari

1868 3212 2232 3285 permittant.
3737 3216 3854 3268 623

1253 3348 1271 3367 .
1385 3300 1685 3377 Lugduni.
1792 3334 1867 3347 -
1907 3304 2197 3380 Episcopo
2231 3305 2651 3381 Argentinensi
2686 3308 2791 3382 qui
2830 3306 2955 3366 suis
3000 3303 3340 3380 sumptibus
3372 3304 3527 3378 cepit
3561 3304 3856 3379 quaedam

1867 3407 2060 3459 eastra
2100 3419 2252 3478 quae
2298 3403 2629 3462 Fridericus
2675 3402 2752 3462 ab
2794 3404 3041 3463 ecclesia
3074 3400 3488 3478 Bambcrgcnsi
3521 3400 3763 3460 tenebat
3789 3404 3854 3459 in

1865 3497 2138 3569 feudum,
2177 3499 2450 3558 coneedit
2483 3507 2549 3559 ut
2579 3501 2783 3558 eadem
2813 3505 3005 3559 castra
3028 3514 3147 3557 non
3173 3500 3404 3573 possint
3431 3498 3709 3566 alienari,
3738 3498 3855 3555 nisi

1864 3593 2027 3670 prius
2052 3596 2125 3654 de
2158 3599 2430 3671 expensis
2458 3596 2637 3656 fuerit
2666 3601 2717 3656 ei
2738 3598 2995 3672 plenarie
3021 3595 3415 3655 satisfactum.
3733 3602 3849 3652 627

1025 1473 1103 1526 26
1132 1466 1302 1542 april.

1025 1763 1100 1814 2⁷
1130 1756 1300 1832 april.

1864 3806 2000 3848 nem
2034 3790 2336 3866 quondam
2368 3794 2476 3867 ipsi
2502 3791 2687 3850 saetas
2708 3834 2723 3860 ,
2755 3792 3079 3867 specialiter
3107 3805 3282 3865 super
3313 3789 3683 3847 restitutione
3717 3803 3851 3846 cas-

1862 3894 2092 3947 trorum
2122 3888 2172 3945 N
2179 3888 2529 3965 uweuburg,
2547 3888 2878 3965 offenburg
2898 3895 2957 3947 et
2983 3884 3689 3962 Ortenberg,coniirmat.
3731 3893 3848 3945 640

1062 3990 1241 4065 [circa
1321 4026 1748 4047 .......
1782 4016 1864 4027 ——
1904 3986 2123 4060 Regem
2147 3987 2509 4045 Francorum
2530 3993 2729 4045 monet
2758 4004 2820 4045 se
2840 3987 3071 4045 nullum
3099 4002 3174 4044 ex
3202 3992 3364 4060 parte
3382 3983 3664 4043 Friderlci
3691 3990 3848 4043 trac-

1014 4088 1288 4166 ’1ulium.]
1860 4085 2051 4139 tatum
2101 4084 2260 4157 pacis
2305 4082 2737 4155 admissurum,
2781 4084 2893 4141 nisi
2940 4099 3074 4141 cum
3105 4081 3272 4157 pleno
3306 4081 3529 4140 honore
3556 4079 3850 4140 Ecclesiae

1861 4183 1920 4235 et
1966 4177 2075 4235 sub
2113 4194 2183 4236 ea
2223 4179 2561 4238 conditione
2609 4180 2771 4255 quod
2820 4180 2978 4238 idem
3019 4178 3350 4238 Fridericus
3389 4178 3487 4236 vel
3522 4177 3737 4253 aliquis
3774 4178 3850 4237 de

1860 4278 2137 4352 progenie
2189 4292 2298 4336 sua
2351 4293 2660 4353 nunquam
2715 4277 2789 4336 de
2833 4286 3023 4337 cetero
3070 4275 3148 4335 ad
3202 4276 3514 4351 imperium
3568 4290 3850 4334 assuma-

1863 4377 1978 4430 tur.
3728 4378 3839 4430 641

1054 4468 1242 4549 [aug.]
1651 4510 1666 4527 .
1731 4512 1745 4526 .
1781 4500 1862 4510 —
1902 4469 2231 4541 Quemdam
2269 4472 2592 4545 principem
2630 4478 2829 4530 monet
2860 4487 2935 4529 ne
2970 4470 3133 4529 falsis
3160 4485 3312 4545 quae
3338 4469 3411 4526 de
3436 4484 3578 4544 pace
3603 4469 3757 4526 inter
3782 4485 3847 4528 se

1861 4571 1920 4623 et
1968 4566 2333 4625 Fridericum
2385 4567 2685 4642 quondam
2743 4569 3152 4642 imperatorem
3211 4564 3584 4625 reformanda
3642 4564 3843 4625 referri

1857 4669 2117 4736 possent,
2149 4663 2328 4722 fidem
2346 4663 2643 4734 adhibeat,
2673 4664 2816 4722 dum
2847 4665 3044 4722 nuntii
3071 4680 3220 4740 quos
3247 4680 3351 4721 rex
3381 4663 3742 4721 Francorum
3767 4678 3844 4720 ex

1854 4765 2020 4835 parte
2044 4760 2312 4837 ejusdem
2339 4759 2617 4820 Friderici
2650 4760 2840 4821 audiit
2867 4778 2972 4838 spe
2996 4760 3260 4820 frustrati
3285 4758 3555 4819 abierint.
3725 4766 3838 4818 644
