4525 6031
1781 646 2409 710 AanAMEN‘rA.
3388 647 3505 710 921

679 784 962 858 nomine
996 781 1396 877 supradicto
1429 803 1796 856 commune
1834 783 2223 879 predictum
2261 791 2562 873 tenetur,
2608 791 2689 853 ut
2711 781 2977 874 justum
3004 793 3145 873 est,
3178 787 3513 860 exolvant

681 909 981 999 eisdem,
1035 908 1152 979 vel
1197 905 1271 978 in
1323 928 1594 979 summa
1639 907 1856 1002 ipsius
1898 908 2231 1003 pecunie,
2269 928 2480 1000 quam
2531 906 2889 977 annuatim
2940 906 3031 977 ab
3085 906 3253 1001 ipsis
3304 931 3508 981 occa-

680 1034 874 1106 sione
916 1030 1305 1103 exactionis
1353 1031 1752 1124 requirunt,
1809 1030 2115 1104 debeant
2155 1051 2634 1127 compensare.
2672 1030 2821 1101 Tibi
2874 1052 3043 1103 vero
3094 1031 3509 1106 mandamus

679 1156 1036 1251 quatinus,
1090 1155 1149 1227 si
1197 1154 1532 1249 premissa
1578 1157 1786 1247 juxta
1816 1156 2222 1228 mandatum
2251 1166 2570 1227 nostrum
2597 1154 2980 1250 adimplere
3013 1156 3498 1247 neglexerint,

682 1296 758 1357 tu
789 1284 976 1378 ipsos
1006 1279 1100 1353 ad
1133 1300 1219 1352 ea
1246 1280 1663 1375 complenda
1692 1279 2064 1352 efficaciter
2095 1301 2382 1352 moneas
2409 1290 2482 1352 et
2516 1280 2841 1371 inducas,
2889 1289 2961 1352 et
2986 1280 3043 1352 si
3075 1280 3503 1374 expedierit,
3592 1367 3595 1370 Ι

677 1427 820 1502 qua
846 1404 1174 1477 convenit
1198 1403 1627 1476 districtione
1661 1404 2063 1499 compellas.

777 1532 1034 1602 Datum
1064 1528 1398 1600 Cremone
1416 1581 1436 1619 ,
1466 1528 1553 1601 V⁰
1584 1529 1833 1619 madii,
1864 1528 1948 1601 V·
1974 1527 2398 1600 indictionis.

1111 1846 1678 1857 -n——o———e———nm

785 2113 1242 2220 FridericuS,
1274 2115 1798 2199 Romanorum
1834 2116 2277 2225 imperator,
2316 2114 2713 2198 Vatacium
2754 2115 3213 2202 Graecorum
3252 2115 3497 2225 impe·
3586 2137 3725 2188 uuo
3745 2135 3889 2194 ιω]

679 2258 1010 2329 retorem
1081 2247 1351 2330 acriter
1420 2247 1779 2358 objurgat
1841 2249 2051 2356 quod
2115 2274 2162 2330 a
2224 2246 2525 2331 foedere
2594 2248 3019 2330 dilectionis
3095 2259 3502 2331 consuetae
3642 2229 3647 2235 ⁴

676 2378 1062 2486 defecerit,
1104 2406 1424 2463 monens
1460 2392 1546 2464 ut
1581 2406 1717 2489 per
1764 2382 2071 2464 semitas
2112 2380 2347 2490 hujus
2392 2381 2671 2463 erroris
2722 2381 3053 2490 amplius
3105 2381 3502 2465 ambulare

677 2512 1047 2596 dediscat.
2814 2546 2818 2550 ·

842 2726 1090 2806 (Inedlt.
1112 2743 1190 2788 ex
1211 2727 1348 2789 cod.
1371 2727 1522 2788 Bibl.
1546 2727 1740 2789 Cesar.
1769 2727 2027 2790 Vindob.
2059 2724 2392 2808 Philoloqm
2417 2728 2597 2805 dicto,
2627 2736 2694 2787 n⁶
2720 2735 2857 2801 305,
2880 2726 3116 2787 fol.102
3145 2745 3339 2807 verso,
3359 2732 3497 2806 qui-

915 2832 1167 2893 busdam
1195 2832 1541 2893 mendarum
1567 2833 1783 2910 quibus
1808 2839 1993 2894 scatet
2020 2833 2098 2893 ad
2121 2834 2423 2894 meliorem
2453 2849 2688 2893 sensum
2717 2829 3021 2911 redactis.)

775 3020 1216 3110 Fredericus,
1258 3030 1394 3092 etc.
1416 3074 1437 3111 ,
1472 3019 1783 3092 Battacio
1816 3019 2056 3091 Grecie
2077 3072 2097 3110 ,
2133 3029 2267 3092 etc.
2302 3021 2412 3090 Ex
2442 3019 2560 3090 illa
2594 3018 2944 3092 fidelitatis
2976 3021 3217 3111 regula
3248 3041 3386 3113 que
3406 3020 3497 3091 de

677 3144 1052 3217 Grecorum
1083 3146 1351 3216 actibus
1373 3145 1585 3236 vulgo
1614 3143 2071 3238 depromitur,
2109 3152 2188 3213 ut
2225 3143 2528 3214 tunicam
2557 3143 2806 3215 induas
2835 3143 3181 3232 veritatis,
3224 3155 3498 3215 tuorum

676 3268 1104 3340 munimenta
1156 3290 1606 3364 processuum
1650 3277 2141 3359 argumentum
2184 3276 2325 3337 tam
2379 3266 2630 3338 efficax
2679 3267 3144 3361 prebuerunt,
3194 3270 3363 3340 dum
3405 3268 3497 3340 de

673 3392 1052 3465 Grecorum
1084 3394 1296 3487 stirpe
1340 3392 1784 3488 progenituS,
1835 3413 1925 3462 ne
1957 3390 2350 3485 specialiter
2388 3400 2631 3486 pereat
2661 3392 2854 3483 quod
2893 3393 3310 3483 generaliter
3338 3413 3497 3488 pre·

674 3515 972 3605 dicatur,
994 3515 1386 3588 dilectionis
1408 3516 1610 3588 fedus
1636 3514 1827 3608 quod
1860 3536 2017 3586 cum
2043 3515 2114 3586 in
2145 3514 2471 3586 instantia
2502 3515 2730 3586 fratris
2754 3515 3099 3606 inhereat,
3123 3517 3272 3588 sine
3286 3537 3498 3589 causa

673 3639 1068 3712 rationabili
1129 3639 1400 3711 violans
1426 3692 1446 3730 ,
1509 3639 1832 3711 roborate
1890 3636 2053 3710 fidei
2119 3638 2524 3733 mysterium
2548 3692 2567 3726 ,
2636 3640 2828 3731 quod
2883 3640 3065 3711 inter
3122 3650 3499 3735 utrumque

672 3762 925 3836 caritas
974 3762 1479 3835 communicata
1524 3762 2019 3854 conjunxerat,
2081 3760 2360 3833 variasti
2404 3760 2465 3857 (⁴
2483 3761 2533 3857 ).
2593 3762 2839 3847 Qualia
2889 3773 3056 3857 ergo
3103 3763 3494 3836 dilectionis

671 3886 929 3960 indicia
973 3887 1063 3960 de
1119 3898 1185 3959 te
1244 3895 1471 3959 sumet
1526 3895 1937 3976 extraneuS,
1989 3885 2178 3980 quod
2219 3884 2606 3957 'amicorum
2659 3885 2922 3980 puritas
2968 3885 3221 3959 fiducie
3269 3897 3498 3958 sumat

746 4193 816 4265 (4)
853 4194 932 4249 De
956 4199 1193 4267 tempore
1217 4209 1327 4265 quo
1350 4191 1484 4249 haec
1511 4191 1674 4249 scribi
1692 4191 1926 4265 potuerit
1946 4190 2192 4265 epistola,
2217 4206 2322 4247 non
2347 4190 2487 4248 bene
2508 4196 2738 4248 constat.
2762 4190 2917 4248 Anno
2936 4193 3093 4263 ⁴2⁴7,
3114 4207 3301 4251 mense
3317 4195 3488 4268 junio,

681 4290 1024 4348 Innocentius
1054 4305 1194 4364 papa
1225 4290 1276 4346 in
1307 4289 1584 4347 Orientem
1617 4289 1840 4347 fratrem
1863 4288 2204 4345 Laurentium
2243 4288 2710 4362 poenitentiarium
2739 4303 2899 4345 suum
2926 4290 3093 4359 misit,
3132 4291 3224 4364 qui
3255 4291 3494 4352 Graecos

672 4387 728 4443 in
774 4388 1034 4443 unitatem
1062 4386 1333 4444 Ecclesiae
1369 4389 1670 4444 reduceret.
1716 4385 1926 4444 videsis
1952 4387 2255 4457 Barnun„
2302 4385 2498 4443 Annal.
2528 4385 2731 4443 Ecclos.
2763 4386 2837 4443 ad
2860 4402 2987 4443 ann.
3016 4390 3178 4461 ⁴247,
3211 4389 3276 4463 §5
3296 4392 3489 4462 XXX,

677 4482 866 4540 XXXI
906 4489 964 4539 et
994 4499 1150 4557 seqq.
1180 4482 1448 4541 Friderico
1481 4493 1662 4541 autem
1697 4483 1752 4540 id
1786 4483 1944 4540 valde
1978 4482 2316 4557 displicuisse
2357 4482 2493 4540 satis
2533 4490 2867 4556 compertum
2905 4483 3171 4542 habemus
3213 4503 3279 4544 ex
3321 4488 3493 4545 altera

671 4580 912 4653 ejusdem
934 4580 1003 4637 ad
1028 4580 1307 4638 Vatacium
1331 4580 1558 4655 epistola
1595 4596 1735 4654 quae
1762 4596 1946 4653 supra,
1976 4597 2032 4653 p.
2060 4580 2189 4637 775.
2215 4581 2427 4636 Nomen
2454 4596 2585 4637 vero
2617 4579 2797 4638 fratris
2823 4595 2931 4653 quo
2961 4580 3295 4655 frequentius
3320 4584 3493 4641 Vata-

670 4677 816 4734 cium
845 4692 990 4733 nunc
1012 4676 1321 4750 alloquitur,
1350 4678 1476 4735 huic
1503 4678 1735 4752 tempori
1763 4679 1942 4753 potius
1964 4678 2256 4736 convenire
2282 4677 2498 4736 videtur
2520 4693 2627 4751 quo
2648 4678 3052 4736 matrimonium
3062 4680 3339 4738 Vatacium
3354 4683 3496 4739 inter

669 4780 727 4832 st
750 4773 1008 4832 Friderici
1026 4774 1190 4833 filiam
1218 4776 1457 4835 nondum
1481 4776 1659 4835 tuerat
1682 4775 2037 4835 celebratum.
