4525 6031
645 3691 905 3745 [Februario

665 3745 884 3797 ineunte]

1000 619 1122 682 586
2002 614 2430 676 rmnmuci
2480 613 2830 675 sacuam
3450 615 3613 699 [An.
3652 615 3829 679 1248.

1000 781 1308 871 tedictiS,
1350 780 1676 853 Cumanis
1727 789 1797 849 et
1842 777 2313 849 Saonensibus
2335 773 2436 870 (a)
2482 796 2660 868 quos
2710 796 2835 870 pro
2890 776 3140 847 eodem
3188 778 3482 869 negocio
3532 779 3835 873 provisio

998 915 1237 976 nostra
1269 905 1529 975 fecerat
1556 903 1961 990 convenire,
2002 923 2085 972 ac
2113 898 2694 972 Cremonensibus
2728 899 2935 970 etiam
2965 900 3277 993 expertis
3311 898 3637 972 fidelibus
3668 923 3833 974 nos-

1000 1028 1150 1115 tris,
1187 1028 1306 1119 qui
1352 1027 1824 1097 verecundum
1866 1025 2207 1095 extimant
2246 1022 2302 1093 si
2337 1044 2411 1094 se
2449 1022 2717 1093 cunctis
2761 1023 3018 1094 nostris
3064 1024 3362 1095 servitiis
3395 1046 3534 1096 non
3570 1025 3829 1097 immis-

1000 1161 1187 1240 cent,
1225 1150 1313 1220 ad
1345 1150 1886 1221 construendum
1919 1158 1990 1218 et
2016 1146 2277 1241 optime
2304 1145 2763 1216 muniendum
2793 1157 3080 1240 pontem
3108 1148 3433 1219 eumdem
3467 1170 3625 1219 cum
3662 1159 3832 1220 stre-

1000 1274 1265 1344 nuitate
1315 1273 1681 1367 procedat,
1724 1272 1915 1343 omni
1962 1271 2239 1342 sublato
2282 1269 2734 1341 dubitationis
2783 1270 3178 1361 obstaculo,
3220 1281 3292 1342 et
3325 1272 3532 1366 plene
3572 1273 3830 1366 paratis

1001 1396 1289 1488 singulis
1321 1397 1409 1467 ad
1442 1396 1513 1467 id
1541 1396 1936 1466 faciendum
1970 1393 2410 1489 opportunis,
2438 1393 2601 1464 Post
2638 1393 2965 1463 emissum
2992 1415 3164 1465 vero
3190 1405 3427 1465 nostre
3453 1395 3832 1487 majestatis

1001 1520 1306 1590 edictum
1356 1520 1444 1590 de
1493 1518 1847 1612 premissis
1894 1518 2096 1589 vobis
2151 1517 2242 1588 ad
2281 1517 2616 1609 gaudium
2662 1516 3176 1606 describendis,
3217 1517 3454 1588 literas
3504 1518 3828 1591 Friderici

1001 1643 1274 1715 comitis
1305 1643 1482 1713 Albe
1517 1642 1751 1714 dilecti
1783 1639 1905 1712 filii
1943 1641 2160 1713 nostri
2207 1640 2625 1734 recepimuS,
2665 1639 3100 1712 continentes
3135 1640 3436 1733 qualiter
3467 1641 3539 1711 in
3574 1642 3831 1713 virtute

1000 1768 1125 1839 Dei
1157 1777 1227 1837 et
1257 1776 1494 1837 nostre
1523 1766 1849 1836 felicitate
1886 1766 2162 1836 fortune
2196 1773 2466 1858 partem
2503 1762 2978 1857 Guelpborum
3010 1763 3386 1852 Florentie,
3418 1765 3531 1836 cui
3564 1765 3829 1836 dudum

1002 1901 1241 1962 nostra
1285 1891 1610 1981 majestas
1654 1897 2095 1982 pepercerat,
2131 1909 2292 1958 cum
2321 1888 2509 1978 juste
2542 1886 2634 1956 ad
2667 1887 2880 1980 ipsius
2918 1887 3409 1958 exterminium
3450 1888 3830 1981 procedere

1001 2015 1367 2110 potuisset,
1403 2035 1540 2104 que
1590 2014 1787 2082 velut
1835 2011 2188 2081 familiaris
2232 2022 2304 2081 et
2339 2009 2724 2104 pestilentis
2761 2009 3133 2080 cardinalis
3174 2010 3535 2081 Octaviani
3577 2021 3828 2082 tracta-

1003 2139 1187 2209 tibus
1234 2136 1584 2231 exposita,
1636 2134 2186 2205 Bononiensibus
2233 2134 2487 2205 nostris
2535 2133 3003 2227 proditoribus
3049 2133 3442 2224 advocatiS,
3480 2134 3827 2205 civitatem

1001 2260 1344 2331 Florentie
1387 2280 1512 2352 per
1563 2258 1965 2327 intestinum
2017 2257 2278 2328 bellum
2333 2256 2532 2328 nobis
2579 2256 2988 2326 subtrahere
3033 2255 3475 2346 intendebat,
3520 2254 3824 2327 fidelium

1002 2394 1398 2456 nostrorum
1453 2381 1935 2454 assistentibus
1984 2381 2112 2452 sibi
2170 2380 2511 2472 suffragiis
2560 2380 2979 2468 debellavit,
3034 2390 3107 2450 et
3161 2380 3515 2450 nonnullis
3570 2381 3820 2475 captiS,

1002 2508 1341 2601 quosdam
1377 2506 1464 2577 de
1490 2506 1768 2576 civitate
1796 2505 1945 2598 ipsa
1974 2504 2317 2574 violenter
2348 2502 2550 2593 ejecit
2581 2500 2713 2597 (4).
2746 2503 2853 2572 Ex
2883 2523 3024 2594 quo
3059 2503 3265 2574 totius
3301 2503 3654 2597 provincie
3689 2511 3826 2573 sta-

1004 2642 1115 2703 tus
1146 2631 1216 2700 in
1262 2631 1509 2701 melius
1545 2629 1692 2699 sine
1727 2627 2162 2698 dubitatione
2203 2625 2549 2715 dirigitur,
2587 2635 2657 2695 et
2698 2622 3007 2695 fidelium
3042 2626 3253 2697 animi
3298 2627 3390 2697 ad
3425 2624 3827 2697 fidelitatem

1001 2764 1311 2823 nostram
1342 2751 1585 2821 fortius
1618 2748 2062 2819 roborantur.
2106 2746 2247 2816 Hec
2280 2744 2488 2835 igitur
2519 2744 2896 2815 letabunde
2929 2756 3165 2816 nostre
3201 2745 3589 2816 serenitatis
3619 2745 3830 2816 xenia

1002 2874 1301 2947 fidelitas
1326 2884 1556 2944 vestra
1585 2871 1971 2962 gaudenter
1996 2869 2316 2963 accipiat,
2347 2867 2819 2938 indubitanter
2856 2879 3237 2963 expectans
3269 2869 3460 2962 quod
3488 2870 3609 2961 qui
3639 2869 3832 2941 dedit

1003 3000 1205 3073 nobis
1249 2998 1584 3069 hactenus
1628 2992 1919 3064 feliciter
1954 3012 2232 3064 currere
2281 3012 2407 3085 per
2443 3013 2791 3062 summum
2825 2992 3173 3086 spacium,
3210 2992 3280 3063 in
3314 2993 3632 3089 proximo
3668 2993 3831 3065 bra-

1003 3125 1196 3213 vium
1224 3121 1522 3213 gratiose
1558 3117 1910 3208 largietur.

1115 3672 1568 3778 FridericuS,
1617 3670 2139 3752 Romanorum
2156 3670 2622 3778 imperator,
2662 3668 3115 3751 Florentinis
3153 3666 3580 3778 gratulatur
3617 3666 3828 3775 quod

1009 3808 1086 3888 in
1136 3805 1463 3914 gratiam
1508 3829 1725 3885 suam
1763 3802 2153 3908 redierint,
2191 3805 2568 3884 mandans
2615 3812 2700 3884 ut
2743 3800 3102 3883 obediant
3143 3799 3301 3882 filio
3338 3824 3519 3904 su0,
3560 3797 3830 3879 Fride-

1006 3942 1165 4023 rico
1215 3941 1310 4020 de
1362 3937 1787 4037 Antiochia,
1840 3961 2070 4046 quem
2116 3936 2226 4018 eis
2262 3938 2341 4016 in
2379 3945 2824 4043 potestatem
2878 3933 3112 4014 mittit
3158 3931 3382 4042 quasi
3429 3931 3827 4040 imagina—

1005 4074 1208 4154 rium
1245 4096 1613 4180 personae
1650 4095 1858 4182 suae.

1093 4259 1174 4338 (a)
1218 4261 1292 4318 In
1320 4261 1601 4346 impresso
1627 4253 2048 4331 Sacot‘emibus,
2079 4254 2249 4315 male.

1572 4418 3814 4435 ——ffl-mm—

1081 4536 1153 4608 (4)
1191 4537 1224 4591 ²
1250 4531 1508 4590 kalendas
1540 4528 1796 4587 februarii
1834 4526 2009 4600 (⁴2⁴8)
2035 4525 2353 4599 Frederigus
2380 4523 2521 4581 filius
2550 4523 2819 4581 Frederici
2850 4523 3191 4598 imperatoris
3218 4521 3437 4580 intravit
3466 4520 3827 4594 Florentiam,

1010 4632 1247 4689 maximo
1263 4635 1414 4703 parte
1427 4626 1738 4684 Guelforum
1752 4624 1932 4697 fugata
1945 4623 2244 4696 etipsorum
2262 4619 2502 4677 turribus
2519 4625 2574 4677 et
2589 4619 2800 4694 palatiis
2819 4619 3058 4677 funditus
3073 4620 3298 4678 eversis.
3311 4617 3565 4677 Obituar.
3578 4616 3828 4689 Senem,

1012 4744 1104 4804 ap.
1131 4728 1379 4798 Ouum,
1415 4728 1749 4794 Documenta,
1776 4738 1831 4795 p.
1862 4723 1968 4777 ⁴95
1992 4726 2046 4776 et
2070 4719 2208 4777 suiv.
