4525 6031
654 3506 897 3606 {35:¹32}-

1024 623 1144 685 670
2017 629 2441 691 anmucl
2492 629 2840 690 SECUNDl
3457 628 3620 709 [Anu.
3659 627 3835 690 1248.

1020 760 1132 832 Ad
1172 759 1381 854 hujus
1422 773 1656 835 autem
1700 775 1934 838 nostre
1976 767 2439 838 concessionis
2486 776 2557 837 et
2594 763 3021 837 inhibitionis
3069 763 3476 836 memoriam
3519 774 3591 835 et
3630 764 3843 836 robur

1017 896 1358 980 perpetuo
1384 888 1779 981 valiturum,
1813 912 2100 985 presens
2127 890 2562 985 privilegium
2590 911 2715 984 per
2732 889 3117 962 Iohannem
3138 888 3225 960 de
3240 889 3472 984 Capua
3495 889 3843 961 notarium

1023 1017 1093 1080 et
1121 1008 1395 1082 fidelem
1428 1023 1741 1084 nostrum
1774 1015 1978 1086 scribi
2018 1025 2087 1086 et
2122 1014 2347 1107 sigillo
2384 1014 2762 1106 majestatis
2789 1023 3021 1086 nostre
3042 1013 3374 1106 jussimus
3400 1012 3835 1086 communiri.

1118 1134 1338 1226 Hujus
1388 1136 1486 1207 rei
1527 1148 1736 1209 testes
1771 1149 1933 1210 sunt
1968 1141 2059 1212 M.
2101 1138 2406 1211 marchio
2446 1133 2712 1210 Lancea
2757 1136 2932 1208 sacri
2973 1137 3242 1233 imperii
3283 1159 3324 1210 a
3368 1138 3577 1233 Papia
3620 1158 3840 1231 usque

1020 1257 1260 1331 Astam
1312 1262 1749 1357 capitaneus,
1789 1264 1868 1334 B.
1916 1264 2004 1335 de
2055 1265 2433 1355 Hoenburg
2482 1262 2790 1335 marchio
2835 1262 3130 1334 dilectus
3168 1263 3725 1353 consanguineus
3772 1272 3843 1333 et

1020 1382 1409 1476 familiariS,
1446 1386 1528 1458 G.
1567 1386 1656 1458 de
1702 1388 1877 1459 Ocra
1923 1387 2340 1460 venerabilis
2388 1389 2753 1483 Capuauus
2803 1387 3102 1472 electus,
3138 1387 3220 1458 R.
3269 1386 3359 1458 de
3406 1386 3842 1477 Montenigro

1020 1529 1272 1600 magne
1299 1509 1486 1581 curie
1517 1521 1751 1583 nostre
1786 1513 2110 1603 magister
2131 1512 2572 1604 justitiarius,
2599 1513 2685 1583 P.
2724 1510 2811 1582 de
2840 1511 3151 1583 Calabria
3180 1512 3579 1583 marescalle
3606 1520 3840 1582 nostre

1022 1634 1349 1724 magister
1374 1631 1512 1730 (a),
1561 1635 1890 1727 magister
1924 1637 2167 1707 Petrus
2201 1635 2291 1706 de
2333 1637 2549 1707 Vinea
2585 1635 2960 1730 imperialis
3004 1636 3164 1707 aule
3212 1636 3722 1730 protonotarius
3772 1645 3841 1706 et

1021 1758 1216 1850 regni
1249 1759 1473 1831 Sicilie
1507 1760 1895 1852 logotheta,
1932 1759 2164 1832 dilecti
2203 1758 2445 1832 fideles
2481 1760 2690 1832 nostri
2713 1757 2836 1855 (b),
2875 1769 2946 1830 et
2988 1759 3105 1829 alii
3146 1761 3618 1854 quamplures.

1121 1883 1408 1975 Signum
1455 1884 1718 1956 domini
1753 1884 2080 1956 Friderici
2122 1885 2247 1956 Dei
2299 1884 2520 1978 gratia
2557 1884 2986 1957 invictissimi
3029 1886 3497 1957 Romanorum
3537 1885 3835 1979 impera·

1023 2008 1193 2081 toris
1219 2030 1495 2105 semper
1518 2009 1823 2100 augusti,
1851 2009 2234 2081 Jerusalem
2268 2019 2340 2081 et
2364 2010 2592 2081 Sicilie
2619 2010 2827 2101 regis.

1119 2134 1292 2206 Acta
1320 2144 1481 2205 sunt
1506 2134 1638 2205 hec
1662 2154 1846 2205 anno
1879 2134 2226 2206 dominice
2251 2135 2748 2207 incarnationis
2777 2133 3146 2206 millesimo
3177 2132 3653 2206 ducentesimo
3677 2151 3845 2226 qua-

1023 2256 1413 2349 dragesimo
1476 2268 1758 2347 octavo,
1821 2278 2057 2329 mense
2114 2258 2538 2349 decembris,
2611 2260 2902 2354 septime
2969 2258 3402 2349 indictionis,
3455 2258 3840 2353 imperante

1022 2380 1306 2454 domino
1335 2392 1574 2454 nostro
1605 2380 1971 2454 Frederico
2015 2380 2140 2453 Dei
2182 2383 2406 2474 gratia
2438 2368 2892 2455 invictissimo
2927 2381 3394 2454 Romanorum
3426 2381 3840 2475 imperatore

1019 2528 1298 2602 semper
1345 2515 1674 2600 augusto,
1704 2507 2085 2579 Jerusalem
2135 2517 2208 2580 et
2253 2507 2484 2579 Sicilie
2533 2528 2732 2599 rege,
2763 2528 2951 2578 anno
2998 2504 3267 2601 imperii
3315 2506 3466 2598 ejus
3513 2504 3840 2579 vicesimo

1016 2643 1292 2723 octavo,
1320 2633 1516 2725 regni
1542 2632 1923 2704 Jerusalem
1947 2631 2281 2703 vicesimo
2306 2632 2538 2723 tertio,
2564 2631 2760 2723 regni
2783 2653 2952 2704 vero
2979 2631 3207 2703 Sicilie
3234 2629 3832 2725 quinquagesimo.

1016 2756 1267 2836 Amen.

1113 2877 1363 2948 Datum
1404 2875 1736 2948 Vercellis
1785 2895 1911 2969 per
1951 2895 2235 2945 manum
2277 2873 2585 2968 magistri
2631 2873 2814 2946 Petri
2861 2873 2950 2947 de
2990 2872 3210 2946 Vinea
3257 2874 3416 2956 aule
3468 2873 3841 2968 imperialis

1014 3001 1517 3100 prothonotarii
1548 3011 1621 3074 et
1663 3001 1861 3095 regni
1901 2999 2127 3073 Sicilie
2161 2999 2539 3094 logothete,
2572 3022 2785 3092 anno,
2822 3022 3060 3073 mense
3094 3009 3164 3073 et
3190 2999 3563 3074 indictione
3594 3021 3836 3095 snpra-

1016 3128 1290 3224 scriptis
1311 3125 1423 3224 (c).
1974 3120 1977 3125 ’

1124 3526 1587 3635 Fridericus,
1628 3524 2150 3611 Romanorum
2200 3529 2641 3638 imperator,
2690 3530 3079 3614 communi
3116 3530 3596 3615 Lucanorum
3640 3529 3838 3613 fide-

1017 3657 1222 3742 libus
1259 3659 1419 3743 suis
1453 3659 1920 3768 provinciam
1958 3659 2524 3772 Garfagnanam
2562 3688 2800 3773 quam
2853 3663 3173 3747 Henrico
3232 3663 3390 3746 filio
3450 3690 3592 3748 suo
3643 3690 3835 3748 con-

1015 3791 1324 3900 tulerat,
1364 3794 1442 3874 in
1481 3804 1772 3875 rectum
1812 3790 2127 3876 seudum
2163 3821 2303 3905 pro
2338 3794 2514 3880 fidei
2552 3797 3247 3904 recompensatione
3280 3797 3626 3880 concedit
3660 3824 3835 3881 cum

1015 3924 1375 4010 omnihus
1430 3925 1853 4010 rationibus
1901 3938 1979 4010 et
2032 3929 2504 4037 pertinentiis
2557 3955 2603 4013 a
2658 3956 2738 4012 se
2785 3940 2864 4012 et
2917 3931 3481 4015 successoribus
3538 3933 3697 4014 suis
3757 3933 3833 4014 in

1014 4070 1461 4171 perpetuum
1499 4060 1934 4181 tenendam.

1158 4249 1449 4331 (Inedia.
1476 4267 1551 4312 ex
1587 4248 1834 4311 Archino
1868 4248 1932 4310 de·
1961 4256 2117 4312 stato
2151 4250 2216 4312 aa·
2254 4253 2471 4325 Lacca,
2514 4253 2653 4314 coll.
2684 4251 2865 4314 duob.
2905 4253 3088 4329 copiis
3124 4268 3244 4313 una
3279 4251 3468 4313 chart.
3500 4251 3606 4315 llb.
3650 4252 3832 4327 va,

1253 4369 1320 4421 n⁰
1348 4367 1489 4433 855,
1522 4374 1673 4420 arm.
1700 4357 1881 4437 vm,
1910 4358 2081 4419 alter.
2112 4374 2378 4439 pergam.
2410 4376 2561 4423 arm.
2593 4359 2700 4433 VI,
2731 4370 2798 4419 n⁰
2827 4358 2954 4439 26.)

1092 4518 1170 4597 (a)
1206 4518 1282 4609 Jn
1314 4520 1597 4595 impresso
1620 4517 1718 4578 hic
1742 4518 1982 4578 additur
2008 4518 2284 4598 maqister
2330 4516 2538 4596 Volta;
2575 4520 2718 4596 quld
2747 4521 2884 4580 inde
2920 4519 3344 4597 suspicandum
3366 4521 3444 4580 sit
3467 4563 3485 4599 ,
3515 4478 3826 4581 nescimus.

1100 4624 1181 4705 (b)
1225 4610 1298 4684 In
1319 4626 1602 4701 impresso
1630 4622 2065 4685 locumtemntis
2092 4623 2288 4687 dilecti
2290 4623 2493 4704 fidelis
2515 4626 2723 4698 nostri,
2752 4624 2927 4686 male.

1100 4728 1174 4810 (c)
1217 4729 1284 4790 In
1312 4731 1594 4808 impresso
1621 4727 2073 4810 locumtenentis,
2101 4750 2281 4804 anno,
2309 4750 2528 4807 meme,
2554 4730 2647 4793 die
2672 4740 2728 4793 et
2757 4730 3068 4795 indictione
3094 4739 3165 4795 ut
3189 4749 3382 4814 mpro-
