4525 6031
635 668 838 729 11111161.
874 666 1004 744 15.]
1539 665 1932 729 HISTORIA
1984 667 2577 731 DIPLOMATICA.
3338 669 3455 729 841

635 801 965 898 penheim
996 802 1086 873 ab
1119 801 1220 872 eis
1263 801 1623 894 hucusque
1664 803 1881 898 recipi
1913 804 2182 875 solebat
2210 804 2286 875 in
2312 804 2535 892 Ren0,
2574 803 2713 873 sint
2747 802 2836 873 de
2864 813 3096 873 cetero
3127 803 3459 891 absoluti,

636 927 767 997 sub
799 927 1092 998 obtentu
1126 925 1360 1017 gracie
1396 927 1643 1020 prefati
1677 927 1940 998 domini
1972 949 2055 999 ac
2086 928 2302 1022 patris
2337 926 2552 998 nostri
2586 936 2656 997 et
2685 935 2918 996 nostre
2950 924 3240 996 firmiter
3275 924 3460 996 inhi-

633 1050 881 1122 bentes
912 1071 1001 1121 ne
1033 1048 1190 1143 quis
1220 1048 1384 1120 huic
1410 1049 1631 1142 gratie
1664 1072 1738 1121 se
1773 1060 2107 1146 opponat.

731 1174 969 1245 Testes
992 1175 1069 1245 L.
1093 1174 1619 1245 Wormatiensis
1650 1174 2046 1270 episcopus,
2071 1228 2087 1245 .
2120 1230 2136 1246 .
2163 1230 2180 1246 .
2215 1174 2689 1266 marcgravius
2717 1173 2805 1244 de
2832 1173 3219 1262 Homberg,
3252 1170 3333 1243 G.
3371 1171 3463 1242 de

633 1296 1070 1386 Hohenloch,
1120 1295 1326 1368 Crafft
1371 1296 1460 1368 de
1507 1296 1905 1391 Boxsperg,
1953 1295 2359 1368 Wolverath
2406 1296 2497 1367 de
2556 1294 2929 1384 Cricheim,
2967 1293 3326 1366 Conradus
3370 1293 3460 1364 de

632 1421 993 1494 Smidefelt
1031 1420 1302 1516 dapifer
1341 1428 1603 1511 noster,
1640 1419 1996 1515 Philippus
2033 1421 2123 1493 de
2158 1419 2555 1510 HohinfeIS,
2591 1419 2949 1513 Philippus
2990 1418 3079 1489 (16
3118 1416 3455 1490 Valkens-

632 1546 848 1636 stein,
909 1543 1265 1617 Conradus
1326 1543 1553 1616 dictus
1602 1542 1828 1638 Croph
1894 1544 2355 1637 burcgravius
2402 1543 2609 1614 castri
2663 1542 2909 1613 Trifels
2931 1595 2951 1632 ,
3000 1539 3459 1633 Marquardus

632 1668 1016 1741 schultetus
1047 1665 1135 1739 de
1168 1666 1626 1761 Oppenheim,
1664 1664 1908 1737 fideles
1937 1667 2152 1738 nostri
2171 1718 2192 1757 ,
2235 1675 2308 1738 et
2340 1666 2458 1736 alii
2491 1665 2967 1759 quamplures,

725 1791 818 1865 Ut
845 1790 1055 1884 igitur
1092 1789 1427 1885 premissa
1469 1789 1865 1885 supradicta
1901 1789 2171 1861 civibus
2213 1787 2851 1860 Wormaciensibus
2890 1785 3458 1878 irrefragabiliter

630 1913 1111 2003 observentur,
1149 1934 1280 1987 nos
1319 1935 1608 2009 presens
1645 1914 1978 2007 scriptum
2016 1912 2223 2006 sigilli
2273 1912 2494 1984 nostri
2539 1909 2921 1981 munimine
2963 1909 3295 1981 duximus
3339 1931 3453 1980 ro·

626 2038 1044 2111 horandum.

721 2159 975 2233 Actum
1004 2170 1075 2232 et
1102 2162 1342 2233 datum
1378 2160 1452 2231 in
1494 2160 1736 2231 castris
1772 2156 1963 2253 apud
1993 2156 2483 2248 Wormatiam,
2530 2178 2718 2228 anno
2751 2154 3098 2228 dominice
3138 2154 3455 2227 incarna-

629 2284 831 2358 tionis
856 2285 1222 2357 millesimo
1248 2285 1373 2357 CC.
1392 2286 1599 2374 XLII,
1638 2284 1726 2356 VI
1758 2283 2092 2356 kalendas
2121 2282 2436 2375 augusti,
2471 2281 2597 2354 XV
2631 2279 3054 2353 indictionis,

1891 2617 3057 2630 -————.——-———————-

726 2914 952 2996 Anno
1002 2911 1105 2996 M.
1135 2910 1538 3013 CC.XLlI‚
1587 2935 1850 2992 mense
1899 2919 2270 3019 augustO,
2329 2907 2537 2989 venit
2581 2905 2980 2988 Conradus
3027 2931 3159 2987 rex
3206 2906 3446 2989 Wor-

618 3047 932 3128 matiam
953 3107 976 3152 ,
1033 3057 1299 3154 petens
1357 3042 1727 3128 auxilium
1788 3042 1887 3125 ab
1943 3042 2051 3125 eis
2111 3042 2191 3122 in
2251 3037 2730 3149 Ringoviam.
2793 3039 3444 3147 Praeparaverunt

613 3177 872 3288 itaque
917 3178 1174 3260 statim
1219 3202 1451 3260 naves
1497 3175 1913 3284 peroptime
1957 3183 2430 3255 constructas
2475 3171 3071 3281 propugnaculis
3113 3170 3435 3275 bellicis,

611 3320 687 3393 et
748 3311 1306 3393 descenderunt
1363 3308 1839 3418 Ringawiam
1902 3332 2082 3389 cum
2155 3305 2502 3387 ducentis
2571 3305 2887 3386 armatis
2944 3314 3020 3386 et
3091 3305 3439 3412 expensis

608 3442 1195 3549 honestissimis,
1229 3448 1638 3551 sequentes
1664 3465 1923 3549 regem
1959 3465 2097 3547 per
2134 3464 2267 3522 sex
2301 3438 2826 3521 hebdomadas
2861 3438 3210 3546 expensis
3248 3462 3439 3546 pro-

608 3576 796 3684 priis
839 3602 1068 3686 super
1102 3576 1484 3660 civitatem
1527 3572 2167 3657 Wormatiensem
2208 3571 2428 3653 factis
2471 3572 2569 3652 ad
2614 3579 2988 3652 trecentas
3026 3595 3327 3651 marcas
3363 3581 3439 3651 et

609 3707 969 3817 ampliuS.
1028 3709 1448 3817 Postquam
1499 3732 1677 3790 vero
1724 3732 1858 3788 rex
1916 3703 2136 3787 villas
2191 3703 2349 3786 fere
2412 3728 2680 3785 omnes
2737 3703 3229 3785 succenderat
3275 3702 3431 3810 (1),

3565 2936 3784 2987 Augusto·
3874 2946 3881 2949 ·

3551 2989 3803 3042 septembri.

607 3866 955 3924 reversus
988 3850 1106 3924 est
1136 3851 1216 3923 et
1247 3841 1450 3922 cives
1494 3865 1675 3922 cum
1726 3864 1818 3921 eo
1873 3839 1952 3919 in
1995 3836 2397 3920 Nativitate
2443 3835 2765 3918 Sanctae
2808 3835 3113 3917 Mariae.
3160 3838 3425 3916 Annal.
3556 3923 3563 3926 ,

615 3979 925 4082 Worm.,
963 4001 1092 4083 ap.
1134 3975 1520 4080 Bessum,
1559 3980 1851 4077 Fontes,
1893 3979 1950 4051 t.
1996 3970 2093 4075 11,
2133 3996 2214 4078 p.
2265 3970 2446 4050 182.

673 4269 747 4344 (1)
782 4269 930 4328 Haec
955 4274 1040 4327 est
1061 4267 1238 4344 prima
1264 4267 1464 4325 mentio
1493 4265 1624 4323 belli
1647 4281 1680 4324 a
1701 4264 1945 4323 Conrado
1977 4269 2165 4322 contra
2191 4259 2655 4334 archiepiscopum
2691 4250 3152 4330 maguntinensem
3192 4264 3249 4317 et
3285 4258 3431 4317 cives

599 4366 1039 4441 Maguntinenses
1073 4366 1232 4438 illati,
1273 4366 1418 4441 quod
1455 4381 1564 4423 non
1603 4370 1729 4422 61116
1774 4372 1988 4437 tempus
2020 4362 2284 4420 aestivum
2322 4358 2624 4433 incoepisse
2651 4358 2997 4427 arbitramur,
3034 4373 3202 4431 quum
3239 4372 3428 4414 mense

597 4464 866 4525 februario
891 4465 1137 4539 ejusdem
1160 4465 1286 4523 anni
1311 4463 1743 4537 maguntinenses
1770 4462 1944 4520 adhuc
1963 4461 2021 4518 in
2049 4459 2156 4518 fide
2174 4459 2316 4532 regis
2336 4465 2393 4516 et
2415 4456 2758 4532 imperatoris
2782 4454 3157 4529 persisterent.
3188 4454 3425 4512 Archie-

599 4564 852 4638 piscopus
874 4568 1056 4621 autem
1075 4561 1221 4619 bello
1243 4562 1396 4634 quasi
1421 4561 1635 4634 signum
1659 4560 1825 4631 dedit,
1841 4558 2212 4633 possessiones
2229 4555 2451 4614 Ottonis
2484 4553 2637 4611 ducis
2659 4551 2917 4626 navariae
2938 4558 2995 4610 et
3019 4551 3230 4608 comitis
3253 4551 3425 4608 Rheni

601 4660 819 4735 palatini
838 4661 996 4736 juxta
1021 4659 1268 4718 Rhenum
1295 4659 1647 4718 devastando.
