4525 6031
670 683 870 743 Ῑιωισῐ.
904 680 997 756 m]
1563 674 1961 738 HISTORIA
2006 674 2596 737 DIPLOMATICA.
3370 677 3490 740 '117

766 811 1210 886 Innocentius
1237 863 1258 902 ,
1317 818 1451 883 etc.
1509 808 1679 880 Cum
1716 820 1785 882 te
1818 831 1946 907 pro
1974 809 2257 881 instanti
2292 810 2570 902 negotio
2614 809 2685 880 in
2726 810 2991 882 Italiam
3035 810 3486 903 destinemus,

669 936 1068 1011 discretioni
1128 945 1244 1007 tue
1306 934 1752 1029 promittendi
1814 932 2102 1006 firmiter
2145 955 2237 1004 ex
2289 944 2483 1028 parte
2541 942 2778 1006 nostra
2832 935 3152 1007 omnibus
3210 935 3492 1029 prelatis

667 1061 1113 1134 ecclesiarum
1176 1068 1248 1129 et
1300 1057 1727 1154 principibus
1783 1057 2210 1130 secularibus
2265 1057 2650 1151 ceterisque
2702 1067 2818 1129 tue
2874 1058 3236 1149 legationis
3299 1058 3491 1131 laicis

664 1185 853 1277 quod
876 1205 1006 1255 nos
1033 1192 1105 1253 et
1121 1182 1370 1253 fratres
1394 1181 1610 1252 nostri
1644 1202 1765 1253 eos
1796 1182 1871 1252 in
1898 1180 2297 1275 hujusmodi
2330 1180 2607 1274 negotio
2635 1182 3034 1253 nullatenus
3057 1181 3485 1272 deseremus,

666 1330 798 1381 nec
830 1328 991 1379 cum
1014 1304 1092 1377 F.
1128 1301 1481 1398 quondam
1524 1300 1938 1400 imperatore
1981 1325 2223 1400 pacem
2268 1302 2705 1399 aliquatenus
2742 1300 3306 1376 confirmabimus
3338 1301 3485 1401 (a),

667 1431 763 1502 ita
803 1427 995 1525 quod
1037 1427 1182 1523 ipse
1223 1427 1334 1498 vel
1374 1424 1623 1520 aliquis
1655 1425 1950 1499 filiorum
1985 1427 2136 1521 ejus
2173 1449 2303 1499 rex
2333 1437 2455 1500 aut
2486 1423 2862 1523 imperator
2895 1428 3174 1518 existat,
3210 1425 3490 1524 plenam

669 1562 739 1626 et
769 1551 1058 1624 liberam
1093 1547 1538 1622 concedimus
1569 1545 1978 1622 auctoritate
2011 1547 2438 1647 presentium
2475 1559 2913 1645 potestatem.

764 1675 1012 1749 Datum
1051 1673 1397 1768 Lugduni,
1427 1673 1490 1744 V
1511 1671 1673 1746 idus
1704 1671 1970 1769 aprilis,
1998 1692 2184 1746 anno
2214 1671 2358 1746 V10.

1975 1951 2672 1964 mmmm——
2687 1953 2822 1963 ο-ο-α--α
2839 1953 3045 1964 ‘za—‹namo-

773 2159 1254 2243 Innocentius
1324 2187 1520 2270 papa
1590 2161 1811 2245 Petro
1884 2161 2253 2243 cardinali
2328 2160 2584 2243 Sancti
2674 2159 2975 2269 Georgii
3050 2159 3489 2242 facultatem
3603 2185 3839 2294 3333&

668 2292 1009 2374 concedit
1051 2291 1542 2401 dispensandi
1586 2319 1764 2375 cum
1828 2290 2202 2401 religiosis
2257 2291 2376 2376 vel
2424 2289 2889 2375 secularibus
2951 2291 3086 2401 qui
3137 2288 3317 2375 dato
3367 2290 3487 2375 vel

670 2435 965 2533 recepto
1001 2425 1263 2537 aliquo
1291 2451 1431 2534 pro
1469 2425 1878 2533 beneficiiS,
1905 2426 2398 2509 simoniacam
2437 2425 2882 2534 pravitatem
2913 2425 3480 2509 commiserunt.

831 2639 1030 2718 (Edtd.
1052 2656 1131 2698 na
1151 2639 1490 2713 Cmauza,
1513 2640 1670 2702 Hire.
1692 2638 1765 2699 de
1788 2637 1848 2700 la
1871 2637 2017 2702 lune
2039 2639 2330 2721 despapes
2348 2647 2406 2702 et
2431 2639 2529 2702 des
2548 2655 2897 2720 emper-curs,
2919 2645 3061 2714 etc„
3085 2645 3132 2699 t.
3156 2641 3238 2718 Π,
3259 2656 3321 2718 p.
3345 2647 3487 2716 460,

907 2761 982 2804 ex
1011 2746 1145 2806 cod.
1178 2744 1397 2818 Paris„
1440 2756 1507 2805 n⁰
1535 2755 1719 2820 4039,
1748 2745 1857 2808 litt.
1894 2747 2172 2824 curiales,
2201 2759 2268 2807 n⁰
2300 2756 2399 2824 57,
2428 2745 2535 2807 fol.
2569 2757 2644 2809 ’13
2671 2743 2896 2824 verso.)

763 2931 1208 3004 Innocentius
1238 2933 1609 3029 episcopus
1630 2985 1652 3023 ,
1704 2952 1949 3005 servus
1980 2952 2339 3006 servorum
2382 2933 2546 3024 Dei,
2590 2932 2671 3004 P.
2704 2932 2886 3004 tituli
2933 2930 3165 3004 Sancti
3221 2930 3498 3025 Georgii

670 3052 761 3126 ad
798 3055 1046 3126 velum
1074 3056 1387 3128 Aureum
1417 3057 1718 3130 diacono
1757 3057 2121 3148 cardinali,
2155 3057 2556 3153 Apostolice
2587 3057 2785 3129 Sedis
2813 3058 3067 3150 legato.
3105 3057 3275 3128 Cum
3300 3065 3372 3129 te
3401 3055 3499 3130 ad

669 3178 915 3271 partes·
942 3180 1137 3250 Italic
1176 3201 1303 3273 pro
1344 3181 1530 3253 hono
1571 3200 1816 3252 earum
1862 3191 2047 3253 statu
2086 3190 2158 3253 et
2200 3181 2501 3254 Ecclesia
2553 3180 2835 3274 negotio
2881 3178 3359 3275 promovendo
3405 3179 3497 3253 de

669 3302 959 3374 fratrum
986 3314 1381 3375 nostrorum
1412 3305 1705 3377 consilio
1730 3303 2186 3397 destinemus,
2225 3304 2625 3378 discretioni
2652 3314 2770 3376 tue
2796 3304 3227 3400 presentium
3261 3312 3500 3376 aucto-

669 3425 871 3497 ritate
912 3427 1367 3500 concedimus
1404 3437 1489 3498 ut
1527 3448 1689 3499 cnm
1729 3428 2157 3521 quibuslibet
2193 3425 2536 3521 religiosis
2564 3429 2679 3501 vel
2713 3428 3143 3500 semlaribns
3182 3426 3500 3523 personis

669 3557 786 3620 tue
816 3550 1204 3641 legationis,
1240 3553 1747 3644 cnjusmmque
1765 3552 1905 3623 sint
1930 3552 2222 3643 ordinis,
2257 3573 2397 3645 que
2433 3552 2606 3625 dato
2629 3551 2868 3645 aliquo
2894 3571 3026 3647 pro
3055 3550 3503 3644 acquirendis

668 3674 782 3744 vel
809 3686 1091 3768 recepto
1122 3695 1252 3770 pro
1284 3673 1705 3747 exhibendis
1737 3676 1906 3747 locis
1937 3676 2011 3746 in
2033 3676 2497 3766 monasteriiS,
2528 3675 3025 3749 commiserunt
3049 3676 3496 3749 simoniacam

669 3796 1111 3889 pravitatem,
1132 3797 1357 3891 possis
1388 3793 1821 3892 dispensare,
1840 3797 2025 3870 sicut
2045 3796 2307 3869 videris
2333 3797 2694 3893 expedire,
2717 3816 2861 3870 non
2893 3799 3215 3870 obstante
3243 3798 3496 3871 consti-

669 3917 936 3989 tutione
962 3919 1309 3991 contraria
1335 3920 1673 4012 generali.

765 4042 1019 4112 natum
1045 4042 1393 4134 Lugduni,
1424 4045 1547 4115 xv
1577 4043 1915 4115 kalendas
1942 4043 2133 4134 maii,
2167 4062 2358 4117 anno
2386 4016 2529 4114 vr.

755 4212 838 4293 (a)
884 4218 1050 4279 Alias
1074 4215 1531 4297 rqformabimus.

2136 4393 2667 4404 —ss-——n——n
2676 4391 3070 4401 m*

741 4496 822 4552 Ad
860 4498 1107 4554 eumdem
1145 4504 1208 4554 ut
1245 4498 1439 4556 fratres
1473 4498 1674 4556 ordinis
1699 4498 2150 4556 'theutonicorum
2187 4503 2244 4554 et
2279 4497 2413 4555 alios
2449 4495 2729 4570 religiosos
2772 4494 3042 4554 Ecclesiae
3082 4493 3306 4554 rebelles
3337 4496 3494 4555 bonis

669 4592 783 4649 suis
809 4595 1093 4668 exspoliet.
1124 4595 1365 4668 Lugduni
1381 4639 1396 4666 ,
1423 4595 1548 4653 XIII
1573 4594 1837 4654 kalendas
1863 4594 1988 4652 maii
2016 4597 2104 4667 (⁴9
2134 4595 2357 4668 aprilis).

740 4690 824 4747 Ad
859 4690 1089 4747 eloctum
1124 4692 1468 4750 'turritanum
1508 4693 1654 4766 quod
1686 4690 1973 4766 legationis
2014 4689 2253 4750 officium·
2285 4686 2550 4749 adversus
2578 4686 2906 4749 radet-teum
2941 4702 3196 4748 marcere
3225 4688 3403 4749 valeat
3441 4692 3497 4749 in

672 4784 1001 4844 Sardiniam
1025 4786 1260 4846 comica.
1285 4788 1546 4862 Lugduni,
1572 4786 1949 4862 Nidusjuffi
1970 4789 2055 4862 (⁴0
2077 4788 2254 4861 junii).

832 4886 939 4948 VI.
978 4900 1091 4945 Part
1108 4904 1152 4946 2.
3142 4895 3212 4948 91
