4525 6031
1043 548 1171 610 876
2100 550 2466 615 connum
2512 550 2818 627 onaan
3481 550 3868 637 [An-1246.

1045 684 1337 780 quesitis
1374 694 1445 757 et
1475 684 1906 782 inquirendis
1921 739 1942 778 ,
1979 710 2139 760 cum
2177 688 2503 761 omnibus
2534 686 3003 784 pertinentiis,
3038 686 3424 759 rationibus
3457 697 3530 760 et
3564 709 3868 783 proven·

1053 809 1236 881 tibus
1269 810 1419 901 ejus
1435 863 1455 901 ,
1488 832 1616 906 pro
1646 811 2037 884 matutinali
2067 812 2253 886 dono
2277 811 2470 909 quod
2505 813 2579 883 in
2605 812 2879 905 vulgari
2905 811 3162 885 dicitur
3178 812 3640 905 Morqenqabe.
3667 811 3870 885 Unde

1051 933 1123 1004 in
1146 933 1449 1005 futuram
1484 936 1888 1007 memoriam
1924 946 1996 1008 et
2024 937 2237 1009 robur
2266 937 2340 1009 in
2376 946 2729 1032 posterum
2759 935 3173 1027 valiturum,
3200 956 3489 1030 presens
3531 935 3869 1031 scriptum

1049 1055 1214 1128 inde
1246 1055 1398 1128 fieri
1429 1065 1501 1129 et
1527 1057 1750 1151 sigillo
1780 1069 2014 1132 nostre
2045 1060 2476 1132 celsitudinis
2497 1060 2830 1153 jussimus
2861 1058 3298 1131 communiri.

1143 1181 1395 1251 Datum
1432 1181 1621 1276 apud
1646 1180 2027 1276 Augustam
2044 1235 2064 1273 ,
2098 1203 2284 1256 anno
2312 1182 2655 1256 dominice
2682 1181 3175 1255 incarnationis
3208 1181 3574 1254 millesimo
3606 1180 3868 1254 ducen-

1052 1303 1295 1378 tesimo
1328 1306 1857 1401 quadragesimo
1884 1317 2088 1380 sexto
2107 1360 2128 1399 ,
2159 1329 2399 1380 mense
2436 1306 2813 1402 septembri
2829 1358 2849 1396 ,
2885 1305 3127 1400 quinte
3159 1305 3579 1382 indictionis.

1517 1634 1826 1643 ---—-—-.--.-
1849 1636 2195 1645 ’--,--...-.-.
2209 1635 3420 1648 w*-

1160 1901 1554 1987 Conradus
1575 1965 1599 2010 ‚
1676 1905 1756 1987 in
1832 1905 2354 1990 Romanorum
2426 1930 2684 2014 regem
2755 1904 3076 2014 electae,
3142 1905 3665 2009 collationem,
3733 1929 3872 2014 per

1053 2036 1412 2121 Ottonem
1476 2037 1830 2121 comitem
1896 2036 2323 2146 palatinum
2393 2036 2582 2121 Reni
2604 2099 2628 2145 ‚
2688 2037 2963 2120 ducem
3034 2037 3461 2145 Bawariae‚
3518 2061 3867 2121 socerum

1052 2195 1319 2278 suum,
1360 2169 1823 2254 monasterio
1868 2169 1949 2250 in
1985 2169 2565 2279 Wezilsprunne
2610 2194 2839 2279 super
2880 2170 3195 2254 ecclesia
3235 2171 3353 2253 de·
3374 2168 3643 2254 Phetin
3687 2169 3863 2253 fac-

1053 2313 1242 2409 tam,
1283 2311 1529 2385 ratam
1563 2301 1819 2384 habet.

1213 2515 1402 2596 (Edit.
1432 2533 1531 2595 ap.
1561 2517 1868 2586 Laurum,
1897 2515 2120 2577 Hister.
2163 2514 2618 2596 Wessosontana,
2649 2533 2711 2593 p.
2749 2523 2889 2590 268,
2918 2521 2979 2576 et
3003 2531 3105 2592 ap.
3130 2515 3393 2576 uonum.
3425 2515 3611 2590 Boio„
3643 2520 3693 2576 t.
3724 2516 3863 2594 vll,

1287 2639 1349 2698 p.
1384 2631 1524 2698 899,
1554 2639 1632 2683 ex
1656 2622 1918 2682 Menum.
1970 2619 2335 2698 qufont„
2367 2633 2433 2680 ιι·
2461 2621 2651 2684 XXV.
2692 2620 2787 2682 Cf.
2816 2617 3049 2699 ibidem,
3085 2625 3136 2681 t.
3177 2619 3381 2699 XXX,
3412 2638 3476 2699 p.
3511 2628 3652 2684 298.
3682 2621 3866 2700 sign-

1287 2728 1413 2789 lum
1441 2729 1695 2790 freetum
1724 2727 2100 2806 appendebat
2125 2744 2202 2788 ex
2233 2727 2353 2788 filis
2381 2729 2581 2789 sericis
2607 2727 2772 2789 rubri
2796 2725 3059 2805 eoloris.)

1144 2918 1535 3011 ConraduS‚
1572 2917 1716 2990 divi
1747 2918 2021 3011 augusti
2055 2916 2488 3014 imperatoris
2512 2916 2844 2990 Friderici
2876 2915 3093 3010 filius,
3125 2913 3252 2988 Dei
3281 2914 3502 3008 gratia
3526 2911 3869 2987 Romano·

1050 3066 1201 3115 rum
1230 3044 1301 3114 in
1335 3065 1573 3137 regem
1600 3044 1897 3135 electuS,
1935 3064 2210 3138 semper
2239 3052 2576 3135 augustus
2603 3052 2675 3114 et
2700 3041 2903 3113 heres
2936 3040 3130 3134 regni
3159 3039 3565 3113 Jerusalem.
3599 3041 3867 3112 Tenore

1045 3168 1473 3263 presentium
1524 3177 1764 3240 notum
1816 3167 2104 3239 facimus
2151 3167 2495 3239 universis
2534 3166 2725 3260 quod
2770 3164 2874 3262 (a)
2919 3186 3050 3238 nos
3070 3217 3092 3256 ,
3143 3163 3237 3237 ad
3276 3185 3519 3260 preces
3548 3162 3820 3236 Ottonis
3837 3216 3860 3254 ‚

1045 3274 1317 3363 'comitis
1363 3287 1651 3364 Palatini
1709 3291 1978 3382 Rheni,
2019 3291 2218 3364 ducis
2243 3291 2597 3383 sawarie,
2633 3289 2867 3362 dilecti
2900 3287 3232 3385 principis
3262 3295 3333 3359 et
3353 3285 3575 3359 soceri
3602 3286 3861 3377 nostri,

1048 3414 1489 3487 collationem
1533 3414 1787 3486 factam
1822 3436 1950 3510 per
1980 3437 2139 3487 eum
2176 3415 2593 3488 monasterio
2624 3415 2859 3488 Sancti
2889 3415 3072 3486 Petri
3098 3413 3171 3485 in
3200 3412 3738 3503 Wezisbrunen,
3775 3409 3864 3483 de

1049 3537 1339 3612 ecclesia
1369 3538 1444 3610 in
1470 3536 1757 3610 Phetine
1787 3535 1920 3635 (l),
1953 3561 2083 3637 pro
2116 3540 2504 3613 reverentia
2538 3542 2694 3613 Iesu
2737 3536 2985 3611 Christi
3024 3547 3247 3609 ratam
3289 3546 3361 3608 et
3403 3533 3673 3607 firmam
3714 3555 3869 3630 per-

1047 3673 1260 3759 petuo
1290 3663 1675 3736 habituros,
1736 3662 1936 3735 Unde
1995 3663 2086 3736 ad
2132 3664 2432 3736 futuram
2474 3663 2879 3735 memoriam
2928 3671 3000 3733 et
3047 3660 3365 3733 stabilem
3420 3656 3814 3730 firmitatem
3835 3711 3859 3748 ‚

1046 3809 1334 3884 presens
1380 3787 1716 3885 scriptum
1762 3784 1928 3860 inde
1976 3786 2126 3861 fieri
2171 3796 2243 3859 et
2286 3787 2511 3880 sigillo
2561 3798 2794 3861 nostre
2830 3784 3258 3860 celsitudinis
3289 3783 3624 3878 jussimus
3671 3804 3863 3856 com·

1043 3911 1325 3985 muniri.
3495 3906 3505 3917 ’

1139 4038 1394 4109 Datum
1426 4032 1618 4131 apud
1651 4033 2036 4128 Augustam
2060 4089 2081 4128 ,
2114 4056 2301 4108 anno
2333 4034 2682 4108 dominice
2708 4032 3204 4107 incarnationis
3221 4029 3588 4104 millesimo
3610 4024 3869 4102 ducen-

1044 4161 1288 4233 tesimo
1317 4159 1848 4254 quadragesimo
1875 4168 2077 4231 sexto
2094 4211 2114 4249 ,
2144 4180 2386 4231 mense
2418 4158 2866 4253 septembris,
2898 4157 3141 4253 quinta
3168 4154 3575 4230 indictione.

1121 4345 1208 4426 (a)
1246 4347 1381 4421 Sic,
1408 4346 1514 4408 sed
1538 4362 1658 4408 vox
1684 4342 1842 4427 quod
1875 4345 2179 4407 abundare
2203 4344 2463 4408 videtur.

1110 4650 1185 4723 (4)
1222 4649 1508 4708 posteriori
1535 4662 1666 4709 vero
1689 4655 1933 4723 tempore
1956 4650 2102 4708 diota
2128 4654 2213 4708 eet
2234 4644 2528 4722 parrochia
2550 4647 2617 4707 de
2641 4646 2971 4722 studebam.
