4525 6031
597 668 800 727 ίιωιστ.
839 666 967 744 15.]
1499 666 1897 730 HISTORIA
1945 668 2539 731 mPLOMATch.
2678 702 2683 707 ·
3307 676 3429 736 835

596 811 827 873 sentes
857 800 1052 896 quod
1081 822 1209 872 nos
1237 801 1508 872 civibus
1525 802 1614 873 de
1637 802 2068 897 Wetphlaria
2106 801 2430 875 fidelibus
2457 804 2711 878 nostris
2744 806 2975 878 omnia
2997 807 3186 899 jura,
3215 808 3428 881 liber-

601 933 776 997 tates
822 946 946 996 seu
988 924 1529 997 consuetudines
1584 946 1743 996 suas
1800 934 1939 996 tam
1990 926 2314 1019 antiquas
2359 949 2570 1022 quam
2618 928 2825 999 etiam
2876 951 3122 1019 novaS,
3168 953 3342 1023 quas
3386 956 3427 1005 a

598 1048 882 1122 domino
933 1057 1004 1121 et
1051 1057 1252 1143 patre
1305 1058 1543 1120 nostro
1594 1048 1943 1121 Friderico
1994 1050 2463 1122 Romanorum
2518 1051 2937 1146 imperatore
2984 1053 3429 1127 serenissimo

595 1172 935 1246 hactenus
971 1172 1459 1263 obtinuerunt,
1505 1170 1595 1244 de
1642 1172 1881 1245 innata
1923 1174 2125 1245 nobis
2168 1173 2597 1266 benignitate
2636 1175 2737 1246 eis
2781 1197 2904 1271 per
2953 1187 3225 1249 nostras
3269 1200 3431 1273 pre-

600 1305 833 1369 sentes
873 1297 1138 1367 litteras
1176 1295 1509 1369 duximus
1545 1295 2082 1369 confirmandas
2113 1298 2535 1370 Mandantes
2575 1312 2646 1371 et
2691 1300 3099 1372 auctoritate
3142 1311 3432 1396 paterna

599 1429 672 1491 et
699 1414 954 1492 ¹nostra
1003 1417 1296 1491 firmiter
1344 1430 1416 1492 et
1468 1417 1780 1492 districte
1830 1421 2292 1516 precipientes
2344 1422 2672 1517 quatinus
2724 1424 2959 1495 nullus
3014 1435 3431 1497 memoratos

600 1543 790 1615 cives
835 1544 906 1615 in
967 1543 1112 1615 suis
1156 1544 1469 1636 juribus,
1525 1544 1962 1616 libertatibus
2007 1568 2130 1617 seu
2181 1546 2802 1618 consuetudinibus
2861 1548 3197 1620 hactenus
3247 1548 3431 1620 licite

601 1666 903 1739 obtentis
935 1678 1177 1739 contra
1208 1667 1390 1739 hanc
1421 1678 1654 1740 nostre
1688 1666 2230 1740 confirmationis
2262 1670 2587 1764 paginam
2622 1693 2973 1764 quoquam
3002 1693 3174 1742 ausu
3216 1650 3429 1744 teme-

600 1792 784 1863 rario
816 1770 1186 1866 molestare
1213 1804 1591 1889 presumat.
1627 1794 1831 1879 Quod
1863 1794 1982 1888 qui
2017 1796 2516 1889 presumpserit
2552 1797 3094 1887 indignationem
3126 1808 3429 1869 nostram

602 1936 677 1987 se
727 1916 1004 1989 noverit
1050 1918 1355 2010 graviter
1416 1917 1815 1988 incurrisse.
1871 1918 2301 2012 Precipimus
2343 1928 2574 1989 autem
2630 1919 2790 2004 tibi,
2844 1920 3291 2011 burcgravie‚
3351 1942 3434 1992 ac

601 2039 849 2110 ceteris
881 2039 1139 2111 ibidem
1175 2041 1625 2135 postmodum
1675 2041 1991 2113 officiatis
2043 2042 2298 2113 nostris
2330 2042 2792 2113 existentibus
2823 2053 2902 2113 ut
2930 2044 3212 2115 eosdem
3246 2044 3435 2116 cives

600 2163 674 2234 in
704 2162 1037 2257 predictis
1073 2163 1484 2235 auctoritate
1524 2155 1760 2236 nostra
1793 2174 2245 2236 manuteneas
2279 2175 2350 2237 et
2390 2165 2754 2238 defendaS.

482 2272 491 2280 ’
698 2284 952 2358 Actum
986 2296 1057 2358 et
1099 2286 1343 2359 datum
1391 2287 1580 2383 apud
1622 2288 2057 2379 Rodinburc,
2110 2309 2298 2360 anno
2340 2289 2617 2360 Domini
2659 2292 2754 2363 M.
2777 2291 2898 2363 CC.
2924 2290 3141 2380 XLII,
3191 2311 3429 2362 mense

600 2410 820 2501 maio,
861 2411 983 2482 XV
1019 2410 1423 2483 indictione.
2236 2438 2241 2443 ·

1973 2616 2065 2689 11.

765 2790 951 2870 (Edit.
987 2809 1086 2869 ap.
1115 2788 1387 2873 Privileq.
1420 2798 1478 2852 et
1497 2798 1680 2871 pacta
1718 2808 1830 2852 von
1856 2789 2136 2869 stankfi,
2167 2809 2228 2868 p.
2262 2799 2322 2850 ’4.
2353 2824 2436 2835 -
2461 2791 2697 2869 Lumo,
2724 2789 3138 2867 Reicitur-chio,
3170 2799 3217 2854 t.
3251 2794 3425 2868 XIII,

841 2914 897 2973 p.
935 2906 1072 2957 558.
1101 2930 1182 2941 —
1212 2899 1537 2967 Boanum,
1571 2893 1711 2958 eod.
1744 2893 1980 2975 diplom.
2011 2894 2498 2975 Moenosrancos„
2530 2905 2578 2956 t.
2612 2897 2665 2973 Ι,
2696 2915 2757 2974 p.
2792 2898 2913 2975 70.)

695 3084 1075 3174 Conradus,
1113 3083 1258 3156 divi
1287 3083 1558 3175 augusti
1596 3082 2033 3177 imperatoris
2063 3083 2391 3154 Friderici
2424 3082 2633 3171 filius,
2669 3083 2791 3153 Dei
2826 3084 3044 3174 gratia
3073 3085 3431 3155 Romano-

601 3230 758 3279 rum
789 3209 860 3279 in
893 3230 1132 3301 regem
1172 3209 1435 3279 electus
1479 3229 1754 3302 semper
1794 3217 2130 3298 augustus
2180 3221 2250 3278 et
2301 3207 2507 3277 heres
2556 3207 2751 3297 regni
2798 3209 3218 3297 Jerusalem,
3267 3207 3426 3277 uni-

597 3332 817 3404 versis
866 3332 955 3403 ad
1016 3353 1194 3424 quos
1247 3341 1607 3425 presentes
1662 3331 1890 3400 littere
1948 3330 2395 3423 pervenerint
2447 3330 2718 3423 imperii
2765 3328 3088 3401 fidelibus
3135 3329 3430 3422 gratiam
3496 3405 3497 3408 ,

600 3477 797 3528 suam
837 3465 907 3526 et
938 3477 1146 3527 omne
1179 3455 1465 3526 bonum.
1502 3453 1943 3526 Universitati
1977 3465 2208 3525 vestre
2258 3463 2503 3524 notum
2539 3450 2689 3523 fieri
2732 3455 3055 3524 volumus
3096 3475 3223 3546 per
3268 3475 3429 3547 pre-

597 3588 831 3652 sentes
854 3580 1045 3671 quod
1074 3601 1203 3650 nos
1225 3579 1495 3650 civibus
1524 3579 1612 3650 de
1639 3578 2097 3649 Frankinvort
2127 3575 2448 3649 fidelibus
2475 3577 2728 3648 nostris
2760 3577 2993 3649 omnia
3018 3577 3206 3669 jura,
3228 3579 3434 3650 liber-

603 3712 779 3775 tates
816 3714 887 3773 et
926 3701 1469 3774 consuetudines
1509 3722 1671 3772 suas
1716 3712 1858 3772 tam
1899 3702 2222 3794 antiquas
2264 3723 2474 3794 quam
2520 3721 2737 3771 novas
2778 3722 2820 3771 a
2867 3701 3152 3772 domino
3194 3711 3433 3773 nostro

600 3838 672 3901 et
760 3827 1075 3922 genitore
1161 3827 1513 3899 Friderico
1592 3828 2060 3898 Romanorum
2150 3828 2567 3920 imperatore
2647 3826 3086 3896 serenissimo
3166 3825 3432 3897 eisdem

600 3952 934 4040 indultaS‚
971 3953 1061 4024 de
1090 3952 1329 4022 innata
1362 3951 1563 4022 nobis
1602 3950 2028 4042 benignitate
2065 3951 2399 4022 duximus
2432 3925 2981 4037 confirmandas;
3021 3949 3434 4019 mandantes

601 4087 673 4148 et
712 4077 1121 4148 auctoritate
1156 4085 1447 4170 paterna
1494 4084 1868 4168 nostraque
1907 4073 2196 4145 firmiter
2233 4084 2307 4144 et
2341 4072 2652 4143 districte
2694 4071 3159 4166 precipientes
3203 4071 3433 4162 quati-

601 4222 735 4271 nus
762 4200 998 4270 nullus
1026 4199 1311 4271 eosdem
1344 4198 1533 4271 cives
1562 4198 1635 4267 in
1667 4197 1811 4268 suis
1829 4197 2107 4289 juribus
2152 4206 2223 4266 et
2272 4195 2707 4265 libertatibus
2752 4193 3089 4264 hactenus
3128 4193 3433 4263 obtentis

601 4334 843 4395 contra
899 4321 1084 4394 hanc
1134 4332 1372 4394 nostre
1436 4318 1979 4393 confirmationis
2033 4319 2358 4415 paginam
2418 4338 2769 4412 quoquam
2826 4337 3000 4388 ausu
3069 4311 3435 4388 temerario

603 4449 974 4518 molestare
1016 4456 1394 4542 presumat.
1441 4445 1645 4530 Quod
1690 4444 1811 4538 qui
1856 4443 2355 4538 presumpserit
2408 4441 2955 4534 indignationem
2995 4449 3310 4516 ,nostram
3357 4459 3432 4510 se

602 4571 879 4641 noverit
928 4570 1234 4662 graviter
1295 4569 1694 4640 incurrisse.
1755 4567 2177 4662 Pr·ecipimus
2229 4577 2467 4638 autem
2522 4565 2685 4656 tibi,
2746 4564 3116 4655 burgi-avie
3167 4564 3228 4653 (4
3245 4561 3298 4657 ),
3350 4583 3434 4633 ac

674 4800 747 4871 (t)
782 4798 932 4854 Tunc
963 4812 1140 4872 neque
1167 4796 1312 4871 apud
1337 4794 1586 4855 wotzlar
1619 4809 1797 4868 neque
1823 4793 1966 4868 apud
1998 4792 2285 4851 Francfort
2310 4791 2587 4865 burgravii
2609 4755 2851 4849 aderant.
2882 4790 2988 4847 Sed
3027 4789 3277 4847 arbitrari
3306 4788 3433 4847 licet
