<?xml version="1.0" encoding="UTF-8"?>
<!DOCTYPE html PUBLIC "-//W3C//DTD XHTML 1.0 Transitional//EN"
    "http://www.w3.org/TR/xhtml1/DTD/xhtml1-transitional.dtd">
<html xmlns="http://www.w3.org/1999/xhtml" xml:lang="en" lang="en">
 <head>
  <title>
</title>
<meta http-equiv="Content-Type" content="text/html;charset=utf-8" />
  <meta name='ocr-system' content='tesseract 3.04.00' />
  <meta name='ocr-capabilities' content='ocr_page ocr_carea ocr_par ocr_line ocrx_word'/>
</head>
<body>
  <div class='ocr_page' id='page_1' title='image "./historiadiploma01empegoog_0239.png"; bbox 0 0 4525 6031; ppageno 0'>
   <div class='ocr_carea' id='block_1_1' title="bbox 703 625 3571 718">
    <p class='ocr_par' dir='ltr' id='par_1_1' title="bbox 703 625 3571 718">
     <span class='ocr_line' id='line_1_1' title="bbox 703 625 3571 718; baseline 0.002 -15"><span class='ocrx_word' id='word_1_1' title='bbox 703 625 941 703; x_wconf 54' lang='lat' dir='ltr'><strong>imm.</strong></span> <span class='ocrx_word' id='word_1_2' title='bbox 969 640 1068 718; x_wconf 71' lang='grc'><strong>8.]</strong></span> <span class='ocrx_word' id='word_1_3' title='bbox 1647 638 2042 700; x_wconf 65' lang='lat' dir='ltr'><strong>rusa-oms</strong></span> <span class='ocrx_word' id='word_1_4' title='bbox 2090 640 2680 703; x_wconf 61' lang='lat' dir='ltr'><strong>mercum-mn.</strong></span> <span class='ocrx_word' id='word_1_5' title='bbox 3449 647 3571 710; x_wconf 83' lang='lat'><strong>781</strong></span> 
     </span>
    </p>
   </div>
   <div class='ocr_carea' id='block_1_2' title="bbox 743 772 3595 4580">
    <p class='ocr_par' dir='ltr' id='par_1_2' title="bbox 743 772 3576 970">
     <span class='ocr_line' id='line_1_2' title="bbox 743 772 3576 876; baseline 0.003 -31"><span class='ocrx_word' id='word_1_6' title='bbox 743 773 934 845; x_wconf 87' lang='lat' dir='ltr'><strong>ciarii</strong></span> <span class='ocrx_word' id='word_1_7' title='bbox 1001 773 1404 869; x_wconf 78' lang='lat' dir='ltr'><strong>Capitanate</strong></span> <span class='ocrx_word' id='word_1_8' title='bbox 1462 772 1727 849; x_wconf 81' lang='lat' dir='ltr'><strong>litteras</strong></span> <span class='ocrx_word' id='word_1_9' title='bbox 1780 773 2251 869; x_wconf 80' lang='lat' dir='ltr'><strong>infrascriptas</strong></span> <span class='ocrx_word' id='word_1_10' title='bbox 2306 775 2591 867; x_wconf 88' lang='lat' dir='ltr'><strong>detulit,</strong></span> <span class='ocrx_word' id='word_1_11' title='bbox 2636 800 2931 872; x_wconf 88' lang='lat' dir='ltr'><strong>quarum</strong></span> <span class='ocrx_word' id='word_1_12' title='bbox 2974 780 3400 852; x_wconf 85' lang='lat' dir='ltr'><strong>continentia</strong></span> <span class='ocrx_word' id='word_1_13' title='bbox 3449 802 3576 876; x_wconf 92' lang='lat' dir='ltr'><strong>per</strong></span> 
     </span>
     <span class='ocr_line' id='line_1_3' title="bbox 743 897 1421 970; baseline -0.003 0"><span class='ocrx_word' id='word_1_14' title='bbox 743 898 977 970; x_wconf 89' lang='lat' dir='ltr'><strong>omnia</strong></span> <span class='ocrx_word' id='word_1_15' title='bbox 1011 897 1169 968; x_wconf 86' lang='lat' dir='ltr'><strong>talis</strong></span> <span class='ocrx_word' id='word_1_16' title='bbox 1207 906 1356 968; x_wconf 89' lang='lat' dir='ltr'><strong>erat</strong></span> <span class='ocrx_word' id='word_1_17' title='bbox 1401 926 1421 968; x_wconf 71' lang='lat' dir='ltr'><strong>e</strong></span> 
     </span>
    </p>

    <p class='ocr_par' dir='ltr' id='par_1_3' title="bbox 745 1020 3579 1489">
     <span class='ocr_line' id='line_1_4' title="bbox 839 1020 3573 1119; baseline 0.003 -26"><span class='ocrx_word' id='word_1_18' title='bbox 839 1021 1205 1094; x_wconf 87' lang='lat' dir='ltr'>Nobilibus</span> <span class='ocrx_word' id='word_1_19' title='bbox 1231 1020 1400 1092; x_wconf 88' lang='lat' dir='ltr'><strong>viris</strong></span> <span class='ocrx_word' id='word_1_20' title='bbox 1423 1020 1707 1092; x_wconf 91' lang='lat' dir='ltr'><strong>domino</strong></span> <span class='ocrx_word' id='word_1_21' title='bbox 1723 1020 2047 1092; x_wconf 90' lang='lat' dir='ltr'><strong>Cunterio</strong></span> <span class='ocrx_word' id='word_1_22' title='bbox 2069 1021 2411 1117; x_wconf 88' lang='lat' dir='ltr'><strong>imperiali</strong></span> <span class='ocrx_word' id='word_1_23' title='bbox 2442 1024 2821 1097; x_wconf 87' lang='lat' dir='ltr'><strong>castellano</strong></span> <span class='ocrx_word' id='word_1_24' title='bbox 2848 1025 3047 1097; x_wconf 85' lang='lat' dir='ltr'><strong>Troie</strong></span> <span class='ocrx_word' id='word_1_25' title='bbox 3082 1036 3153 1097; x_wconf 92' lang='lat' dir='ltr'><strong>et</strong></span> <span class='ocrx_word' id='word_1_26' title='bbox 3170 1027 3390 1119; x_wconf 87' lang='lat' dir='ltr'><strong>judici</strong></span> <span class='ocrx_word' id='word_1_27' title='bbox 3405 1029 3573 1101; x_wconf 89' lang='lat' dir='ltr'><strong>Sca-</strong></span> 
     </span>
     <span class='ocr_line' id='line_1_5' title="bbox 745 1143 3579 1243; baseline 0.002 -26"><span class='ocrx_word' id='word_1_28' title='bbox 745 1145 948 1218; x_wconf 89' lang='lat' dir='ltr'><strong>lionis</strong></span> <span class='ocrx_word' id='word_1_29' title='bbox 1006 1146 1096 1217; x_wconf 90' lang='lat' dir='ltr'><strong>de</strong></span> <span class='ocrx_word' id='word_1_30' title='bbox 1132 1144 1341 1236; x_wconf 76' lang='lat' dir='ltr'><strong>Fogia</strong></span> <span class='ocrx_word' id='word_1_31' title='bbox 1390 1143 1629 1216; x_wconf 88' lang='lat' dir='ltr'><strong>amicis</strong></span> <span class='ocrx_word' id='word_1_32' title='bbox 1677 1144 1849 1235; x_wconf 85' lang='lat' dir='ltr'><strong>suis,</strong></span> <span class='ocrx_word' id='word_1_33' title='bbox 1889 1146 2262 1218; x_wconf 83' lang='lat' dir='ltr'><strong>Gervasius</strong></span> <span class='ocrx_word' id='word_1_34' title='bbox 2308 1147 2397 1219; x_wconf 90' lang='lat' dir='ltr'><strong>de</strong></span> <span class='ocrx_word' id='word_1_35' title='bbox 2441 1148 2736 1219; x_wconf 88' lang='lat' dir='ltr'><strong>Martina</strong></span> <span class='ocrx_word' id='word_1_36' title='bbox 2761 1148 3135 1243; x_wconf 89' lang='lat' dir='ltr'><strong>imperialis</strong></span> <span class='ocrx_word' id='word_1_37' title='bbox 3159 1150 3579 1241; x_wconf 82' lang='lat' dir='ltr'><strong>justiciarius</strong></span> 
     </span>
     <span class='ocr_line' id='line_1_6' title="bbox 745 1269 3578 1368; baseline 0.002 -26"><span class='ocrx_word' id='word_1_38' title='bbox 745 1269 1147 1363; x_wconf 88' lang='lat' dir='ltr'><strong>Capitanate</strong></span> <span class='ocrx_word' id='word_1_39' title='bbox 1185 1269 1480 1339; x_wconf 87' lang='lat' dir='ltr'><strong>salutem</strong></span> <span class='ocrx_word' id='word_1_40' title='bbox 1519 1277 1591 1339; x_wconf 90' lang='lat' dir='ltr'><strong>et</strong></span> <span class='ocrx_word' id='word_1_41' title='bbox 1630 1289 1937 1339; x_wconf 87' lang='lat' dir='ltr'><strong>amorem</strong></span> <span class='ocrx_word' id='word_1_42' title='bbox 1981 1269 2357 1340; x_wconf 89' lang='lat' dir='ltr'><strong>sincerum.</strong></span> <span class='ocrx_word' id='word_1_43' title='bbox 2405 1272 2591 1342; x_wconf 89' lang='lat' dir='ltr'><strong>Inter</strong></span> <span class='ocrx_word' id='word_1_44' title='bbox 2636 1271 2773 1343; x_wconf 88' lang='lat' dir='ltr'><strong>alia</strong></span> <span class='ocrx_word' id='word_1_45' title='bbox 2813 1273 3115 1365; x_wconf 91' lang='lat' dir='ltr'><strong>capitula</strong></span> <span class='ocrx_word' id='word_1_46' title='bbox 3159 1273 3233 1344; x_wconf 89' lang='lat' dir='ltr'><strong>iu</strong></span> <span class='ocrx_word' id='word_1_47' title='bbox 3270 1274 3578 1368; x_wconf 89' lang='lat' dir='ltr'><strong>quodam</strong></span> 
     </span>
     <span class='ocr_line' id='line_1_7' title="bbox 749 1391 3394 1489; baseline 0.002 -26"><span class='ocrx_word' id='word_1_48' title='bbox 749 1413 947 1464; x_wconf 91' lang='lat' dir='ltr'><strong>sacro</strong></span> <span class='ocrx_word' id='word_1_49' title='bbox 983 1391 1322 1487; x_wconf 90' lang='lat' dir='ltr'><strong>imperiali</strong></span> <span class='ocrx_word' id='word_1_50' title='bbox 1357 1391 1690 1463; x_wconf 89' lang='lat' dir='ltr'><strong>mandato</strong></span> <span class='ocrx_word' id='word_1_51' title='bbox 1718 1392 1994 1465; x_wconf 86' lang='lat' dir='ltr'><strong>noviter</strong></span> <span class='ocrx_word' id='word_1_52' title='bbox 2025 1393 2228 1465; x_wconf 91' lang='lat' dir='ltr'><strong>nobis</strong></span> <span class='ocrx_word' id='word_1_53' title='bbox 2252 1394 2463 1466; x_wconf 88' lang='lat' dir='ltr'><strong>missa</strong></span> <span class='ocrx_word' id='word_1_54' title='bbox 2483 1447 2503 1483; x_wconf 87' lang='lat'>‚</span> <span class='ocrx_word' id='word_1_55' title='bbox 2548 1394 2929 1489; x_wconf 88' lang='lat' dir='ltr'><strong>capitulum</strong></span> <span class='ocrx_word' id='word_1_56' title='bbox 2956 1397 3345 1489; x_wconf 81' lang='lat' dir='ltr'><strong>recepimus</strong></span> <span class='ocrx_word' id='word_1_57' title='bbox 3377 1426 3394 1469; x_wconf 74' lang='grc' dir='ltr'><strong><em>ε</em></strong></span> 
     </span>
    </p>

    <p class='ocr_par' dir='ltr' id='par_1_4' title="bbox 739 1517 3587 2603">
     <span class='ocr_line' id='line_1_8' title="bbox 857 1517 3580 1617; baseline 0.002 -31"><span class='ocrx_word' id='word_1_58' title='bbox 857 1567 1685 1592; x_wconf 87' lang='grc'><strong>...........</strong></span> <span class='ocrx_word' id='word_1_59' title='bbox 1740 1517 1910 1591; x_wconf 86' lang='lat' dir='ltr'><strong>Cum</strong></span> <span class='ocrx_word' id='word_1_60' title='bbox 1952 1517 2044 1591; x_wconf 89' lang='lat' dir='ltr'><strong>ad</strong></span> <span class='ocrx_word' id='word_1_61' title='bbox 2083 1518 2239 1591; x_wconf 88' lang='lat' dir='ltr'><strong>loca</strong></span> <span class='ocrx_word' id='word_1_62' title='bbox 2274 1518 2701 1594; x_wconf 80' lang='lat' dir='ltr'><strong>venerabilia</strong></span> <span class='ocrx_word' id='word_1_63' title='bbox 2733 1540 2871 1617; x_wconf 89' lang='lat' dir='ltr'><strong>que</strong></span> <span class='ocrx_word' id='word_1_64' title='bbox 2899 1519 3137 1595; x_wconf 88' lang='lat' dir='ltr'><strong>divino</strong></span> <span class='ocrx_word' id='word_1_65' title='bbox 3162 1520 3383 1597; x_wconf 89' lang='lat' dir='ltr'><strong>cultui</strong></span> <span class='ocrx_word' id='word_1_66' title='bbox 3415 1530 3580 1596; x_wconf 84' lang='lat' dir='ltr'><strong>sunt</strong></span> 
     </span>
     <span class='ocr_line' id='line_1_9' title="bbox 753 1639 3580 1743; baseline 0.005 -32"><span class='ocrx_word' id='word_1_67' title='bbox 753 1639 1069 1737; x_wconf 86' lang='lat' dir='ltr'><strong>exposita</strong></span> <span class='ocrx_word' id='word_1_68' title='bbox 1110 1640 1490 1735; x_wconf 83' lang='lat' dir='ltr'><strong>benignum</strong></span> <span class='ocrx_word' id='word_1_69' title='bbox 1535 1661 1811 1735; x_wconf 83' lang='lat' dir='ltr'><strong>semper</strong></span> <span class='ocrx_word' id='word_1_70' title='bbox 1862 1641 2295 1739; x_wconf 86' lang='lat' dir='ltr'><strong>propositum</strong></span> <span class='ocrx_word' id='word_1_71' title='bbox 2337 1641 2755 1735; x_wconf 70' lang='lat' dir='ltr'><strong>habeamus»,</strong></span> <span class='ocrx_word' id='word_1_72' title='bbox 2792 1641 3580 1743; x_wconf 69' lang='lat' dir='ltr'><strong>huJusmodiperspica-</strong></span> 
     </span>
     <span class='ocr_line' id='line_1_10' title="bbox 751 1760 3579 1870; baseline 0.004 -35"><span class='ocrx_word' id='word_1_73' title='bbox 751 1764 951 1839; x_wconf 91' lang='lat' dir='ltr'><strong>cioue</strong></span> <span class='ocrx_word' id='word_1_74' title='bbox 992 1764 1404 1836; x_wconf 87' lang='lat' dir='ltr'><strong>contradicti</strong></span> <span class='ocrx_word' id='word_1_75' title='bbox 1464 1760 1578 1863; x_wconf 77' lang='grc' dir='ltr'><strong>(Ρ)</strong></span> <span class='ocrx_word' id='word_1_76' title='bbox 1629 1762 1944 1836; x_wconf 86' lang='lat' dir='ltr'><strong>fidelitati</strong></span> <span class='ocrx_word' id='word_1_77' title='bbox 2011 1775 2126 1836; x_wconf 87' lang='lat' dir='ltr'><strong>tue</strong></span> <span class='ocrx_word' id='word_1_78' title='bbox 2183 1764 2601 1839; x_wconf 85' lang='lat' dir='ltr'><strong>mandamus</strong></span> <span class='ocrx_word' id='word_1_79' title='bbox 2649 1766 2979 1865; x_wconf 86' lang='lat' dir='ltr'><strong>quatinus</strong></span> <span class='ocrx_word' id='word_1_80' title='bbox 3028 1766 3397 1865; x_wconf 83' lang='lat' dir='ltr'><strong>hospitalia</strong></span> <span class='ocrx_word' id='word_1_81' title='bbox 3442 1791 3579 1870; x_wconf 81' lang='lat' dir='ltr'><strong>que</strong></span> 
     </span>
     <span class='ocr_line' id='line_1_11' title="bbox 751 1888 3584 1987; baseline 0.001 -26"><span class='ocrx_word' id='word_1_82' title='bbox 751 1890 1000 1963; x_wconf 90' lang='lat' dir='ltr'><strong>domus</strong></span> <span class='ocrx_word' id='word_1_83' title='bbox 1042 1889 1276 1961; x_wconf 87' lang='lat' dir='ltr'><strong>Sancti</strong></span> <span class='ocrx_word' id='word_1_84' title='bbox 1330 1888 1665 1961; x_wconf 78' lang='lat' dir='ltr'><strong>Iohannis</strong></span> <span class='ocrx_word' id='word_1_85' title='bbox 1708 1889 2279 1979; x_wconf 71' lang='lat' dir='ltr'><strong>ierosolimitani,</strong></span> <span class='ocrx_word' id='word_1_86' title='bbox 2321 1889 2817 1965; x_wconf 88' lang='lat' dir='ltr'><strong>monasterium</strong></span> <span class='ocrx_word' id='word_1_87' title='bbox 2863 1890 3118 1963; x_wconf 88' lang='lat' dir='ltr'><strong>Montis</strong></span> <span class='ocrx_word' id='word_1_88' title='bbox 3157 1891 3456 1987; x_wconf 78' lang='lat' dir='ltr'><strong>Virginis</strong></span> <span class='ocrx_word' id='word_1_89' title='bbox 3512 1903 3584 1971; x_wconf 89' lang='lat' dir='ltr'><strong>et</strong></span> 
     </span>
     <span class='ocr_line' id='line_1_12' title="bbox 754 2011 3582 2111; baseline 0.001 -27"><span class='ocrx_word' id='word_1_90' title='bbox 754 2012 1004 2085; x_wconf 92' lang='lat' dir='ltr'><strong>domus</strong></span> <span class='ocrx_word' id='word_1_91' title='bbox 1038 2012 1270 2083; x_wconf 87' lang='lat' dir='ltr'><strong>Sancti</strong></span> <span class='ocrx_word' id='word_1_92' title='bbox 1306 2012 1617 2107; x_wconf 89' lang='lat' dir='ltr'><strong>Sepulcri</strong></span> <span class='ocrx_word' id='word_1_93' title='bbox 1650 2011 1915 2086; x_wconf 87' lang='lat' dir='ltr'><strong>habent</strong></span> <span class='ocrx_word' id='word_1_94' title='bbox 1945 2012 2018 2084; x_wconf 90' lang='lat' dir='ltr'><strong>in</strong></span> <span class='ocrx_word' id='word_1_95' title='bbox 2051 2011 2253 2083; x_wconf 85' lang='lat' dir='ltr'><strong>Troia</strong></span> <span class='ocrx_word' id='word_1_96' title='bbox 2291 2022 2429 2085; x_wconf 83' lang='lat' dir='ltr'><strong>tam</strong></span> <span class='ocrx_word' id='word_1_97' title='bbox 2474 2013 2544 2083; x_wconf 92' lang='lat' dir='ltr'><strong>in</strong></span> <span class='ocrx_word' id='word_1_98' title='bbox 2582 2012 2991 2111; x_wconf 88' lang='lat' dir='ltr'><strong>corporibus</strong></span> <span class='ocrx_word' id='word_1_99' title='bbox 3023 2014 3471 2086; x_wconf 89' lang='lat' dir='ltr'><strong>ecclesiarum</strong></span> <span class='ocrx_word' id='word_1_100' title='bbox 3512 2028 3582 2096; x_wconf 86' lang='lat' dir='ltr'><strong>et</strong></span> 
     </span>
     <span class='ocr_line' id='line_1_13' title="bbox 756 2135 3587 2231; baseline 0.002 -24"><span class='ocrx_word' id='word_1_101' title='bbox 756 2136 1122 2208; x_wconf 90' lang='lat' dir='ltr'><strong>domorum</strong></span> <span class='ocrx_word' id='word_1_102' title='bbox 1150 2158 1358 2229; x_wconf 91' lang='lat' dir='ltr'><strong>quam</strong></span> <span class='ocrx_word' id='word_1_103' title='bbox 1395 2136 1464 2205; x_wconf 92' lang='lat' dir='ltr'><strong>in</strong></span> <span class='ocrx_word' id='word_1_104' title='bbox 1494 2137 1706 2208; x_wconf 88' lang='lat' dir='ltr'><strong>rebus</strong></span> <span class='ocrx_word' id='word_1_105' title='bbox 1732 2147 1801 2207; x_wconf 91' lang='lat' dir='ltr'><strong>et</strong></span> <span class='ocrx_word' id='word_1_106' title='bbox 1818 2136 1972 2206; x_wconf 88' lang='lat' dir='ltr'><strong>aliis</strong></span> <span class='ocrx_word' id='word_1_107' title='bbox 2000 2135 2553 2231; x_wconf 89' lang='lat' dir='ltr'><strong>possessionibus</strong></span> <span class='ocrx_word' id='word_1_108' title='bbox 2582 2157 2757 2228; x_wconf 89' lang='lat' dir='ltr'><strong>quas</strong></span> <span class='ocrx_word' id='word_1_109' title='bbox 2784 2135 3044 2208; x_wconf 89' lang='lat' dir='ltr'><strong>ibidem</strong></span> <span class='ocrx_word' id='word_1_110' title='bbox 3071 2148 3359 2211; x_wconf 89' lang='lat' dir='ltr'><strong>actenus</strong></span> <span class='ocrx_word' id='word_1_111' title='bbox 3385 2141 3587 2212; x_wconf 88' lang='lat' dir='ltr'><strong>ratio·</strong></span> 
     </span>
     <span class='ocr_line' id='line_1_14' title="bbox 755 2259 3586 2359; baseline 0.002 -27"><span class='ocrx_word' id='word_1_112' title='bbox 755 2261 1080 2332; x_wconf 87' lang='lat' dir='ltr'><strong>nabiliter</strong></span> <span class='ocrx_word' id='word_1_113' title='bbox 1118 2270 1530 2352; x_wconf 86' lang='lat' dir='ltr'><strong>tenuerunt,</strong></span> <span class='ocrx_word' id='word_1_114' title='bbox 1570 2281 1710 2332; x_wconf 91' lang='lat' dir='ltr'><strong>non</strong></span> <span class='ocrx_word' id='word_1_115' title='bbox 1744 2259 2037 2333; x_wconf 87' lang='lat' dir='ltr'><strong>ulterius</strong></span> <span class='ocrx_word' id='word_1_116' title='bbox 2068 2262 2394 2335; x_wconf 83' lang='lat' dir='ltr'><strong>molestes</strong></span> <span class='ocrx_word' id='word_1_117' title='bbox 2430 2281 2560 2336; x_wconf 89' lang='lat' dir='ltr'><strong>nec</strong></span> <span class='ocrx_word' id='word_1_118' title='bbox 2609 2259 2892 2359; x_wconf 78' lang='lat' dir='ltr'><strong>patiaris</strong></span> <span class='ocrx_word' id='word_1_119' title='bbox 2921 2282 2965 2337; x_wconf 84' lang='lat' dir='ltr'><strong>a</strong></span> <span class='ocrx_word' id='word_1_120' title='bbox 3004 2261 3140 2337; x_wconf 84' lang='lat' dir='ltr'><strong>tuis</strong></span> <span class='ocrx_word' id='word_1_121' title='bbox 3178 2262 3586 2337; x_wconf 87' lang='lat' dir='ltr'><strong>officialibus</strong></span> 
     </span>
     <span class='ocr_line' id='line_1_15' title="bbox 754 2379 3586 2485; baseline 0.002 -30.974"><span class='ocrx_word' id='word_1_122' title='bbox 754 2379 1189 2485; x_wconf 88' lang='lat' dir='ltr'><strong>[molestari],</strong></span> <span class='ocrx_word' id='word_1_123' title='bbox 1226 2385 1498 2459; x_wconf 89' lang='lat' dir='ltr'><strong>nullum</strong></span> <span class='ocrx_word' id='word_1_124' title='bbox 1533 2392 1903 2481; x_wconf 88' lang='lat' dir='ltr'><strong>propterea</strong></span> <span class='ocrx_word' id='word_1_125' title='bbox 1935 2383 2357 2457; x_wconf 87' lang='lat' dir='ltr'><strong>monachum</strong></span> <span class='ocrx_word' id='word_1_126' title='bbox 2388 2383 2500 2459; x_wconf 87' lang='lat' dir='ltr'><strong>vel</strong></span> <span class='ocrx_word' id='word_1_127' title='bbox 2536 2383 2919 2461; x_wconf 84' lang='lat' dir='ltr'><strong>confratres</strong></span> <span class='ocrx_word' id='word_1_128' title='bbox 2950 2384 3022 2461; x_wconf 83' lang='lat' dir='ltr'><strong>iu</strong></span> <span class='ocrx_word' id='word_1_129' title='bbox 3063 2385 3388 2461; x_wconf 89' lang='lat' dir='ltr'><strong>domibus</strong></span> <span class='ocrx_word' id='word_1_130' title='bbox 3420 2388 3586 2483; x_wconf 91' lang='lat' dir='ltr'><strong>ipsis</strong></span> 
     </span>
     <span class='ocr_line' id='line_1_16' title="bbox 756 2505 2764 2603; baseline -0.001 -22"><span class='ocrx_word' id='word_1_131' title='bbox 756 2508 1162 2597; x_wconf 83' lang='lat' dir='ltr'><strong>eorumdem</strong></span> <span class='ocrx_word' id='word_1_132' title='bbox 1191 2505 1293 2603; x_wconf 85' lang='lat' dir='ltr'><strong>(a)</strong></span> <span class='ocrx_word' id='word_1_133' title='bbox 1327 2508 1416 2583; x_wconf 89' lang='lat' dir='ltr'><strong>de</strong></span> <span class='ocrx_word' id='word_1_134' title='bbox 1440 2508 1642 2583; x_wconf 87' lang='lat' dir='ltr'><strong>Troia</strong></span> <span class='ocrx_word' id='word_1_135' title='bbox 1668 2528 1935 2581; x_wconf 90' lang='lat' dir='ltr'><strong>moram</strong></span> <span class='ocrx_word' id='word_1_136' title='bbox 1970 2506 2243 2581; x_wconf 88' lang='lat' dir='ltr'><strong>trahere</strong></span> <span class='ocrx_word' id='word_1_137' title='bbox 2278 2506 2764 2601; x_wconf 85' lang='lat' dir='ltr'><strong>permissurus.</strong></span> 
     </span>
    </p>

    <p class='ocr_par' dir='ltr' id='par_1_5' title="bbox 758 2630 3584 2829">
     <span class='ocr_line' id='line_1_17' title="bbox 853 2630 3584 2728; baseline 0.001 -25"><span class='ocrx_word' id='word_1_138' title='bbox 853 2633 1112 2703; x_wconf 86' lang='lat' dir='ltr'><strong>Datum</strong></span> <span class='ocrx_word' id='word_1_139' title='bbox 1146 2632 1220 2704; x_wconf 90' lang='lat' dir='ltr'><strong>in</strong></span> <span class='ocrx_word' id='word_1_140' title='bbox 1264 2632 1507 2703; x_wconf 85' lang='lat' dir='ltr'><strong>castris</strong></span> <span class='ocrx_word' id='word_1_141' title='bbox 1541 2653 1757 2728; x_wconf 90' lang='lat' dir='ltr'><strong>prope</strong></span> <span class='ocrx_word' id='word_1_142' title='bbox 1799 2633 2057 2703; x_wconf 89' lang='lat' dir='ltr'><strong>Lacum</strong></span> <span class='ocrx_word' id='word_1_143' title='bbox 2087 2632 2427 2703; x_wconf 90' lang='lat' dir='ltr'><strong>Pensilem</strong></span> <span class='ocrx_word' id='word_1_144' title='bbox 2454 2683 2475 2721; x_wconf 90' lang='lat'><strong>,</strong></span> <span class='ocrx_word' id='word_1_145' title='bbox 2505 2630 2835 2703; x_wconf 89' lang='lat' dir='ltr'><strong>vicesimo</strong></span> <span class='ocrx_word' id='word_1_146' title='bbox 2870 2641 3073 2702; x_wconf 84' lang='lat' dir='ltr'><strong>sexto</strong></span> <span class='ocrx_word' id='word_1_147' title='bbox 3105 2632 3297 2724; x_wconf 87' lang='lat' dir='ltr'><strong>julii,</strong></span> <span class='ocrx_word' id='word_1_148' title='bbox 3339 2643 3584 2707; x_wconf 77' lang='lat' dir='ltr'><strong>octave</strong></span> 
     </span>
     <span class='ocr_line' id='line_1_18' title="bbox 758 2756 1180 2829; baseline 0.007 -3"><span class='ocrx_word' id='word_1_149' title='bbox 758 2756 1180 2829; x_wconf 86' lang='lat' dir='ltr'><strong>indictionis.</strong></span> 
     </span>
    </p>

    <p class='ocr_par' dir='ltr' id='par_1_6' title="bbox 755 2866 3593 3965">
     <span class='ocr_line' id='line_1_19' title="bbox 858 2866 3585 2972; baseline 0.001 -22"><span class='ocrx_word' id='word_1_150' title='bbox 858 2880 1066 2971; x_wconf 91' lang='lat' dir='ltr'><strong>Cujus</strong></span> <span class='ocrx_word' id='word_1_151' title='bbox 1094 2878 1504 2950; x_wconf 87' lang='lat' dir='ltr'><strong>auctoritate</strong></span> <span class='ocrx_word' id='word_1_152' title='bbox 1541 2866 1852 2949; x_wconf 85' lang='lat' dir='ltr'><strong>mandati</strong></span> <span class='ocrx_word' id='word_1_153' title='bbox 1880 2877 2082 2950; x_wconf 87' lang='lat' dir='ltr'><strong>vobis</strong></span> <span class='ocrx_word' id='word_1_154' title='bbox 2115 2899 2208 2949; x_wconf 85' lang='lat' dir='ltr'><strong>ex</strong></span> <span class='ocrx_word' id='word_1_155' title='bbox 2239 2876 2580 2971; x_wconf 89' lang='lat' dir='ltr'><strong>imperiali</strong></span> <span class='ocrx_word' id='word_1_156' title='bbox 2611 2886 2807 2971; x_wconf 86' lang='lat' dir='ltr'><strong>parte</strong></span> <span class='ocrx_word' id='word_1_157' title='bbox 2845 2898 2986 2972; x_wconf 90' lang='lat' dir='ltr'><strong>qua</strong></span> <span class='ocrx_word' id='word_1_158' title='bbox 3031 2877 3384 2969; x_wconf 82' lang='lat' dir='ltr'><strong>fungimur</strong></span> <span class='ocrx_word' id='word_1_159' title='bbox 3417 2900 3585 2952; x_wconf 89' lang='lat' dir='ltr'><strong>auc·</strong></span> 
     </span>
     <span class='ocr_line' id='line_1_20' title="bbox 757 3000 3585 3097; baseline -0.001 -19"><span class='ocrx_word' id='word_1_160' title='bbox 757 3004 1035 3080; x_wconf 78' lang='lat' dir='ltr'><strong>toritate</strong></span> <span class='ocrx_word' id='word_1_161' title='bbox 1073 3002 1488 3078; x_wconf 85' lang='lat' dir='ltr'><strong>mandamus</strong></span> <span class='ocrx_word' id='word_1_162' title='bbox 1517 3002 1846 3096; x_wconf 82' lang='lat' dir='ltr'><strong>quatinus</strong></span> <span class='ocrx_word' id='word_1_163' title='bbox 1888 3002 2110 3075; x_wconf 83' lang='lat' dir='ltr'><strong>forma</strong></span> <span class='ocrx_word' id='word_1_164' title='bbox 2143 3000 2506 3097; x_wconf 89' lang='lat' dir='ltr'><strong>prescripti</strong></span> <span class='ocrx_word' id='word_1_165' title='bbox 2551 3000 2926 3096; x_wconf 88' lang='lat' dir='ltr'><strong>imperialis</strong></span> <span class='ocrx_word' id='word_1_166' title='bbox 2968 3002 3256 3095; x_wconf 87' lang='lat' dir='ltr'><strong>capituli</strong></span> <span class='ocrx_word' id='word_1_167' title='bbox 3286 3003 3585 3095; x_wconf 80' lang='lat' dir='ltr'><strong>diligen-</strong></span> 
     </span>
     <span class='ocr_line' id='line_1_21' title="bbox 760 3125 3590 3222; baseline -0.001 -22"><span class='ocrx_word' id='word_1_168' title='bbox 760 3138 869 3201; x_wconf 84' lang='lat' dir='ltr'><strong>ter</strong></span> <span class='ocrx_word' id='word_1_169' title='bbox 898 3137 1172 3200; x_wconf 86' lang='lat' dir='ltr'><strong>actenta</strong></span> <span class='ocrx_word' id='word_1_170' title='bbox 1194 3181 1214 3219; x_wconf 89' lang='lat'><strong>,</strong></span> <span class='ocrx_word' id='word_1_171' title='bbox 1248 3126 1618 3222; x_wconf 85' lang='lat' dir='ltr'><strong>hospitalia</strong></span> <span class='ocrx_word' id='word_1_172' title='bbox 1648 3148 1786 3218; x_wconf 87' lang='lat' dir='ltr'><strong>que</strong></span> <span class='ocrx_word' id='word_1_173' title='bbox 1821 3127 2075 3199; x_wconf 89' lang='lat' dir='ltr'><strong>domus</strong></span> <span class='ocrx_word' id='word_1_174' title='bbox 2106 3126 2341 3200; x_wconf 86' lang='lat' dir='ltr'><strong>Sancti</strong></span> <span class='ocrx_word' id='word_1_175' title='bbox 2371 3125 2704 3197; x_wconf 78' lang='lat' dir='ltr'><strong>Iohannis</strong></span> <span class='ocrx_word' id='word_1_176' title='bbox 2729 3126 3262 3197; x_wconf 79' lang='lat' dir='ltr'><strong>lerosolimitani</strong></span> <span class='ocrx_word' id='word_1_177' title='bbox 3284 3179 3303 3215; x_wconf 89' lang='lat'>‚</span> <span class='ocrx_word' id='word_1_178' title='bbox 3342 3148 3590 3199; x_wconf 92' lang='lat' dir='ltr'><strong>mona-</strong></span> 
     </span>
     <span class='ocr_line' id='line_1_22' title="bbox 757 3248 3591 3344; baseline 0 -18"><span class='ocrx_word' id='word_1_179' title='bbox 757 3252 1047 3326; x_wconf 81' lang='lat' dir='ltr'><strong>sterium</strong></span> <span class='ocrx_word' id='word_1_180' title='bbox 1109 3252 1359 3325; x_wconf 85' lang='lat' dir='ltr'><strong>Montis</strong></span> <span class='ocrx_word' id='word_1_181' title='bbox 1411 3252 1774 3342; x_wconf 80' lang='lat' dir='ltr'><strong>Virginum</strong></span> <span class='ocrx_word' id='word_1_182' title='bbox 1833 3260 1908 3323; x_wconf 85' lang='lat' dir='ltr'><strong>et</strong></span> <span class='ocrx_word' id='word_1_183' title='bbox 1960 3252 2212 3323; x_wconf 89' lang='lat' dir='ltr'><strong>domus</strong></span> <span class='ocrx_word' id='word_1_184' title='bbox 2267 3251 2501 3322; x_wconf 89' lang='lat' dir='ltr'><strong>Sancti</strong></span> <span class='ocrx_word' id='word_1_185' title='bbox 2559 3250 2874 3344; x_wconf 88' lang='lat' dir='ltr'><strong>Sepulcri</strong></span> <span class='ocrx_word' id='word_1_186' title='bbox 2934 3248 3197 3321; x_wconf 91' lang='lat' dir='ltr'><strong>hahent</strong></span> <span class='ocrx_word' id='word_1_187' title='bbox 3252 3251 3325 3320; x_wconf 91' lang='lat' dir='ltr'><strong>in</strong></span> <span class='ocrx_word' id='word_1_188' title='bbox 3388 3251 3591 3326; x_wconf 82' lang='lat' dir='ltr'><strong>Troia</strong></span> 
     </span>
     <span class='ocr_line' id='line_1_23' title="bbox 765 3375 3591 3469; baseline -0.001 -19"><span class='ocrx_word' id='word_1_189' title='bbox 765 3377 1005 3450; x_wconf 83' lang='lat' dir='ltr'><strong>tamin</strong></span> <span class='ocrx_word' id='word_1_190' title='bbox 1042 3376 1451 3469; x_wconf 86' lang='lat' dir='ltr'><strong>corporibus</strong></span> <span class='ocrx_word' id='word_1_191' title='bbox 1479 3376 1933 3447; x_wconf 81' lang='lat' dir='ltr'><strong>ecclesiarum</strong></span> <span class='ocrx_word' id='word_1_192' title='bbox 1960 3385 2033 3448; x_wconf 87' lang='lat' dir='ltr'><strong>et</strong></span> <span class='ocrx_word' id='word_1_193' title='bbox 2063 3375 2430 3448; x_wconf 91' lang='lat' dir='ltr'><strong>domorum</strong></span> <span class='ocrx_word' id='word_1_194' title='bbox 2461 3397 2673 3468; x_wconf 87' lang='lat' dir='ltr'><strong>quam</strong></span> <span class='ocrx_word' id='word_1_195' title='bbox 2706 3375 2776 3444; x_wconf 90' lang='lat' dir='ltr'><strong>in</strong></span> <span class='ocrx_word' id='word_1_196' title='bbox 2806 3375 3014 3445; x_wconf 88' lang='lat' dir='ltr'><strong>rebus</strong></span> <span class='ocrx_word' id='word_1_197' title='bbox 3043 3384 3115 3446; x_wconf 88' lang='lat' dir='ltr'><strong>et</strong></span> <span class='ocrx_word' id='word_1_198' title='bbox 3139 3375 3292 3446; x_wconf 87' lang='lat' dir='ltr'><strong>aliis</strong></span> <span class='ocrx_word' id='word_1_199' title='bbox 3316 3396 3591 3469; x_wconf 85' lang='lat' dir='ltr'><strong>posses-</strong></span> 
     </span>
     <span class='ocr_line' id='line_1_24' title="bbox 755 3499 3590 3591; baseline -0 -19"><span class='ocrx_word' id='word_1_200' title='bbox 755 3501 1072 3572; x_wconf 83' lang='lat' dir='ltr'><strong>sionibus</strong></span> <span class='ocrx_word' id='word_1_201' title='bbox 1096 3521 1275 3591; x_wconf 83' lang='lat' dir='ltr'><strong>quas</strong></span> <span class='ocrx_word' id='word_1_202' title='bbox 1297 3499 1555 3574; x_wconf 83' lang='lat' dir='ltr'><strong>ibidem</strong></span> <span class='ocrx_word' id='word_1_203' title='bbox 1581 3509 1873 3570; x_wconf 83' lang='lat' dir='ltr'><strong>actenus</strong></span> <span class='ocrx_word' id='word_1_204' title='bbox 1893 3499 2396 3571; x_wconf 83' lang='lat' dir='ltr'><strong>rationabiliter</strong></span> <span class='ocrx_word' id='word_1_205' title='bbox 2412 3508 2813 3589; x_wconf 85' lang='lat' dir='ltr'><strong>tenuerunt,</strong></span> <span class='ocrx_word' id='word_1_206' title='bbox 2844 3519 2986 3570; x_wconf 89' lang='lat' dir='ltr'><strong>non</strong></span> <span class='ocrx_word' id='word_1_207' title='bbox 3018 3499 3312 3569; x_wconf 88' lang='lat' dir='ltr'><strong>ulterius</strong></span> <span class='ocrx_word' id='word_1_208' title='bbox 3337 3499 3590 3571; x_wconf 82' lang='lat' dir='ltr'><strong>moles-</strong></span> 
     </span>
     <span class='ocr_line' id='line_1_25' title="bbox 765 3621 3593 3718; baseline -0.001 -23"><span class='ocrx_word' id='word_1_209' title='bbox 765 3624 924 3695; x_wconf 85' lang='lat' dir='ltr'><strong>tetis</strong></span> <span class='ocrx_word' id='word_1_210' title='bbox 969 3624 1089 3694; x_wconf 79' lang='lat' dir='ltr'><strong>vel</strong></span> <span class='ocrx_word' id='word_1_211' title='bbox 1126 3622 1547 3717; x_wconf 82' lang='lat' dir='ltr'><strong>permictatis</strong></span> <span class='ocrx_word' id='word_1_212' title='bbox 1594 3622 1686 3694; x_wconf 90' lang='lat' dir='ltr'><strong>ab</strong></span> <span class='ocrx_word' id='word_1_213' title='bbox 1733 3623 1972 3715; x_wconf 90' lang='lat' dir='ltr'><strong>aliquo</strong></span> <span class='ocrx_word' id='word_1_214' title='bbox 2011 3622 2370 3695; x_wconf 86' lang='lat' dir='ltr'><strong>molestari</strong></span> <span class='ocrx_word' id='word_1_215' title='bbox 2388 3675 2406 3712; x_wconf 88' lang='lat'>‚</span> <span class='ocrx_word' id='word_1_216' title='bbox 2450 3622 2723 3696; x_wconf 89' lang='lat' dir='ltr'><strong>nullum</strong></span> <span class='ocrx_word' id='word_1_217' title='bbox 2761 3631 3131 3718; x_wconf 83' lang='lat' dir='ltr'><strong>propterea</strong></span> <span class='ocrx_word' id='word_1_218' title='bbox 3172 3621 3593 3694; x_wconf 86' lang='lat' dir='ltr'><strong>monachum</strong></span> 
     </span>
     <span class='ocr_line' id='line_1_26' title="bbox 765 3743 3589 3841; baseline -0 -23"><span class='ocrx_word' id='word_1_219' title='bbox 765 3749 877 3818; x_wconf 80' lang='lat' dir='ltr'><strong>vel</strong></span> <span class='ocrx_word' id='word_1_220' title='bbox 917 3746 1305 3818; x_wconf 78' lang='lat' dir='ltr'><strong>confratres</strong></span> <span class='ocrx_word' id='word_1_221' title='bbox 1358 3746 1431 3816; x_wconf 87' lang='lat' dir='ltr'><strong>in</strong></span> <span class='ocrx_word' id='word_1_222' title='bbox 1492 3745 1816 3818; x_wconf 88' lang='lat' dir='ltr'><strong>domibus</strong></span> <span class='ocrx_word' id='word_1_223' title='bbox 1855 3747 2022 3841; x_wconf 89' lang='lat' dir='ltr'><strong>ipsis</strong></span> <span class='ocrx_word' id='word_1_224' title='bbox 2053 3745 2459 3819; x_wconf 83' lang='lat' dir='ltr'><strong>eorumdem</strong></span> <span class='ocrx_word' id='word_1_225' title='bbox 2503 3743 2596 3841; x_wconf 82' lang='lat' dir='ltr'><strong>(b)</strong></span> <span class='ocrx_word' id='word_1_226' title='bbox 2641 3746 2734 3818; x_wconf 90' lang='lat' dir='ltr'><strong>de</strong></span> <span class='ocrx_word' id='word_1_227' title='bbox 2773 3746 2975 3817; x_wconf 84' lang='lat' dir='ltr'><strong>Troia</strong></span> <span class='ocrx_word' id='word_1_228' title='bbox 3016 3766 3282 3818; x_wconf 88' lang='lat' dir='ltr'><strong>moram</strong></span> <span class='ocrx_word' id='word_1_229' title='bbox 3319 3746 3589 3822; x_wconf 85' lang='lat' dir='ltr'><strong>trahere</strong></span> 
     </span>
     <span class='ocr_line' id='line_1_27' title="bbox 765 3869 1198 3965; baseline -0.009 -23"><span class='ocrx_word' id='word_1_230' title='bbox 765 3869 1198 3965; x_wconf 77' lang='lat' dir='ltr'><strong>permissuri.</strong></span> 
     </span>
    </p>

    <p class='ocr_par' dir='ltr' id='par_1_7' title="bbox 862 3991 2624 4084">
     <span class='ocr_line' id='line_1_28' title="bbox 862 3991 2624 4084; baseline -0.003 -18"><span class='ocrx_word' id='word_1_231' title='bbox 862 3996 1119 4066; x_wconf 83' lang='lat' dir='ltr'><strong>Datum</strong></span> <span class='ocrx_word' id='word_1_232' title='bbox 1142 3992 1384 4084; x_wconf 82' lang='lat' dir='ltr'><strong>Fogie‚</strong></span> <span class='ocrx_word' id='word_1_233' title='bbox 1423 3992 1669 4064; x_wconf 83' lang='lat' dir='ltr'><strong>ultimo</strong></span> <span class='ocrx_word' id='word_1_234' title='bbox 1691 3993 1888 4083; x_wconf 88' lang='lat' dir='ltr'><strong>julii,</strong></span> <span class='ocrx_word' id='word_1_235' title='bbox 1920 4001 2170 4066; x_wconf 85' lang='lat' dir='ltr'><strong>octave</strong></span> <span class='ocrx_word' id='word_1_236' title='bbox 2201 3991 2624 4063; x_wconf 82' lang='lat' dir='ltr'><strong>indictionis.</strong></span> 
     </span>
    </p>

    <p class='ocr_par' dir='ltr' id='par_1_8' title="bbox 759 4111 3590 4457">
     <span class='ocr_line' id='line_1_29' title="bbox 861 4111 3590 4208; baseline -0.001 -19"><span class='ocrx_word' id='word_1_237' title='bbox 861 4118 1006 4189; x_wconf 85' lang='lat' dir='ltr'><strong>Nos</strong></span> <span class='ocrx_word' id='word_1_238' title='bbox 1031 4116 1245 4208; x_wconf 85' lang='lat' dir='ltr'><strong>igitur</strong></span> <span class='ocrx_word' id='word_1_239' title='bbox 1267 4114 1436 4187; x_wconf 88' lang='lat' dir='ltr'><strong>dicti</strong></span> <span class='ocrx_word' id='word_1_240' title='bbox 1465 4115 1788 4187; x_wconf 89' lang='lat' dir='ltr'><strong>dominus</strong></span> <span class='ocrx_word' id='word_1_241' title='bbox 1811 4114 2179 4190; x_wconf 85' lang='lat' dir='ltr'><strong>Cunterius</strong></span> <span class='ocrx_word' id='word_1_242' title='bbox 2206 4125 2284 4185; x_wconf 80' lang='lat' dir='ltr'><strong>et</strong></span> <span class='ocrx_word' id='word_1_243' title='bbox 2299 4113 2523 4206; x_wconf 79' lang='lat' dir='ltr'><strong>judex</strong></span> <span class='ocrx_word' id='word_1_244' title='bbox 2546 4111 2883 4185; x_wconf 85' lang='lat' dir='ltr'><strong>Scalionis</strong></span> <span class='ocrx_word' id='word_1_245' title='bbox 2910 4112 3368 4206; x_wconf 81' lang='lat' dir='ltr'><strong>prescriptum</strong></span> <span class='ocrx_word' id='word_1_246' title='bbox 3391 4136 3590 4187; x_wconf 88' lang='lat' dir='ltr'><strong>man-</strong></span> 
     </span>
     <span class='ocr_line' id='line_1_30' title="bbox 760 4235 3590 4334; baseline -0.001 -23"><span class='ocrx_word' id='word_1_247' title='bbox 760 4239 1010 4311; x_wconf 84' lang='lat' dir='ltr'><strong>datum</strong></span> <span class='ocrx_word' id='word_1_248' title='bbox 1049 4238 1350 4334; x_wconf 84' lang='lat' dir='ltr'><strong>predicti</strong></span> <span class='ocrx_word' id='word_1_249' title='bbox 1383 4238 1650 4312; x_wconf 88' lang='lat' dir='ltr'><strong>domini</strong></span> <span class='ocrx_word' id='word_1_250' title='bbox 1682 4238 2044 4328; x_wconf 84' lang='lat' dir='ltr'><strong>justiciarii</strong></span> <span class='ocrx_word' id='word_1_251' title='bbox 2081 4237 2343 4330; x_wconf 80' lang='lat' dir='ltr'><strong>exequi</strong></span> <span class='ocrx_word' id='word_1_252' title='bbox 2374 4236 2730 4325; x_wconf 82' lang='lat' dir='ltr'><strong>volentes,</strong></span> <span class='ocrx_word' id='word_1_253' title='bbox 2761 4255 3003 4312; x_wconf 87' lang='lat' dir='ltr'><strong>coram</strong></span> <span class='ocrx_word' id='word_1_254' title='bbox 3044 4235 3246 4307; x_wconf 86' lang='lat' dir='ltr'><strong>nobis</strong></span> <span class='ocrx_word' id='word_1_255' title='bbox 3270 4247 3345 4309; x_wconf 87' lang='lat' dir='ltr'><strong>et</strong></span> <span class='ocrx_word' id='word_1_256' title='bbox 3375 4238 3590 4316; x_wconf 77' lang='lat' dir='ltr'><strong>infra-</strong></span> 
     </span>
     <span class='ocr_line' id='line_1_31' title="bbox 759 4362 2398 4457; baseline -0.004 -19"><span class='ocrx_word' id='word_1_257' title='bbox 759 4362 1039 4457; x_wconf 74' lang='lat' dir='ltr'><strong>scriptis</strong></span> <span class='ocrx_word' id='word_1_258' title='bbox 1065 4362 1364 4437; x_wconf 69' lang='lat' dir='ltr'><strong>testibus</strong></span> <span class='ocrx_word' id='word_1_259' title='bbox 1383 4415 1404 4452; x_wconf 90' lang='lat'>,</span> <span class='ocrx_word' id='word_1_260' title='bbox 1439 4371 1556 4433; x_wconf 83' lang='lat' dir='ltr'><strong>etc</strong></span> <span class='ocrx_word' id='word_1_261' title='bbox 1560 4412 2398 4434; x_wconf 90' lang='lat'><strong>...........</strong></span> 
     </span>
    </p>

    <p class='ocr_par' dir='ltr' id='par_1_9' title="bbox 867 4481 3595 4580">
     <span class='ocr_line' id='line_1_32' title="bbox 867 4481 3595 4580; baseline -0.001 -22"><span class='ocrx_word' id='word_1_262' title='bbox 867 4489 1268 4580; x_wconf 78' lang='lat' dir='ltr'><strong>Sequuntur</strong></span> <span class='ocrx_word' id='word_1_263' title='bbox 1329 4485 1797 4580; x_wconf 76' lang='lat' dir='ltr'><strong>depositiones</strong></span> <span class='ocrx_word' id='word_1_264' title='bbox 1858 4485 2163 4575; x_wconf 82' lang='lat' dir='ltr'><strong>testium,</strong></span> <span class='ocrx_word' id='word_1_265' title='bbox 2231 4482 2422 4556; x_wconf 81' lang='lat' dir='ltr'><strong>unde</strong></span> <span class='ocrx_word' id='word_1_266' title='bbox 2470 4490 2748 4558; x_wconf 82' lang='lat' dir='ltr'><strong>constat</strong></span> <span class='ocrx_word' id='word_1_267' title='bbox 2798 4481 3294 4554; x_wconf 79' lang='lat' dir='ltr'><strong>monasterium</strong></span> <span class='ocrx_word' id='word_1_268' title='bbox 3339 4484 3595 4565; x_wconf 72' lang='lat' dir='ltr'><strong>Montis</strong></span> 
     </span>
    </p>
   </div>
   <div class='ocr_carea' id='block_1_3' title="bbox 856 4640 3275 4916">
    <p class='ocr_par' dir='ltr' id='par_1_10' title="bbox 856 4640 3275 4916">
     <span class='ocr_line' id='line_1_33' title="bbox 856 4640 1938 4723; baseline -0.002 -19"><span class='ocrx_word' id='word_1_269' title='bbox 856 4643 942 4723; x_wconf 82' lang='lat' dir='ltr'><strong>(a)</strong></span> <span class='ocrx_word' id='word_1_270' title='bbox 986 4644 1104 4723; x_wconf 88' lang='lat' dir='ltr'><strong>Sic,</strong></span> <span class='ocrx_word' id='word_1_271' title='bbox 1135 4647 1352 4705; x_wconf 82' lang='lat' dir='ltr'><strong>rectius</strong></span> <span class='ocrx_word' id='word_1_272' title='bbox 1376 4650 1578 4705; x_wconf 86' lang='lat' dir='ltr'><strong>tamen</strong></span> <span class='ocrx_word' id='word_1_273' title='bbox 1605 4640 1938 4704; x_wconf 55' lang='lat' dir='ltr'><strong>mudum.</strong></span> 
     </span>
     <span class='ocr_line' id='line_1_34' title="bbox 857 4747 1918 4830; baseline 0.001 -22"><span class='ocrx_word' id='word_1_274' title='bbox 857 4748 936 4827; x_wconf 82' lang='lat' dir='ltr'><strong>(b)</strong></span> <span class='ocrx_word' id='word_1_275' title='bbox 983 4751 1221 4810; x_wconf 85' lang='lat' dir='ltr'><strong>Rectius</strong></span> <span class='ocrx_word' id='word_1_276' title='bbox 1248 4747 1593 4830; x_wconf 61' lang='lat' dir='ltr'><strong>oriundum,</strong></span> <span class='ocrx_word' id='word_1_277' title='bbox 1622 4758 1693 4811; x_wconf 84' lang='lat' dir='ltr'><strong>ut</strong></span> <span class='ocrx_word' id='word_1_278' title='bbox 1719 4766 1918 4828; x_wconf 87' lang='lat' dir='ltr'><strong>supra.</strong></span> 
     </span>
     <span class='ocr_line' id='line_1_35' title="bbox 933 4855 3275 4916; baseline -0.002 0"><span class='ocrx_word' id='word_1_279' title='bbox 933 4855 1034 4916; x_wconf 89' lang='lat' dir='ltr'><strong>VI.</strong></span> <span class='ocrx_word' id='word_1_280' title='bbox 1080 4869 1194 4915; x_wconf 70' lang='lat' dir='ltr'><strong>ru·</strong></span> <span class='ocrx_word' id='word_1_281' title='bbox 1217 4872 1263 4915; x_wconf 79' lang='lat'><strong>2.</strong></span> <span class='ocrx_word' id='word_1_282' title='bbox 3198 4860 3275 4912; x_wconf 81' lang='grc'><strong>99</strong></span> 
     </span>
    </p>
   </div>
  </div>
 </body>
</html>
