4525 6031
686 650 891 710 Inmcr.
922 644 1014 727 8.]
1580 640 1975 704 HISTORIA
2022 639 2614 702 DIPLOMATICA.
3398 644 3519 706 759

688 783 876 854 rialis
915 780 1107 854 curie
1133 799 1345 872 quam
1382 776 1678 872 predicti
1704 787 2094 850 conventus
2120 777 2494 868 cautelam,
2529 777 2664 848 hoc
2699 776 3054 872 publicum
3092 777 3515 851 instrumen-

691 918 838 978 tum
874 926 998 1001 per
1028 924 1278 975 manus
1309 901 1604 974 Pascasii
1639 901 1890 973 notarii
1932 900 2182 997 prefati
2222 921 2354 992 ego
2382 899 2755 993 ‘predictus
2796 899 3024 993 judex
3065 900 3320 973 exinde
3365 899 3516 973 fieri

690 1029 821 1103 feci
866 1025 1490 1122 subscriptionibus
1530 1025 1787 1096 nostris
1836 1024 1955 1117 qui
1996 1045 2207 1118 supra
2239 1023 2496 1115 judicis
2538 1032 2611 1095 et
2650 1023 3124 1118 predictorum
3161 1024 3412 1095 notarii
3450 1035 3521 1097 et

690 1152 970 1226 testium
1010 1152 1436 1223 roboratum.
1479 1150 1627 1220 Hoc
1669 1148 2005 1243 scriptum
2039 1146 2283 1241 scripsi
2320 1156 2392 1218 et
2420 1168 2579 1218 meo
2622 1155 2957 1218 consueto
3005 1147 3208 1239 signo
3253 1147 3520 1239 signavi

691 1299 822 1371 ego
883 1274 1243 1348 Pascasius
1294 1272 1605 1345 notarius
1662 1282 1734 1344 et
1786 1272 2069 1344 interfui
2113 1271 2372 1366 Capue.
2405 1271 2677 1363 —Ego
2727 1270 2848 1363 qui
2907 1292 3118 1365 supra
3172 1270 3522 1344 Iohannes

685 1378 930 1494 judex.
981 1437 1085 1452 —
1127 1398 1273 1491 Ego
1315 1395 1662 1469 Iohannes
1722 1395 2034 1467 notarius
2080 1393 2275 1466 testis
2334 1392 2639 1464 interfui.
2683 1430 2784 1444 —
2823 1393 2969 1486 Ego
3016 1392 3368 1464 Iohannes
3429 1393 3519 1466 de

692 1524 930 1598 Accon
964 1520 1118 1619 (sic)
1154 1521 1348 1594 testis
1373 1518 1682 1592 interfui.

807 2094 1269 2202 Fridericus,
1346 2093 1872 2177 Romanorum
1942 2093 2395 2202 imperator,
2469 2092 2843 2176 Rainaldo
2941 2095 3038 2177 de
3121 2092 3527 2178 Brunforte

701 2229 1227 2311 auctoritatem
1273 2226 1618 2310 concedit
1669 2225 1879 2335 quod
1929 2225 2457 2309 universitates
2511 2236 2588 2308 et
2644 2224 2990 2335 singulos
3045 2226 3142 2308 de
3192 2226 3527 2311 Marchia

702 2361 836 2469 qui
872 2361 953 2440 in
993 2385 1213 2442 suam
1251 2360 1482 2441 fidem
1522 2359 1856 2442 converti
1891 2358 2299 2462 voluerint,
2339 2356 2650 2441 nomine
2703 2382 2844 2440 suo
2898 2383 3167 2440 rursus
3205 2358 3286 2439 in
3329 2385 3525 2471 gra-

704 2493 890 2576 tiam
953 2491 1265 2602 recipiat
1326 2492 1587 2602 eisque
1657 2490 1985 2575 offensas
2041 2500 2309 2574 contra
2364 2516 2447 2575 se
2495 2500 2572 2573 et
2627 2488 3032 2599 imperium
3079 2493 3529 2576 commissas

705 2626 1085 2708 remittere
1124 2623 1394 2708 valeat.

870 2865 1215 2944 (Memorat.
1243 2881 1341 2943 ap.
1367 2864 1688 2942 Bouana,
1719 2861 1945 2945 Reque.
1974 2863 2210 2943 imper„
2240 2881 2302 2942 p.
2337 2870 2478 2942 209,
2502 2873 2570 2923 n⁶
2601 2871 2779 2938 1¹70,
2802 2880 2878 2925 ex
2904 2867 3075 2941 copia
3094 2863 3308 2926 decimi
3334 2869 3530 2928 octavi

945 2973 1125 3036 seculi
1152 2975 1216 3034 in
1241 2972 1484 3034 archivo
1513 2972 1793 3034 Firmano
1820 2969 2171 3047 asservata.)

801 3165 1055 3235 Datum
1079 3158 1315 3251 Fogie‚
1346 3179 1534 3230 auno
1557 3157 1913 3230 Dominice
1940 3157 2437 3230 incarnationis
2461 3157 2869 3249 MCCXLIX,
2901 3180 3141 3231 mense
3170 3159 3527 3250 februarii,

710 3285 1087 3358 indictione
1117 3291 1393 3355 octava.

822 3847 1287 3955 Fridericus,
1327 3850 1846 3934 Romanorum
1895 3849 2336 3957 imperator,
2394 3849 2825 3933 Cumanum
2878 3851 3291 3937 Romaniae
3338 3857 3532 3938 des-

717 3991 971 4089 potem
1044 3993 1305 4065 monet
1378 4008 1459 4064 se
1531 3982 1871 4091 undique
1946 3982 2203 4091 copias
2272 4007 2686 4066 convocare
2767 4008 2942 4065 cum
3015 3984 3298 4093 quibus
3363 4013 3537 4071 vere

716 4114 1066 4222 proximo
1140 4114 1221 4194 in
1293 4114 1550 4197 hostes
1612 4140 1796 4198 suos
1857 4115 2264 4223 procedere
2332 4112 2698 4222 decrevit,
2759 4124 3255 4224 precaturque
3325 4119 3537 4226 quod

718 4245 1226 4352 stipendiariis
1283 4271 1480 4355 quos
1521 4244 1621 4326 ad
1676 4270 1758 4328 se
1805 4245 2184 4328 lohannes
2243 4245 2656 4353 imperator
2703 4245 3081 4329 destinare
3134 4262 3534 4358 procurat,

720 4376 882 4486 ipse
925 4403 1059 4485 per
1102 4389 1356 4486 partes
1412 4378 1828 4462 Romaniae
1869 4402 2117 4488 usque
2169 4376 2673 4489 Dyrrachium
2725 4403 3079 4462 securum
3133 4380 3539 4464 transitum

722 4507 1110 4615 praebeat.

884 4721 1260 4801 (Vei-sionem
1291 4738 1562 4803 graecam
1592 4723 1790 4785 secuto
1820 4725 1994 4785 tertio
2023 4722 2254 4784 decimo
2280 4730 2588 4785 exaratam
2614 4701 2799 4802 hujus
2825 4725 3102 4803 epistotae
3129 4725 3305 4789 hodie
3335 4727 3541 4808 deper-

3623 3884 3917 3938 [rabanum]
