4525 6031
756 1143 883 1198 Apud

612 1235 617 1240 .
689 1198 948 1241 Fnehtclum

692 1252 748 1293 m
773 1251 942 1306 apr-ma.

1049 661 1168 720 722
1968 685 1973 694 ·
2038 671 2460 735 summum
2511 669 2853 735 saeuum
3472 668 3633 752 [Λα-ι.
3671 667 3846 730 1249.

1457 937 2614 952 ”umffl-—n———o———n-e-m*

1156 1139 1619 1247 FridericuS,
1693 1142 2208 1226 Romanorum
2296 1145 2743 1254 imperator,
2810 1144 3059 1227 Ticcio
3127 1144 3224 1227 de
3304 1143 3513 1227 Colle
3573 1143 3854 1229 vicario

1051 1274 1451 1356 comitatus
1518 1273 1870 1357 Senensis
1923 1276 2237 1359 mandat
2296 1287 2381 1360 ut
2442 1277 2543 1359 ad
2612 1276 3180 1387 requisitionem
3233 1275 3528 1359 abbatis
3600 1275 3857 1359 Sancti

1052 1405 1465 1489 Salvatoris
1519 1407 1615 1489 de
1677 1407 1927 1490 Monte
1999 1408 2300 1492 Amiato
2361 1419 2613 1517 partes
2661 1408 2757 1492 de
2813 1407 3289 1517 possessione
3348 1408 3577 1490 castri
3640 1408 3856 1491 Plani

1056 1539 1524 1647 Castagnarii
1562 1541 2095 1623 contendentes
2131 1542 2212 1623 in
2250 1540 2456 1623 brevi
2491 1542 2816 1625 termino
2852 1542 2950 1623 ad
2992 1566 3356 1651 magnam
3390 1541 3858 1650 imperialem

1052 1671 1345 1754 curiam
1398 1671 1612 1777 citet,
1652 1681 1726 1754 et
1759 1673 2046 1755 interea
2089 1673 2379 1756 fructus
2422 1673 2649 1756 castri
2699 1671 3039 1782 ejusdem
3088 1673 3544 1782 sequestrari
3599 1672 3850 1756 faciat.

1218 1923 1463 2000 (Inedlt.
1493 1940 1570 1984 ex
1605 1924 1875 2001 originali
1899 1926 1960 1984 in
1998 1925 2241 1984 archivo
2267 1925 2509 2002 diplom.
2553 1924 2814 1986 Floreat.
2851 1929 3185 1997 asservato,
3221 1927 3395 2003 cujus
3424 1927 3650 2002 coptam
3691 1925 3861 1986 nobis

1294 2029 1362 2089 P.
1395 2029 1470 2090 G.
1501 2030 1644 2091 Rosi
1672 2029 1987 2090 liberaliter
2013 2031 2314 2108 quondam
2344 2031 2515 2091 nobis
2542 2028 2730 2108 fecit.)

1154 2258 1541 2331 Fridericus
1574 2259 1697 2330 Dei
1728 2259 1948 2352 gratia
1991 2260 2463 2332 Romanorum
2512 2258 2888 2352 imperator
2927 2278 3203 2353 semper
3236 2266 3609 2350 augustus,
3661 2258 3861 2331 Jeru-

1059 2382 1273 2453 salem
1308 2393 1377 2453 et
1416 2381 1643 2453 Sicilie
1677 2403 1842 2473 rex,
1873 2383 2100 2454 Ticcio
2132 2383 2222 2454 de
2248 2383 2432 2455 Colle
2467 2381 2727 2453 vicario
2759 2381 3126 2453 comitatus
3162 2382 3487 2453 Senensis
3512 2378 3701 2454 fideli
3737 2402 3863 2455 suo

1059 2506 1351 2599 gratiam
1407 2526 1603 2576 suam
1656 2515 1725 2576 et
1782 2506 2036 2578 bonam
2097 2507 2552 2577 voluntatem.
2611 2505 2742 2577 Pro
2789 2514 2984 2599 parte
3044 2505 3408 2576 Mainfredi
3451 2504 3867 2576 venerabilis

1061 2629 1333 2700 abbatis
1361 2628 1757 2701 monasterii
1791 2629 2022 2700 Sancti
2055 2628 2428 2701 Salvatoris
2452 2628 2541 2701 de
2568 2629 2796 2699 Monte
2824 2626 3100 2700 Amiato
3127 2627 3350 2700 fidelis
3381 2629 3598 2700 nostri
3625 2630 3871 2722 majes-

1068 2754 1189 2823 tati
1243 2763 1475 2824 nostre
1535 2753 1664 2824 fuit
1720 2751 2072 2823 humiliter
2138 2752 2598 2846 supplicatum
2650 2761 2993 2845 quatenus
3058 2752 3468 2823 sententiam
3529 2752 3737 2824 latam
3795 2752 3869 2824 in

1066 2887 1299 2950 nostra
1340 2898 1591 2968 magna
1627 2875 1817 2947 curia
1851 2897 1976 2970 pro
2010 2874 2257 2947 eodem
2295 2883 2536 2947 contra
2569 2876 2899 2947 Iacobum
2930 2875 3315 2948 Baroncelli
3345 2877 3870 2971 procuratorem

1066 2999 1409 3073 Frederici
1456 3010 1525 3071 et
1549 2998 1845 3095 Peponis
1886 2998 2173 3070 fratrum
2215 2997 2472 3070 civium
2509 2998 2916 3070 Senensium
2957 2999 3079 3094 qui
3123 3021 3249 3095 pro
3289 3008 3485 3095 parte
3522 2999 3873 3095 predicto-

1067 3149 1221 3197 rum
1259 3127 1351 3197 ad
1392 3125 1893 3197 restitutionem
1928 3123 2134 3195 castri
2164 3123 2356 3194 Plani
2389 3123 2811 3215 Castagnarii
2838 3123 3027 3218 quod
3063 3124 3232 3196 dicti
3263 3124 3509 3196 fratres
3540 3145 3667 3218 pro
3697 3124 3876 3197 indi-

1068 3251 1217 3323 viso
1251 3258 1529 3337 tenent,
1567 3247 1797 3319 extitit
1829 3248 2414 3342 condempnatuS,
2454 3269 2499 3318 a
2527 3268 2668 3339 qua
2707 3247 3050 3319 sententia
3081 3246 3308 3319 dictus
3346 3256 3753 3341 procurator
3780 3247 3877 3321 ad

1071 3385 1376 3445 nostram
1406 3372 1825 3444 audientiam
1858 3371 2235 3466 appellavit
2259 3423 2279 3459 ,
2320 3393 2479 3442 cum
2507 3370 3044 3465 appellationem
3074 3369 3293 3465 ipsam
3331 3370 3511 3442 infra
3539 3370 3878 3463 legittima

1074 3507 1383 3591 tempora
1445 3517 1582 3567 non
1631 3495 1837 3566 suerit
1891 3503 2331 3588 prosecutus,
2401 3493 2793 3566 executioni
2840 3493 3173 3566 mandare
3239 3503 3379 3564 tam
3426 3494 3615 3586 juste
3662 3516 3875 3588 quam

1071 3616 1604 3690 misericorditer
1637 3616 2114 3707 dignaremur;
2151 3638 2234 3687 ac
2275 3617 2553 3688 interim
2593 3617 2755 3709 quia
2787 3618 3051 3689 fructus
3089 3617 3382 3712 predicti
3411 3617 3619 3689 castri
3655 3618 3874 3713 depo-

1073 3744 1399 3837 pulantur
1451 3742 1542 3813 ab
1574 3742 1740 3837 ipsis
1775 3742 1844 3812 in
1888 3741 2346 3836 prejudicium
2377 3740 2592 3835 ipsius
2623 3740 2894 3812 abbatis
2925 3749 2997 3811 et
3033 3740 3434 3813 monasterii
3467 3740 3871 3835 supradicti,

1072 3888 1193 3938 eos
1245 3865 1658 3958 sequestrari
1724 3865 2105 3935 secundum
2148 3863 2488 3956 justitiam
2546 3863 3060 3951 mandaremus.
3107 3863 3375 3951 Quibus
3428 3864 3876 3959 supplicatio-

1069 3991 1278 4062 nibus
1312 3990 1506 4060 velut
1539 3988 1876 4081 justitiam
1904 3986 2420 4059 continentibus
2447 3985 2814 4079 benignius
2849 3986 3192 4079 inclinati,
3226 3997 3344 4059 tue
3372 3984 3686 4060 fidelitati
3718 4007 3879 4082 pre-

1071 4115 1362 4210 cipimus
1393 4122 1737 4209 quatenus
1779 4112 2164 4207 predictum
2200 4110 2535 4183 Iacobum
2571 4110 2954 4183 Baroncelli
2990 4121 3510 4206 procuratorem
3549 4132 3632 4183 ac
3682 4131 3879 4183 eum-

1072 4239 1232 4310 dem
1291 4237 1730 4309 Fredericum
1804 4246 1875 4307 et
1940 4235 2289 4330 Peponem
2353 4235 2600 4306 fratres
2659 4234 3123 4329 peremptorie
3182 4234 3516 4326 legittime
3570 4234 3741 4306 cites
3801 4242 3884 4306 ut

1073 4360 1344 4432 decimo
1376 4370 1534 4455 post
1565 4359 1963 4431 citationem
1994 4367 2180 4429 tuam
2218 4357 2288 4427 in
2322 4367 2559 4429 nostra
2594 4378 2847 4447 magua
2886 4355 3078 4428 curia
3110 4376 3184 4427 se
3219 4365 3648 4452 presentent,
3681 4367 3762 4427 ut
3789 4355 3892 4431 ad*

1073 4484 1490 4557 decisionem
1520 4483 1735 4577 ipsius
1773 4503 1979 4554 cause
2015 4480 2454 4575 presentibus
2492 4479 2803 4575 partibus
2844 4479 3194 4552 mediante
3229 4480 3498 4572 justitia
3543 4479 3884 4576 proceda-

1076 4620 1229 4697 tur;
1293 4609 1556 4679 fructus
1603 4628 1772 4678 vero
1817 4626 2060 4677 omnes
2100 4604 2316 4698 ipsius
2355 4603 2564 4674 castri
2603 4602 2724 4699 qui
2771 4613 2929 4698 post
2982 4604 3195 4675 latam
3242 4603 3655 4675 sententiam
3723 4613 3888 4676 sunt

1075 4733 1383 4828 percepti
1415 4741 1487 4803 et
1518 4740 1762 4802 extant
1794 4740 1863 4801 et
1897 4726 2389 4824 percipientur,
2425 4725 2647 4797 donec
2682 4747 2891 4799 causa
2922 4726 3073 4822 ipsa
3105 4724 3246 4799 fine
3276 4726 3513 4799 debito
3554 4726 3884 4799 termine-
