4525 6031
1046 631 1166 692 726
2040 633 2469 698 FRIDERICI
2518 630 2862 696 SECUNDI
3481 630 3645 710 [Am.
3681 632 3860 697 1249.

679 1141 928 1248 2¹3”{‘,}¹:,¹;},·‚
1146 1137 1630 1223 Innocentius
1683 1162 1883 1247 papa
1945 1138 2042 1220 ad
2097 1161 2357 1247 preces
2416 1133 2765 1219 Pandulfi
2816 1135 2913 1218 de
2964 1132 3360 1216 Fasanella
3417 1133 3669 1218 dilecti
3722 1134 3861 1217 filii

1036 1272 1188 1379 sui,
1233 1270 1489 1354 abbati
1526 1269 1778 1353 Sancti
1808 1269 2005 1352 Petri
2041 1270 2138 1352 de
2172 1268 2655 1377 villamagna
2689 1267 3007 1349 mandat
3043 1274 3129 1348 ut
3159 1265 3436 1349 Iacobo
3464 1265 3856 1375 Squarsa-

1033 1403 1232 1513 pelle
1278 1403 1359 1483 in
1413 1428 1652 1511 regno
1707 1403 2005 1486 Siciliae
2052 1405 2150 1486 de
2201 1402 2626 1485 redditibus
2674 1398 3197 1483 ecclesiasticis
3248 1424 3496 1508 usque
3550 1400 3649 1482 ad
3698 1399 3853 1481 tri-

1034 1536 1245 1645 ginta
1281 1536 1548 1619 uncias
1586 1537 1749 1620 auri
1787 1537 2178 1646 provideat
2210 1535 2330 1620 vel
2368 1534 2596 1617 faciat
2633 1532 3035 1644 provideri.

1190 1763 1437 1843 (InedIt.
1468 1780 1545 1825 ex
1571 1766 1772 1843 regist.
1798 1765 1971 1844 epist.
1992 1762 2202 1826 Innoc.
2230 1760 2340 1839 IV,
2367 1777 2466 1840 ap.
2493 1761 2648 1824 Blbl.
2674 1761 2871 1825 cesar.
2891 1759 3107 1838 Paris„
3131 1756 3454 1837 ana-fonds
3472 1755 3646 1831 latin,
3668 1768 3849 1832 ⁴089,

1264 1879 1333 1932 11⁰
1361 1869 1528 1952 615.)

1122 2068 1601 2157 InnocentiuS‚
1639 2075 1775 2140 etc.
1798 2119 1819 2157 ,
1851 2064 2088 2137 abbati
2121 2066 2520 2138 monasterii
2556 2065 2789 2137 Sancti
2823 2065 3002 2136 Petri
3032 2064 3122 2137 de
3151 2064 3587 2158 villamagna
3616 2066 3849 2162 Anag-

1022 2191 1188 2263 niue
1232 2190 1559 2281 diocesis,
1619 2200 1752 2263 etc.
1806 2191 2138 2262 Volentes
2184 2191 2478 2262 obtentu
2526 2210 2812 2283 precum
2854 2187 3089 2259 dilecti
3124 2186 3249 2258 filii
3295 2188 3548 2260 nobilis
3588 2189 3723 2262 viri
3766 2189 3845 2262 Ρ.

1025 2312 1115 2385 de
1150 2314 1510 2385 Fasanella
1540 2313 1795 2385 dilecto
1828 2310 1971 2384 filio
2001 2312 2260 2384 Iacobo
2290 2312 2477 2384 dicto
2509 2312 2994 2406 Squarsapelle
3025 2310 3277 2384 clerico
3306 2311 3594 2383 ecclesie
3622 2313 3854 2385 Sancti

1020 2436 1375 2509 Pancracii
1404 2435 1721 2528 Anagnie
1752 2435 2046 2526 gratiam
2080 2437 2309 2506 facere
2343 2435 2714 2530 specialem
2735 2488 2754 2524 ,
2796 2433 3210 2506 mandamus
3241 2445 3584 2528 quatenus
3614 2436 3746 2508 sibi
3777 2437 3850 2509 in

1020 2580 1238 2652 regno
1270 2558 1497 2631 Sicilie
1532 2558 1621 2630 de
1649 2558 2039 2630 redditibus
2066 2558 2550 2630 ecclesiasticis
2576 2580 2799 2652 usque
2821 2557 2914 2629 ad
2950 2578 3294 2629 summam
3319 2557 3596 2651 triginta
3618 2560 3849 2632 uncia-

1018 2705 1174 2754 rum
1229 2683 1380 2756 auri
1430 2682 1525 2755 ad
1590 2684 2090 2776 cujuscumque
2149 2683 2591 2755 collationem
2651 2682 3123 2776 spectantibus
3175 2683 3541 2758 autoritate
3612 2694 3849 2756 nostra

1021 2807 1390 2904 provideas
1418 2808 1534 2880 vel
1567 2807 1779 2878 facias
1812 2804 2164 2901 provideri
2199 2826 2282 2876 ac
2310 2804 2380 2875 in
2412 2804 2703 2876 ecclesia
2746 2827 2871 2876 seu
2900 2805 3209 2876 ecclesiis
3244 2805 3315 2876 in
3344 2827 3481 2898 qua
3515 2806 3662 2878 sive
3698 2806 3849 2901 qui·

1017 2930 1152 3003 bus
1183 2931 1314 3003 sibi
1334 2929 1691 3027 provisum
1719 2929 1929 3000 fuerit
1959 2927 2017 3000 si
2049 2928 2414 3022 collegiata
2443 2928 2589 3000 sive
2622 2928 2983 3021 collegiate
3012 2929 3293 3019 fuerint,
3328 2929 3399 3000 in
3434 2929 3845 3001 canonicum

1020 3065 1091 3126 et
1122 3055 1192 3126 in
1221 3055 1506 3126 fratrem
1531 3054 1774 3147 recipi,
1807 3075 1950 3125 non
1972 3053 2293 3125 obstante
2318 3062 2509 3124 certo
2537 3052 3030 3125 canonicorum
3053 3074 3345 3126 numero
3364 3107 3385 3145 ‚
3416 3062 3551 3126 etc.
3601 3106 3618 3124 .
3657 3107 3693 3141 Ν.
3747 3107 3765 3124 .
3819 3107 3836 3125 .

1114 3178 1366 3249 Datum
1395 3176 1761 3269 Lugduni,
1793 3177 1914 3249 VII
1941 3176 2280 3249 kalendas
2309 3176 2513 3266 maii,
2548 3197 2735 3249 anno
2768 3178 2858 3250 VI
2899 3174 3035 3273 (l).

3016 3452 3409 3462 -——-——-———--

664 3663 895 3761 rugam,
1118 3655 1603 3739 Innocentius
1660 3679 1859 3765 papa
1911 3653 1997 3736 P.
2062 3654 2271 3738 fideli
2335 3680 2476 3738 suo
2529 3664 2605 3738 et
2658 3656 3037 3739 Ecclesiae
3089 3657 3489 3741 baroniam
3523 3717 3547 3762 ,
3591 3668 3839 3743 castra

1011 3802 1459 3898 caeteraque
1504 3787 1705 3870 bona
1759 3786 2106 3869 concedit
2150 3813 2350 3896 quae
2385 3786 2811 3870 Pandulfus
2856 3789 2952 3872 de
3007 3789 3314 3900 Aquino
3367 3789 3707 3900 ejusdem
3745 3792 3830 3874 P.

1006 3931 1223 4030 pater
1300 3921 1681 4004 Friderico
1744 3919 2186 4029 imperatori
2250 3928 2516 4002 contra
2591 3920 3007 4005 Ecclesiam
3081 3922 3500 4005 adhaerens
3559 3922 3838 4007 habere

1007 4053 1459 4159 dinoscitur,
1505 4052 1653 4137 hac
1701 4050 2134 4134 conditione
2187 4060 2277 4135 ut
2326 4049 2455 4132 ille
2511 4051 3066 4164 redintegretur
3110 4052 3175 4136 si
3229 4054 3329 4138 ad
3385 4055 3834 4141 mandatum

1006 4186 1385 4270 Ecclesiae
1421 4183 1752 4268 redierit.

1169 4372 1411 4451 (hedit.
1428 4389 1506 4436 ex
1525 4374 1728 4451 regist.
1747 4373 1921 4448 epist.
1941 4373 2151 4435 Innoc.
2174 4370 2261 4433 IV
2266 4414 2284 4448 ,
2305 4388 2452 4434 ann.
2473 4370 2590 4447 vl;
2618 4373 2682 4432 in
2709 4369 2864 4433 mbl.
2884 4370 3084 4434 Cesar.
3114 4372 3334 4447 Paris„
3361 4383 3543 4455 ⁴089,
3565 4384 3634 4438 11⁰
3664 4376 3828 4454 514.)

1075 4631 1156 4704 (t)
1191 4630 1357 4688 Adest
1379 4629 1581 4687 ibidem
1604 4627 1771 4686 altera
1792 4628 2086 4686 Innocentii
2106 4644 2280 4702 papae
2306 4627 2534 4704 epistola
2560 4629 2675 4685 dat.
2695 4629 2960 4703 Lugduni,
2987 4632 3042 4690 X
3064 4632 3324 4691 kalendas
3344 4633 3470 4692 maii
3494 4636 3584 4707 (22
3606 4634 3830 4709 aprilis),

1001 4742 1110 4797 qua
1138 4728 1205 4785 R.
1234 4727 1304 4786 de
1328 4726 1602 4787 Galluccio
1629 4724 1774 4783 fideli
1797 4740 1898 4783 suo
1923 4730 2163 4783 castrum
2193 4725 2414 4783 Vairani
2436 4725 2493 4782 in
2520 4741 2689 4799 regno
2716 4725 2929 4785 Siciliae
2954 4728 3207 4786 restituit.
