4525 6031
1103 630 1230 693 902
2204 634 2830 697 AuanAMEN'rA.

1105 768 1272 839 vitia
1327 792 1465 864 que
1512 769 1816 841 universi
1864 770 2181 843 homines
2229 770 2540 863 Tragurii
2588 771 2678 843 de
2713 769 3030 865 partibus
3087 769 3428 841 Dalmatia
3475 771 3661 842 ultra
3694 793 3926 864 mare,

1107 890 1348 964 fideles
1392 892 1595 964 amici
1644 894 1894 985 nostri,
1946 896 2148 967 nobis
2188 895 2281 968 ad
2344 893 2751 967 mandatum
2800 903 3114 966 nostrum
3176 893 3510 966 exhibere
3558 894 3933 970 devotione

1106 1017 1308 1088 solita
1349 1016 1801 1107 studuerunt,
1846 1020 2318 1091 concessimus
2359 1019 2461 1091 eis
2499 1029 2581 1090 ut
2628 1019 2891 1111 ubique
2928 1040 3054 1113 per
3088 1038 3382 1109 regnum
3409 1030 3722 1091 nostrum
3757 1023 3933 1094 salvi

1105 1150 1179 1212 et
1232 1141 1455 1212 securi
1503 1141 1831 1214 incedant
1878 1143 1948 1212 in
1995 1144 2311 1238 personis
2344 1154 2413 1215 et
2445 1143 2655 1214 rebus
2692 1163 2958 1213 eorum.
2998 1142 3336 1228 Quocirca
3364 1141 3676 1215 fidelitati
3702 1156 3936 1218 vestre

1108 1262 1519 1334 mandamus
1554 1274 1764 1360 atque
1805 1266 2222 1361 precipimus
2267 1276 2614 1359 quatenus
2656 1266 3079 1358 ubicumque
3107 1274 3179 1338 et
3202 1265 3393 1360 apud
3420 1287 3930 1362 quemcumque

1106 1397 1497 1458 vestrorum
1531 1388 1783 1483 aliquis
1814 1388 2171 1462 hominum
2207 1390 2680 1486 predictorum
2707 1389 3141 1485 pervenerit,
3177 1390 3414 1461 nullus
3438 1400 3749 1500 vestrum
3778 1416 3934 1489 pre·

1106 1524 1335 1582 sumat
1363 1510 1451 1582 de
1488 1532 1573 1582 eo
1577 1564 2546 1585 .............
2600 1514 2827 1608 ipsum
2864 1523 3005 1585 tam
3038 1513 3109 1584 in
3143 1535 3442 1609 persona
3479 1537 3690 1608 quam
3723 1517 3932 1590 rebus

1107 1634 1252 1705 suis
1288 1632 1666 1705 offendere.
1715 1635 1918 1720 Quod
1959 1636 2077 1729 qui
2131 1637 2632 1731 presumpserit
2662 1637 3209 1729 indignationem
3232 1648 3634 1713 nostramse
3664 1641 3934 1713 noverit

1107 1757 1571 1828 incursurum.

1204 1883 1455 1952 Datum
1498 1880 1687 1975 apud
1725 1884 2053 1954 Sanctum
2101 1884 2212 1954 Sal
2233 1935 3230 1957 .............
3285 1888 3340 1958 L
3392 1939 3737 1960 .....
3795 1887 3924 1984 (i),

1106 2005 1327 2077 XXIX
1360 2005 1747 2077 decembris
1767 2059 1786 2096 ,
1823 2006 2006 2077 XIIII
2030 2005 2451 2081 indictioniS.

1532 2291 1786 2301 u———m-
1795 2294 2030 2302 —Qou—
2041 2295 2416 2303 Ἦ*
2429 2295 2807 2304 *Μ--ι-
2816 2292 3387 2303 “mnu-
3404 2290 3501 2301 .—

693 2576 1060 2683 ‘tt'ssxssf-
1216 2556 1436 2678 Dela,
1488 2599 1619 2655 rex
1673 2572 2146 2681 Hungariae,
2205 2573 2668 2681 Dalmatiae,
2730 2574 3152 2682 Chroatiae‚
3200 2584 3385 2681 etc.,
3442 2598 3683 2682 papae
3729 2598 3930 2681 sup-

814 2685 938 2726 ¹²⁴²‘
1110 2705 1341 2813 plicat
1386 2715 1470 2787 ut
1517 2732 1694 2788 cum
1749 2706 2001 2788 denuo
2057 2707 2155 2787 ad
2206 2706 2461 2816 ipsum
2517 2705 2789 2789 fratres
2835 2707 3390 2816 praedicatores
3440 2732 3580 2815 pro
3629 2705 3933 2814 negotio

1110 2839 1327 2945 regni
1366 2838 1799 2948 Hungariae
1834 2837 2143 2920 nuntios
2184 2839 2462 2945 mittat,
2506 2840 2667 2948 ipse
2704 2840 3268 2950 crucesignatos
3304 2865 3720 2924 convocare
3756 2838 3934 2922 velit

1111 2971 1244 3082 qui
1321 2971 1674 3055 Tartaros
1743 2970 1944 3054 ultra
2001 2970 2442 3055 Danubium
2498 2973 2577 3055 in
2638 2996 3008 3083 magnum
3075 2972 3306 3057 totius
3361 2971 3933 3056 christianitatis

1113 3104 1535 3213 periculum
1572 3105 1893 3188 transire
1928 3104 2407 3213 prohibeant.

1279 3319 1528 3395 (Inedit.
1574 3336 1650 3379 ex
1685 3321 1857 3379 tertio
1896 3298 2090 3378 rotulo
2132 3319 2534 3396 CIuniacensI,
2566 3332 2630 3380 ιι·
2663 3331 2760 3393 11,
2792 3324 2965 3400 cujus
3001 3323 3169 3400 copia
3196 3338 3232 3382 a
3259 3320 3576 3383 Lamberto
3614 3321 3689 3382 de
3724 3320 3935 3382 BarIve

1354 3432 1598 3483 exarata
1625 3428 1688 3483 in
1715 3425 1869 3484 Bibl.
1904 3423 2103 3486 Cesar.
2136 3426 2326 3485 ParIs.
2358 3424 2747 3506 asservatur.)

1212 3610 1655 3682 Sanctissimo
1699 3610 1770 3680 in
1802 3608 2067 3681 Christo
2101 3609 2280 3705 patri
2307 3631 2389 3682 ac
2418 3610 2700 3682 domino
2756 3664 2774 3684 .
2838 3666 2856 3683 .
2917 3665 2934 3684 .
3000 3666 3018 3683 .
3072 3610 3205 3709 (2),
3238 3611 3475 3685 divina
3498 3610 3937 3707 providentia

1188 3864 1261 3936 (4)
1301 3861 1461 3920 Omni
1497 3878 1600 3935 ope
1634 3860 1874 3918 destituti
1905 3876 2014 3933 qua
2055 3877 2345 3918 numerum
2377 3861 2501 3919 anni
2539 3862 2824 3919 restituere
2868 3862 3164 3935 possimne,
3198 3863 3268 3922 ad
3304 3880 3431 3921 ann.
3472 3865 3602 3921 4244
3649 3869 3937 3921 exeuntem

1114 3961 1427 4019 mandatum
1451 3957 1820 4033 reponendum
1846 3973 1968 4016 esse
1997 3974 2104 4015 non
2130 3957 2396 4017 absonum
2432 3958 2772 4017 arbitramur.
2798 3959 2934 4017 Cum
2957 3960 3100 4017 enim
3124 3961 3228 4018 hoc
3252 3968 3518 4035 tempore,
3553 3961 3681 4019 licet
3704 3960 3774 4018 de
3795 3975 3936 4018 anno

1116 4061 1246 4118 4244
1276 4075 1371 4116 seu
1399 4058 1539 4116 4242
1557 4072 1664 4113 non
1687 4056 1827 4113 bene
1851 4061 2078 4128 constet,
2107 4056 2411 4128 Iadrenses,
2435 4057 2709 4128 Polemes,
2730 4063 3051 4129 ceteraeque
3078 4059 3368 4117 Dalmatiae
3391 4059 3639 4117 civitates
3661 4073 3695 4115 a
3718 4058 3937 4116 Venetis

1111 4157 1420 4226 defecerint,
1449 4154 1734 4227 conjectari
1760 4159 1941 4227 potest
1966 4152 2299 4211 Fridericum
2326 4154 2706 4228 imperatorem
2736 4155 2875 4211 hanc
2898 4155 3247 4213 defectionem
3280 4156 3444 4213 rebus
3484 4156 3599 4214 suis
3640 4155 3936 4213 secundam

1111 4256 1404 4331 plurimum
1427 4252 1715 4325 adjuvisse.
1742 4250 1845 4321 Qui
1865 4250 2081 4323 quidem
2109 4266 2296 4308 mense
2322 4251 2593 4310 februario
2617 4251 2742 4309 anni
2770 4254 2932 4324 4242,
2959 4252 3197 4310 validam
3218 4252 3450 4311 classem
3470 4259 3659 4310 contra
3683 4253 3933 4323 Venetos,

1113 4360 1251 4411 teste
1275 4350 1536 4410 Riccardo
1562 4349 1632 4407 de
1661 4349 1861 4406 Sancto
1887 4348 2183 4420 Germano,
2211 4349 2508 4424 comparari
2526 4350 2671 4408 fecit.
2690 4349 2843 4408 Unde
2860 4356 3014 4409 notas
3025 4350 3425 4426 chronologicas
3446 4350 3611 4425 hujus
3632 4350 3935 4409 documenti

1117 4452 1199 4509 sic
1225 4447 1583 4507 restituendas
1607 4445 1852 4503 arbitrati
1874 4460 2081 4504 sumus.

1184 4549 1262 4620 (2)
1297 4547 1507 4604 Nomen
1533 4558 1704 4618 papae
1733 4557 1829 4598 seu
1859 4541 2033 4599 littera
2060 4541 2222 4616 hujus
2252 4544 2483 4602 nominis
2514 4544 2731 4602 initialis
2757 4544 2928 4617 deest,
2961 4545 3090 4605 dum
3116 4562 3211 4604 rex
3238 4546 3367 4605 Bela
3392 4547 3614 4604 credere
3640 4553 3769 4602 tunc
3791 4551 3937 4601 tem-

1111 4645 1264 4718 poris
1289 4647 1475 4718 posset
1504 4654 1705 4698 novum
1749 4652 1949 4711 papam
1975 4639 2278 4696 creandum
2301 4640 2437 4714 fore,
2467 4647 2757 4715 antequam
2777 4656 2881 4701 sua
2906 4642 3129 4701 Romam
3159 4643 3467 4718 perveniret
3501 4642 3760 4717 epistota,
3795 4640 3938 4701 Sede

1110 4739 1418 4814 Apostolica
1442 4740 1669 4797 vacante
1703 4733 1926 4808 scripta.
