4525 6031
938 524 1063 586 602
1942 523 2371 588 ruint-‚ulcr
2420 525 2767 589 suenum
3385 523 3552 602 [Anu.
3587 523 3766 586 1248.

1040 655 1551 755 [Innocentius,
1584 653 1757 755 etc.]
1786 657 1931 729 Nisi
1962 668 2202 731 contra
2234 660 2592 755 publicum
2626 659 2941 749 hostem,
2972 665 3084 730 etc
3091 708 3764 731 .........

931 818 937 825 .

949 831 3761 858 00000000000000000000000000000000000

940 1030 1305 1103 Frederico
1336 1030 1689 1122 quondam
1721 1029 2191 1102 Romanorum
2224 1031 2642 1127 imperatore
2675 1030 3028 1102 civitatem
3062 1030 3283 1125 ipsam
3321 1027 3623 1125 (Parme)
3659 1030 3768 1100 in-

940 1155 1204 1227 vadere
1254 1163 1324 1226 et
1371 1155 1627 1248 quibus
1670 1164 1900 1248 potest
1949 1154 2215 1227 viribus
2268 1155 2556 1227 allidere
2606 1162 2998 1246 satagente,
3047 1154 3384 1226 zelatores
3431 1151 3770 1225 catholice

942 1279 1280 1351 libertatis
1323 1287 1395 1349 et
1439 1278 1948 1372 reparationem
1998 1289 2219 1351 status
2269 1279 2463 1351 Italie
2518 1262 2880 1372 cupientes
2934 1278 3006 1348 in
3058 1278 3534 1350 defensionem
3588 1276 3773 1348 illius

946 1413 1141 1475 tanto
1173 1403 1504 1474 attentius
1531 1410 1806 1495 oportet
1834 1402 2198 1474 intendere
2228 1412 2493 1495 quanto
2525 1425 2666 1474 non
2700 1403 2925 1474 solum
2953 1401 3250 1474 civitatis
3282 1402 3523 1498 ipsius,
3544 1400 3670 1473 sed
3703 1410 3773 1472 et

947 1527 1157 1600 totius
1196 1526 1498 1619 regionis
1538 1526 1776 1620 pejora
1817 1526 2194 1598 novissima
2242 1524 2490 1598 fierent
2536 1547 2747 1620 quam
2789 1526 3061 1621 priora,
3099 1525 3158 1598 si
3199 1525 3384 1597 idem
3418 1522 3772 1596 christiani

946 1650 1248 1724 nominis
1270 1659 1672 1745 persecutor
1699 1650 1932 1720 locum
1959 1670 2002 1720 a
2031 1672 2172 1743 quo
2199 1671 2273 1721 se
2303 1649 2494 1721 dolet
2520 1650 2886 1721 exclusum
2913 1671 3074 1721 cum
3103 1648 3466 1743 multiplici
3491 1646 3771 1742 spiritus

945 1775 1237 1847 furentis
1273 1773 1577 1866 nequitia
1618 1772 1870 1843 iterum
1911 1773 2282 1868 optineret.
2321 1775 2503 1844 Sane
2544 1773 2722 1844 sicut
2762 1772 3193 1869 accepimuS,
3237 1772 3426 1844 idem
3470 1772 3548 1843 F.
3589 1770 3773 1843 vires

948 1921 1111 1972 suas
1151 1919 1476 1993 reparare
1518 1898 1895 1992 disponens
1936 1919 2111 1991 quas
2149 1919 2376 1991 nuper
2406 1897 2694 1968 robusta
2736 1918 2983 1968 manus
3023 1897 3435 1970 devotorum
3465 1896 3772 1970 Ecclesie
3815 1872 3826 1879 ,

948 2024 1019 2095 in
1056 2021 1273 2115 digito
1307 2022 1435 2093 Dei
1462 2021 1789 2093 contrivit
1823 2021 2367 2117 viriliter,super
2401 2020 2665 2093 Padum
2699 2022 2992 2093 collecto
3020 2022 3209 2094 unde
3238 2021 3467 2116 potuit
3496 2021 3776 2114 navigio

949 2146 1239 2235 fluviali,
1271 2145 1502 2218 aditus
1532 2154 1824 2217 conatur
1852 2145 2215 2217 obstruere
2243 2167 2372 2239 per
2396 2168 2572 2238 quos
2601 2145 2672 2216 in
2701 2146 3121 2218 victualibus
3148 2154 3220 2218 et
3249 2145 3403 2217 aliis
3434 2167 3773 2218 commer-

948 2271 1074 2343 ciis
1103 2269 1535 2342 advehendis
1561 2268 1746 2340 illius
1772 2269 2040 2341 navalis
2064 2268 2393 2364 triumphi
2417 2268 2755 2342 beneficio
2780 2292 2923 2363 quo
2951 2270 3199 2342 claruit
3225 2280 3507 2343 caterva
3529 2269 3773 2343 catho-

951 2396 1121 2487 lica,
1159 2395 1404 2467 civitas
1444 2397 1711 2490 prefata
1750 2395 2081 2491 respirat,
2120 2405 2201 2467 ut
2240 2417 2369 2491 per
2399 2396 2705 2467 inediam
2742 2396 3018 2467 illorum
3066 2396 3524 2468 constantiam
3564 2416 3774 2489 supe-

950 2542 1105 2592 rare
1162 2520 1498 2593 fallaciter
1555 2519 1773 2615 possit
1826 2519 2080 2612 quibus
2140 2515 2339 2616 [non]
2396 2521 2710 2613 prevalet
2763 2541 2888 2614 per
2936 2519 3290 2591 virtutem.
3344 2518 3513 2590 Cum
3566 2517 3778 2611 igitur

950 2643 1242 2716 ridende
1283 2643 1824 2739 presumptionis
1867 2642 2078 2735 hujus
2122 2641 2554 2737 propositum
2601 2641 3149 2734 magnitudinem
3182 2652 3484 2714 vestram
3530 2644 3779 2716 deceat

820 2794 825 2800 ·
951 2767 1343 2860 dedignari,
1386 2817 3770 2839 ..............................

620 3860 842 3914 [unedo-1

960 2939 2937 2962 .........................
2990 2847 3404 2960 mandamus
3449 2890 3777 2982 quatinus

961 3140 1187 3212 eidem
1220 3135 1482 3209 civitati
1513 3157 1597 3207 ac
1627 3134 1950 3208 fidelibus
1983 3157 2110 3230 pro
2142 3135 2292 3229 ipsa
2334 3135 2761 3208 certantibus
2800 3145 3120 3231 potenter
3163 3147 3236 3210 et
3265 3138 3585 3210 celeriter
3618 3160 3777 3210 suc-

958 3262 1276 3337 curratis,
1303 3262 1410 3331 Ex
1440 3260 1575 3331 hoc
1609 3260 1891 3352 quidem
1920 3259 2281 3331 meremini
2302 3260 2595 3352 gratiam
2622 3260 2811 3356 apud
2838 3261 3087 3352 Deum,
3120 3271 3253 3333 etc.

1068 3848 1406 3930 Potestas
1448 3857 1521 3928 et
1564 3870 1970 3928 commune
2017 3844 2545 3928 Parmensium
2591 3846 2945 3954 potestati
2988 3856 3062 3928 et
3097 3846 3412 3929 consilio
3447 3846 3779 3929 Placen-

964 3983 1112 4064 tiae
1156 3992 1420 4063 contra
1466 3979 2002 4088 imperatorem
2049 3977 2184 4087 qui
2225 3978 2501 4060 iterum
2550 3977 2833 4060 civitati
2887 3977 3363 4061 obsidionem
3412 3981 3778 4085 minatur,

965 4113 1395 4197 subsidium
1434 4121 1740 4220 petunt3
1782 4112 1985 4220 quod
2028 4120 2103 4194 et
2139 4111 2282 4220 ipsi
2319 4110 2731 4193 Placentini
2763 4111 3323 4220 repromittunt.

1129 4313 1373 4392 (laedit.
1399 4329 1473 4373 ex
1501 4314 1633 4374 cod.
1655 4313 1810 4374 Bibl.
1842 4314 2040 4376 Cesar.
2073 4314 2292 4390 Paris„
2321 4311 2643 4392 amfonds
2668 4310 2841 4385 latin,
2863 4322 2928 4373 n⁰
2953 4323 3109 4374 8564
3136 4315 3211 4382 Α,
3244 4314 3349 4375 fol.
3379 4323 3449 4375 15
3479 4313 3700 4392 verso.)

1061 4488 1423 4562 Nobilibus
1452 4488 1621 4560 viris
1658 4498 1728 4558 et
1760 4487 2073 4559 discretis
2108 4488 2432 4582 potestati
2461 4498 2532 4560 et
2558 4487 2844 4559 consilio
2870 4488 3215 4559 Placentie
3254 4487 3396 4559 suis
3441 4496 3519 4559 ut
3553 4488 3784 4559 fratri-

965 4616 1098 4686 bus
1126 4623 1194 4685 et
1230 4614 1495 4703 amiciS‚
1524 4622 1831 4707 potestas
1860 4620 1930 4683 et
1956 4611 2319 4683 consilium
2352 4622 2424 4683 et
2453 4632 2821 4683 commune
2849 4612 3147 4684 civitatis
3173 4611 3562 4684 Parmensis
3598 4613 3784 4685 salu-
