4525 6031
1590 667 1845 730 INDEX
1893 664 2606 729 DochENToRUM.
3397 668 3514 731 961

691 874 920 951 1245

667 987 945 1020 “·-“““
1527 1013 1666 1059 eum
1693 994 1771 1057 de
1795 996 1970 1056 rectis
2006 994 2201 1055 feudis
2235 1011 2390 1072 quae
2418 1000 2583 1056 tenet
2608 959 2703 1055 ab·
2717 996 2962 1071 imperio
3001 996 3274 1073 investit,
3313 967 3546 1058 omnia·

1526 1095 1836 1173 privilegia
1874 1109 1911 1152 a
1946 1107 2011 1152 se
2047 1097 2107 1151 et
2150 1093 2622 1153 antecessoribus
2661 1094 2786 1153 suis
2830 1091 3063 1152 indulta
3087 1090 3427 1168 confirmat,
3457 1099 3521 1154 et

1525 1196 1686 1253 ratas
1714 1189 1894 1250 habet
1927 1189 2348 1266 promissiones
2382 1190 2574 1250 eidem
2608 1205 2714 1266 per
2737 1189 3060 1250 Hem-icum
3088 1205 3285 1268 regem
3314 1189 3518 1251 Sardi-

1523 1289 1661 1348 niae
1684 1284 1879 1346 fllium
1909 1300 2085 1345 suum
2113 1284 2325 1345 factas.
3397 1296 3516 1348 330

665 1409 735 1469 81
783 1407 936 1489 Juln,
1052 1409 1320 1472 Taurini,
1448 1434 1524 1448 —
1564 1400 1871 1462 Universis
1894 1398 2143 1476 Angliae
2169 1397 2467 1459 nobilibus
2502 1398 2731 1470 scribit,
2760 1399 3107 1458 sententiam
3134 1397 3517 1474 depositionIs

1523 1500 1588 1559 in
1608 1514 1673 1560 se
1686 1499 1748 1558 in
1767 1497 2013 1557 concilio
2029 1494 2411 1574 Lugdunensi
2431 1496 2610 1557 latam
2631 1500 2799 1573 quasi
2815 1498 3083 1573 iniquam
3111 1503 3172 1555 et
3189 1498 3352 1574 juris·
3377 1496 3514 1557 nul-

1522 1596 1639 1658 lius
1664 1594 2025 1673 redarguens
2040 1636 2057 1666 ,
2087 1608 2303 1670 eosque
2326 1593 2594 1654 bortatur
2620 1599 2687 1653 ut
2712 1610 2913 1654 secum
2933 1595 3243 1671 insurgant
3266 1593 3343 1653 ad
3372 1610 3515 1654 cau·
3555 1662 3561 1668 ,

1520 1708 1649 1754 sam
1675 1709 1845 1753 suam
1871 1707 2022 1768 quae
2050 1693 2317 1750 omnium
2345 1693 2681 1768 principum
2709 1696 2820 1769 est,
2855 1690 3306 1750 defendendam.
3395 1700 3510 1751 332

695 1809 732 1862 5
771 1814 914 1881 aug.
1053 1805 1322 1868 Taurini,
1443 1830 1524 1841 —
1561 1796 1978 1878 Venditionem
2003 1795 2281 1856 villarum
2310 1796 2519 1864 Sancti,
2540 1797 2781 1856 Martini
2811 1795 2885 1855 de
2922 1795 3178 1855 Stellone
3205 1800 3264 1854 et
3289 1795 3513 1856 Gorrae

1519 1911 1558 1955 a
1583 1894 1932 1970 Templariis
1962 1892 2249 1952 militibus
2276 1895 2687 1953 communitati
2718 1892 3088 1953 carlensium
3118 1891 3335 1952 factam
3364 1909 3512 1952 con-

1517 1986 1740 2050 firmat.
3392 1997 3507 2049 338

660 2105 935 2177 augusto.
1049 2104 1319 2167 Tam-1111,
1442 2125 1521 2138 —
1560 2094 1772 2154 Comiii
1807 2091 1985 2152 Petro
2012 2091 2086 2150 de
2112 2091 2431 2152 Blandi-ate
2457 2089 2766 2151 confirmat
2804 2092 3251 2168 acquisitionem
3287 2091 3362 2153 ab
3392 2094 3508 2154 isto

1517 2188 1737 2250 iactam
1776 2188 1851 2250 de
1896 2195 2068 2249 sexta
2101 2196 2267 2266 parte
2298 2192 2477 2250 castri
2507 2190 2690 2249 Lanzi
2729 2191 2791 2249 in
2832 2187 3184 2262 Canavesio,
3226 2206 3404 2267 quam
3452 2193 3507 2250 ei

1514 2287 1787 2348 vendidit
1813 2287 2167 2347 Guillelmus
2197 2288 2273 2347 de
2299 2289 2517 2348 Lanzo.
3390 2297 3503 2348 338

659 2401 935 2476 augusto.
1048 2401 1315 2465 Taunus,
1437 2426 1519 2438 -
1558 2391 1656 2452 Ad
1693 2393 2175 2470 supplicationem
2209 2393 2520 2453 hominum
2556 2393 2811 2453 civitatis
2845 2393 3030 2466 Catii,
3061 2409 3161 2454 eos
3188 2393 3444 2455 absolvit
3469 2412 3508 2457 a

1517 2490 1969 2565 conditionibus,
2001 2490 2396 2569 pactionibus,
2430 2491 2808 2551 sacramentis
2826 2495 2887 2549 et
2900 2490 3274 2551 societatibus
3289 2491 3506 2569 quibus

1516 2603 1655 2662 erga
1692 2586 1921 2664 aliquos
1957 2587 2219 2660 nobiles,
2259 2591 2531 2649 civitates
2567 2588 2666 2647 vel
2706 2587 2981 2648 ecclesias
3021 2591 3147 2648 sine
3185 2606 3292 2649 suo
3329 2606 3503 2650 man-

1514 2683 1654 2744 dato
1679 2684 2050 2746 tenebantur.
3386 2697 3501 2772 339

712 2788 898 2872 [aug.]
972 2838 992 2860 .
1053 2838 1071 2858 .
1119 2838 1139 2859 .
1186 2842 1202 2857 .
1252 2841 1272 2862 ,
1320 2844 1337 2862 ,
1437 2821 1517 2834 -
1557 2789 1776 2852 Scribit
1810 2795 1935 2871 regi
1973 2792 2257 2854 castellae
2297 2799 2549 2872 cognato
2588 2810 2726 2868 suo,
2767 2795 2820 2853 ei
2861 2811 3228 2871 conquerens
3267 2796 3342 2855 de
3378 2795 3502 2856 filio

1515 2891 1643 2966 ejus
1672 2890 1971 2950 Friderico
1996 2893 2100 2968 qui
2125 2907 2499 2952 commorans
2521 2893 2583 2950 in
2610 2892 2775 2952 curia
2803 2908 2935 2964 sua,
2959 2892 3178 2953 furtive
3205 2893 3283 2953 ad
3306 2892 3502 2954 rebel-

1514 2983 1599 3046 les
1632 2988 1862 3062 imperii
1891 2988 2152 3048 secessit.
3383 2999 3496 3052 340

709 3090 888 3171 [circa
972 3137 991 3157 .
1052 3138 1403 3162 ......
1437 3121 1517 3136 -
1554 3091 1814 3152 Boberto
1840 3091 1915 3152 de
1946 3092 2259 3154 Castilione
2291 3093 2581 3169 imperiali
2619 3097 2682 3154 in
2713 3093 2976 3155 Marchia
3011 3096 3315 3171 capitaneo
3351 3113 3497 3157 con-

673 3189 938 3250 medium
1514 3189 1733 3268 gaudet
1759 3190 1834 3250 de
1864 3192 2037 3249 novis
2064 3206 2218 3266 quae
2244 3190 2361 3249 sibi
2387 3191 2717 3250 transmisit
2740 3207 2912 3268 super
2942 3191 3095 3252 facto
3120 3192 3497 3254 Camerinen-

671 3287 940 3365 august]
1514 3287 1670 3346 sium
1700 3291 1760 3346 et
1783 3284 2258 3365 Anconensium,
2293 3303 2539 3348 monens
2564 3293 2767 3348 tamen
2803 3289 2964 3366 quod
2993 3290 3057 3349 in
3088 3289 3498 3368 aggrediendis

1511 3382 1754 3445 Venetis
1779 3383 2176 3461 supersedeat.
3320 3459 3327 3467 ,
3379 3396 3495 3449 343

717 3500 872 3573 ηερε.
975 3539 993 3558 ,
1054 3540 1074 3562 ,
1120 3540 1139 3561 ,
1189 3544 1206 3562 ,
1252 3539 1273 3564 ,
1319 3543 1336 3563 ,
1383 3545 1399 3563 ,
1435 3519 1515 3534 —
1555 3488 1681 3550 Sub
1708 3490 2037 3568 encyclicae
2061 3489 2255 3551 forma
2294 3490 3054 3567 sententiamdeposiiionis
3092 3498 3296 3553 contra
3335 3509 3400 3554 se
3433 3496 3497 3553 in

1512 3587 1761 3646 concilio
1775 3586 2153 3665 Lugdunensi
2168 3587 2348 3647 latam
2363 3591 2532 3665 quasi
2550 3590 2815 3665 iniquam
2834 3594 2895 3648 et
2901 3591 3051 3666 juris
3062 3588 3281 3651 nullius
3295 3591 3495 3651 redar-

1510 3685 1673 3761 guit,
1715 3691 2090 3762 caeterosque
2132 3700 2300 3762 reges
2340 3684 2686 3746 adhortatur
2719 3692 2791 3746 ut
2823 3701 3024 3747 secum
3065 3688 3374 3764 insurgant
3418 3689 3497 3749 ad

1512 3798 1751 3842 causam
1778 3798 2148 3843 communem
2177 3781 2630 3843 defendendam.
3378 3793 3494 3847 348

662 3894 736 3947 22
780 3895 934 3967 sept.
1016 3891 1359 3959 Cremonae.
1435 3920 1514 3933 -
1553 3890 1857 3951 Universis
1885 3905 1988 3965 per
2022 3891 2334 3950 Franciam
2362 3891 2696 3950 constitutis
2731 3889 2939 3948 scribit
2974 3890 3272 3967 quomodo
3310 3908 3495 3970 nego·

1510 3986 1664 4044 tium
1697 4000 1909 4057 suum,
1943 3987 2065 4045 imo
2099 3987 2367 4045 omnium
2409 3986 2771 4061 principum,
2806 3991 3014 4044 contra
3050 4001 3262 4062 papam
3292 3986 3494 4047 Ludo-

1513 4082 1645 4141 vico
1676 4082 1804 4158 regi
1838 4087 1900 4140 et
1931 4081 2172 4157 paribus
2206 4081 2373 4141 laicis
2408 4081 2691 4141 Franciae
2728 4082 3116 4158 commiserit,
3151 4085 3496 4158 promittens

1511 4177 1564 4238 si
1594 4192 1713 4254 pax
1738 4180 2113 4253 processerit,
2143 4193 2208 4238 se
2234 4193 2370 4237 cum
2408 4177 2614 4237 eodem
2640 4192 2777 4254 rege
2803 4182 2989 4247 totam
3017 4183 3233 4239 terram
3259 4180 3296 4238 J
3298 4196 3494 4240 eroso·

1515 4275 1842 4343 limitanam
1870 4274 1949 4333 ad
1975 4273 2430 4335 christianorum
2458 4275 2742 4334 ditionem
2765 4281 3198 4357 revocaturum.
3378 4285 3494 4338 349

721 4386 872 4459 sept.
1048 4382 1318 4445 Parmae.
1437 4412 1516 4425 —
1554 4376 1675 4440 Pro
1697 4381 1881 4458 gratis
1899 4387 1959 4440 et
1985 4382 2239 4457 acceptis
2266 4383 2487 4441 civium
2509 4381 2915 4442 Parmensium
2935 4384 3208 4453 servitiis,
3236 4381 3496 4444 Tebaldo

1513 4476 1830 4539 Francisco
1856 4493 2061 4538 eorum
2086 4479 2363 4555 potestati
2390 4484 2451 4538 et
2475 4478 2588 4554 ipsi
2619 4477 2919 4536 communi
2956 4479 3200 4538 Parmae
3239 4484 3496 4538 castrum
3524 4508 3531 4523 -2

1516 4573 1856 4636 Grondulae
1882 4591 2018 4634 cum
2045 4573 2323 4635 omnibus
2360 4578 2489 4653 ejus
2513 4575 2880 4651 pertinentiis
2913 4580 2973 4634 et
3002 4575 3233 4651 juribus
3263 4579 3325 4634 in
3353 4593 3496 4652 per-

1515 4678 1761 4748 petuum
1787 4671 2078 4732 concedit.
3377 4682 3493 4733 852

722 4779 874 4853 sept.
1048 4776 1320 4840 Parmae.
1441 4811 1517 4824 —
1551 4777 1648 4837 Ad
1674 4779 2164 4854 supplicationem
2188 4779 2413 4838 civium
2445 4777 2866 4849 Parmensium,
2885 4779 2971 4838 eis
2988 4784 3258 4854 patentes
3271 4779 3496 4840 litteras
3523 4778 3533 4787 '
