4525 6031
699 672 901 749 [ποιοῖ.
933 671 1026 759 9.]
1600 667 1999 733 HISTORIA
2049 670 2647 743 mPLOMATch.
3409 673 3529 738 797

699 808 1126 880 sessionibus
1180 804 1333 877 aliis
1387 825 1564 898 quas
1611 805 2110 876 monasterium
2157 807 2561 881 Cassinense
2608 810 2679 881 in
2727 810 2930 902 Troja
2976 819 3047 880 et
3101 809 3533 903 pertinentiis

703 932 853 1024 ejus
907 931 1251 1011 hactenus
1301 928 1649 1001 inveneris
1692 927 2015 1000 habuisse
2035 983 2053 1018 ‚
2095 932 2475 1005 monachos
2519 912 2644 1005 seu
2689 934 2973 1005 nuntios
3009 932 3183 1004 alios
3218 933 3532 1025 ejusdem

701 1055 1102 1128 monasterii
1147 1076 1293 1126 non
1335 1053 1662 1124 molestes
1693 1073 1824 1124 nec
1869 1053 2152 1147 patiaris
2194 1056 2286 1127 ab
2323 1056 2476 1128 aliis
2517 1057 2872 1129 molestari
2895 1110 2914 1146 ‚
2951 1057 3044 1127 ita
3078 1065 3308 1128 tamen
3341 1056 3533 1149 quod

703 1202 913 1275 super
940 1178 1381 1275 procuranda
1411 1175 1702 1249 ecclesia
1732 1185 1802 1247 et
1828 1177 2383 1275 possessionibus
2413 1180 2630 1275 ipsius
2658 1180 2892 1251 nullus
2923 1179 3150 1251 incola
3173 1181 3286 1251 vel
3308 1180 3538 1251 oriun-

704 1301 838 1374 dus
869 1302 960 1375 de
991 1303 1210 1394 Troja·
1229 1321 1591 1372 remanere
1620 1299 1884 1372 ibidem
1920 1300 2009 1372 de
2038 1311 2271 1375 cetero
2301 1304 2761 1398 permittatur.
2795 1303 3047 1374 Datum
3081 1304 3272 1397 apud
3298 1305 3534 1374 Venu-

707 1427 879 1500 siam
890 1480 910 1517 ,
929 1426 1299 1498 undecimo
1314 1424 1645 1516 octobris,
1660 1445 1844 1496 none
1858 1424 2218 1497 indictioni
2225 1427 2710 1521 s.—Cumque
2725 1426 3113 1521 predictum
3130 1427 3535 1499 mandatum

707 1574 840 1625 nos
866 1560 1184 1647 oporteat
1214 1550 1392 1622 sicut
1419 1549 1625 1622 decet
1650 1549 1908 1644 exequi
1940 1561 2343 1623 reverenter
2374 1551 2559 1624 etad
2584 1552 2658 1624 id
2690 1551 3184 1645 exequendum
3212 1573 3539 1646 persona·

712 1677 870 1748 liter
906 1675 1269 1748 intendere
1303 1695 1447 1746 non
1480 1675 1852 1770 possimuS‚
1882 1675 2034 1746 aliis
2053 1676 2352 1748 servitiis
2372 1676 2844 1771 imperialibus
2859 1676 3205 1771 occupati,
3229 1675 3537 1770 pruden-

710 1801 805 1872 tie
831 1808 1064 1872 vestre
1094 1799 1588 1873 committimus
1617 1819 1712 1870 ex
1741 1798 2080 1893 imperiali
2114 1808 2310 1894 parte
2344 1821 2482 1894 qua
2511 1800 2868 1892 fungimur
2893 1800 3305 1872 auctoritate
3339 1820 3537 1870 man-

709 1924 958 1999 dantes
971 1935 1319 2018 quatenus
1339 1935 1582 1999 tenore
1601 1923 1894 2018 predicti
1910 1924 2291 2018 imperialis
2311 1923 2621 1997 mandati
2638 1924 3011 2017 diligenter
3025 1934 3320 2015 attento,
3332 1926 3538 2016 juxta

710 2050 927 2145 ipsius
959 2047 1460 2120 continentiam
1505 2069 1716 2141 super
1743 2047 2035 2118 ecclesia
2079 2048 2373 2141 predicti
2410 2049 2648 2120 Sancti
2685 2048 2932 2140 Angeli
2971 2050 3060 2121 de
3102 2049 3420 2143 Rodingo
3472 2058 3543 2122 et

713 2173 1267 2269 possessionibus
1298 2172 1450 2243 aliis
1486 2193 1662 2264 quas
1694 2171 2191 2242 monasterium
2221 2172 2626 2244 Cassinense
2657 2173 2726 2242 in
2762 2174 2966 2264 Troja
3002 2183 3073 2244 et
3102 2172 3542 2268 pertinentiis

715 2299 865 2390 ejus
885 2297 1227 2369 hactenus
1245 2295 1649 2367 inveneritis
1672 2295 2026 2386 habuisse,
2058 2293 2146 2367 de
2176 2296 2432 2388 quibus
2458 2294 2658 2368 vobis
2690 2298 2896 2395 plene
2916 2297 3287 2388 constabit,
3309 2318 3545 2369 mona-

716 2425 885 2498 chos
918 2446 1043 2495 seu
1085 2423 1365 2494 nuntios
1411 2421 1584 2494 alios
1626 2421 1943 2513 ejusdem
1987 2422 2386 2494 monasterii
2421 2444 2562 2494 non
2597 2424 2979 2495 molestetis
3020 2445 3152 2494 nec
3182 2422 3543 2518 patiamini

717 2549 809 2621 ab
840 2547 995 2620 aliis
1026 2545 1407 2635 molestari,
1442 2546 1539 2617 ita
1581 2555 1814 2617 tamen
1871 2546 2063 2639 quod
2102 2546 2284 2618 sicut
2327 2546 2718 2641 predictum
2762 2548 3168 2619 mandatum
3205 2547 3542 2639 continet,

717 2694 931 2768 super
983 2671 1442 2767 procurandis
1501 2670 1793 2742 ecclesia
1850 2679 1921 2741 et
1973 2670 2530 2765 possessionibus
2561 2670 2727 2765 ipsis
2767 2671 3038 2742 nullum
3089 2671 3384 2743 incolam
3431 2671 3549 2743 vel

724 2796 1098 2869 oriundum
1125 2795 1215 2868 de
1248 2795 1451 2886 Troja
1479 2815 1842 2866 remanere
1867 2793 2126 2865 ibidem
2158 2793 2247 2866 de
2283 2802 2520 2868 cetero
2552 2794 3006 2890 permittatis3
3043 2796 3378 2867 facientes
3391 2793 3544 2866 fieri

720 2922 1077 3018 publicum
1119 2920 1658 2992 instrumentum
1691 2918 2014 2990 distincte
2052 2918 2420 2990 continens
2456 2920 2755 3012 qualiter
2796 2917 2997 2990 vobis
3038 2919 3420 2991 constiterit
3458 2918 3547 2991 de

721 3047 1013 3118 ecclesia
1053 3054 1125 3116 et
1159 3043 1709 3140 possessionibus
1751 3042 2166 3138 supradictis
2199 3043 2270 3113 in
2305 3043 2556 3115 eodem
2600 3044 3060 3116 instrumento
3097 3044 3370 3140 plenius
3406 3044 3547 3117 dis·

721 3170 1118 3263 tinguendis
1143 3223 1163 3260 ,
1196 3179 1276 3241 ut
1306 3169 1668 3241 occasione
1730 3165 2131 3260 hujusmodi
2189 3188 2331 3239 non
2379 3168 2736 3260 contingat
2797 3168 3225 3262 imperialem
3283 3169 3548 3241 curiam

722 3297 852 3367 sub
880 3295 1243 3367 involucro
1272 3292 1699 3382 defraudari,
1735 3302 1806 3364 et
1840 3292 2102 3364 factum
2129 3291 2332 3363 nobis
2369 3291 2461 3363 ad
2489 3291 2758 3364 curiam
2792 3291 3299 3366 transmittatis.

821 3422 1072 3492 Datum
1100 3417 1404 3508 Corneti,
1434 3418 1590 3490 XIII
1621 3416 1951 3505 octobriS,
1987 3437 2172 3487 noue
2204 3415 2626 3488 indictionis.

819 3544 1150 3616 Volentes
1192 3542 1402 3634 igitur
1434 3540 1602 3614 dicti
1629 3539 1953 3613 dominus
1988 3539 2285 3611 Iacobus
2324 3549 2395 3610 et
2426 3539 2653 3631 judex
2684 3541 3045 3614 Scalionus
3088 3541 3548 3636 prescriptum

597 3659 611 3673 '
724 3667 1131 3739 mandatum
1181 3664 1474 3761 predicti
1517 3662 1757 3740 domni
1799 3661 2151 3754 justitiarii
2196 3662 2454 3755 exequi
2500 3673 2924 3754 reverenter,
2976 3687 3209 3736 coram
3242 3663 3444 3736 nobis
3485 3673 3556 3735 et

728 3790 1179 3885 infrascriptis
1212 3788 1503 3862 testibus
1530 3809 1707 3882 quos
1734 3787 1960 3858 dictus
1987 3787 2201 3860 frater
2227 3786 2645 3859 Benedictus
2684 3809 2812 3883 pro
2848 3798 3046 3883 parte
3078 3789 3246 3861 dicti
3281 3809 3554 3860 monas·

730 3914 882 3986 terii
908 3913 1331 3990 cassinensis
1358 3912 1447 3984 ad
1482 3911 1923 4006 probandum
1944 3963 1964 4000 ,
2008 3918 2142 3981 etc.

829 4035 1252 4134 [Sequuntur
1266 4034 1732 4131 depositiones
1754 4033 2030 4108 testium
2060 4054 2220 4104 cum
2245 4032 2644 4107 nominibus
2667 4033 3016 4125 locorum;
3036 4034 3225 4106 unde
3252 4035 3552 4106 Iacobus

731 4169 804 4232 et
841 4160 1202 4232 Scalionus
1248 4159 1607 4234 declarant
1647 4156 2146 4229 monasterium
2177 4155 2580 4229 Cassinense
2617 4179 2762 4229 non
2794 4158 3144 4230 molestari
3174 4157 3430 4230 debere
3479 4157 3552 4227 in

731 4283 1038 4366 ecclesiis
1070 4293 1141 4357 et
1171 4282 1724 4378 possessionibus
1750 4302 1924 4375 quas
1955 4279 2170 4352 habet
2197 4280 2268 4351 in
2298 4282 2501 4373 Troja
2525 4291 2597 4353 et
2618 4282 3055 4377 pertinentiis
3083 4278 3292 4378 ejus.]

900 4887 996 4949 vl.
1041 4902 1154 4947 rm
1177 4903 1222 4945 π.
3124 4891 3226 4942 101
