4525 6031
695 679 898 738 Iunior.
931 676 1024 757 9.]
1585 674 1981 737 HISTORIA
2032 677 2627 742 DIPLOMATICA.
3407 685 3531 748 793

698 814 873 887 dens
896 810 1091 905 quod
1111 819 1408 883 vocatur
1434 809 1827 902 Cingulum,
1854 812 1977 883 ubi
1995 814 2368 887 cardinalis
2393 818 2636 888 Petrus
2659 816 2993 909 Capocius
3022 816 3431 911 intraverat,
3454 832 3531 893 et

693 939 768 1012 vi
807 956 1223 1032 expugnans
1262 934 1451 1006 idem
1498 944 1800 1005 castrum
1843 936 2145 1032 accepit3
2189 938 2379 1011 unde
2416 940 2695 1012 favente
2739 951 2945 1011 nocte
2987 941 3367 1014 cardinalis
3392 944 3527 1016 iste

694 1063 892 1135 velut
922 1060 1390 1156 pauperculus
1421 1058 1829 1131 mendicans
1855 1081 2103 1132 manus
2136 1082 2378 1134 eorum
2411 1064 2673 1156 effugit.
2705 1066 2875 1135 Tota
2909 1064 3145 1157 itaque
3175 1066 3518 1159 Marchia,

693 1188 1001 1258 Ducatus
1042 1193 1114 1256 et
1142 1182 1549 1255 Romaniola
1581 1182 1674 1255 ad
1705 1183 2113 1256 mandatum
2151 1186 2532 1278 majestatis
2565 1197 2841 1259 nostrae
2889 1208 2964 1258 se
2997 1198 3517 1261 converterunt.

695 1309 888 1384 Circa
935 1319 1168 1380 autem
1214 1316 1490 1402 tempus
1536 1307 1724 1380 idem
1779 1328 1920 1400 quo
1964 1310 2183 1380 nostri
2226 1310 2594 1383 victoriam
2643 1319 3124 1405 reportarunt,
3189 1314 3527 1384 serenitas

695 1443 936 1505 nostra
963 1430 1321 1503 mandavit
1355 1440 1701 1524 quatenus
1727 1452 1972 1504 omnes
2003 1434 2096 1505 ad
2125 1433 2736 1529 depopulationem
2770 1435 3244 1506 Parmensium
3276 1458 3524 1531 proce·-

696 1556 972 1647 derent,
1009 1565 1089 1627 ut
1124 1575 1369 1627 eorum
1405 1555 1664 1626 elatum
1707 1557 2154 1650 supercilium
2183 1567 2253 1628 et
2282 1558 2704 1653 pertinacem
2734 1558 3130 1652 superbiam
3162 1559 3255 1631 ad
3285 1570 3520 1632 extre-

694 1700 882 1752 mam
928 1679 1406 1751 confusionem
1451 1678 1892 1751 reducerent.
1937 1679 2107 1752 Inde
2159 1703 2320 1753 cum
2363 1682 2662 1776 predicti
2716 1680 2959 1753 fideles
2991 1682 3209 1753 nostri
3261 1682 3519 1755 flumen

694 1804 851 1876 Tari
881 1803 1312 1875 transiissent
1349 1813 1419 1874 et
1443 1803 1651 1893 juxta
1686 1804 2004 1874 Parmam
2041 1826 2166 1875 sua
2205 1806 2500 1877 tentoria
2527 1825 2791 1900 ponere
2828 1805 3313 1899 disponerent,
3353 1809 3518 1878 Par-

692 1948 970 1998 menses
1015 1926 1410 2017 arrogantia
1450 1925 1667 1997 inflati
1707 1936 1777 1997 et
1808 1928 2007 2020 quasi
2036 1926 2464 1999 infidelitatis
2505 1937 2575 1999 et
2599 1929 2974 2019 jactantiae
3012 1929 3258 2023 spiritu
3298 1953 3520 2024 usque

692 2049 786 2122 ad
825 2048 1298 2121 inordinatum
1342 2048 1681 2143 impetum
1728 2050 2202 2144 prosilientes,
2241 2073 2522 2122 currum
2561 2074 2763 2123 suum
2787 2073 2997 2146 quem
3029 2053 3256 2123 italice
3285 2074 3518 2127 carro-

692 2174 878 2246 cium
908 2183 1163 2246 vocant
1194 2195 1354 2244 cum
1389 2174 1579 2245 omni
1618 2172 1862 2244 militia
1889 2176 2174 2245 Parmae
2203 2175 2631 2265 eduxerunt,
2669 2183 2738 2246 et
2773 2172 3014 2247 contra
3050 2176 3516 2250 felicissimum

693 2298 1080 2369 exercitum
1095 2307 1410 2368 nostrum
1438 2296 1761 2368 ferociter
1789 2304 1859 2367 et
1889 2297 2072 2368 malo
2095 2296 2406 2391 auspicio
2435 2307 2960 2370 concurrerunt.
2984 2299 3254 2371 Fideles
3289 2310 3518 2375 tamen

691 2422 909 2493 nostri
955 2421 1027 2492 in
1074 2420 1383 2516 potentia
1415 2420 1661 2492 Christi
1713 2421 1990 2492 Domini
2032 2422 2250 2493 nostri
2300 2422 2420 2515 qui
2467 2431 2774 2494 nostram
2817 2424 3248 2514 majestatem
3289 2436 3522 2498 tuetur

692 2544 934 2617 confisi
969 2555 1040 2615 et
1069 2543 1364 2615 ferventi
1401 2555 1679 2615 nostrae
1708 2543 1871 2616 fidei
1903 2545 2053 2616 zelo
2082 2545 2387 2634 solidati,
2419 2545 2510 2616 ad
2544 2545 2974 2639 imperialem
3009 2547 3517 2643 militaremque

692 2669 978 2741 modum
1013 2678 1275 2738 turmas
1304 2676 1375 2738 et
1403 2668 1727 2739 cohortes
1754 2688 1915 2739 suas
1942 2668 2372 2758 ordinanteS,
2404 2669 2852 2760 animumque
2881 2692 2974 2740 ex
3000 2671 3142 2741 alto
3165 2684 3518 2745 sumentes

693 2793 859 2865 dum
879 2814 1008 2887 pro
1032 2792 1299 2884 justitia
1319 2802 1388 2862 et
1407 2790 1545 2862 fide
1580 2792 1958 2883 maJestatis
1985 2801 2265 2864 nostrae
2299 2802 2541 2864 contra
2574 2793 2848 2886 iniquos
2876 2803 2945 2864 et
2974 2793 3290 2866 infideles
3323 2797 3520 2868 dimi-

691 2925 975 3006 carent,
1025 2915 1272 2986 crectis
1316 2914 1849 3009 triumphalibus
1903 2924 1972 2986 et
2018 2916 2418 2987 victricibus
2470 2917 2683 3008 signis
2725 2918 3103 3007 majestatis
3131 2929 3409 2991 nostrae
3446 2931 3517 2992 et

691 3044 917 3113 fausto
937 3040 1238 3112 nominis
1258 3040 1478 3110 nostri
1507 3040 1871 3134 praesagio
1906 3039 2258 3129 invocato,
2293 3050 2535 3111 contra
2569 3040 2820 3112 infidos
2848 3039 2969 3112 fidi
3003 3042 3181 3112 bene
3214 3045 3513 3115 ordinati

693 3174 764 3236 et
816 3164 1109 3235 animosi
1162 3172 1675 3257 processerunt.
1731 3163 1998 3234 Praelio
2045 3172 2278 3234 autem
2320 3164 2671 3258 incoepto,
2724 3174 3092 3258 postquam
3127 3188 3253 3259 per
3281 3169 3514 3261 plures

688 3287 900 3360 horas
927 3287 1221 3359 viriliter
1253 3297 1324 3357 et
1360 3286 1629 3358 sortiter
1658 3287 1866 3357 fuerit
1897 3287 2223 3378 utrinque
2257 3296 2641 3381 pugnatum
2668 3340 2686 3377 ,
2725 3288 3066 3359 sustinere
3097 3312 3237 3360 non
3271 3292 3511 3361 valen-

692 3423 796 3486 tes
826 3410 1084 3482 inimici
1134 3431 1383 3503 graves
1432 3411 1752 3482 incursus
1785 3422 1856 3482 et
1885 3411 2173 3482 bellicas
2209 3422 2397 3482 artes
2432 3421 2829 3483 nostrorum
2867 3412 3163 3483 militum
3196 3414 3511 3486 lethalia-

690 3558 829 3631 que
859 3537 1153 3608 vulnera
1200 3544 1270 3605 et
1314 3533 1653 3606 terribiles
1691 3556 1930 3606 eorum
1967 3537 2248 3629 plagaS,
2291 3535 2363 3604 in
2414 3535 2649 3627 sugam
2698 3535 2971 3607 attoniti
3004 3558 3079 3607 se
3117 3548 3506 3609 verterunt.

686 3660 1080 3731 Carrocium
1114 3668 1344 3730 autem
1380 3679 1584 3728 suum
1616 3657 2025 3729 necessitate
2058 3667 2352 3748 cogente
2381 3659 2890 3751 relinquentes,
2925 3680 3121 3729 suam
3150 3662 3516 3753 unusquis·

684 3800 821 3872 que
882 3780 1179 3850 salutem
1230 3777 1626 3871 anteposuit
1674 3786 1745 3847 et
1787 3785 2205 3872 perpetuum
2248 3776 2537 3847 exilium
2575 3777 2706 3848 sibi
2748 3778 3098 3849 fortunam
3131 3781 3507 3874 reputavit.

686 3897 983 3970 Proinde
1009 3895 1165 3989 quis
1192 3915 1473 3966 narrare
1500 3903 1738 3988 posset
1759 3895 2278 3966 multitudinem
2308 3896 2784 3965 Parmensium
2806 3894 3064 3966 ibidem
3097 3898 3507 3989 occisorum,

687 4022 1211 4093 vulneratorum
1275 4040 1644 4088 numerum
1698 4027 1769 4089 et
1833 4039 2073 4089 eorum
2132 4018 2594 4111 quantitatem
2648 4038 2826 4110 quos
2879 4018 3375 4090 Cremonenses
3422 4042 3507 4091 ex

687 4145 946 4216 furioso
978 4143 1169 4237 quod
1197 4142 1268 4213 in
1299 4142 1455 4213 illos
1484 4141 1842 4213 habebant
1872 4141 2033 4212 odio
2061 4195 2080 4231 ,
2115 4141 2185 4211 in
2221 4144 2439 4213 frusta
2476 4140 2954 4211 trucidarunt?
2984 4142 3234 4214 Mortui
3281 4152 3508 4215 tamen

686 4269 758 4339 in
791 4289 1076 4362 campo,
1113 4274 1285 4358 quot
1314 4266 1667 4336 numerari
1698 4274 2116 4359 potuerunt,
2159 4265 2429 4335 omissis
2457 4263 2692 4334 multis
2731 4264 2803 4332 in
2840 4263 3055 4335 fluvio
3092 4266 3505 4356 submersiS,

685 4390 778 4464 ad
810 4391 950 4463 duo
979 4389 1193 4460 millia
1227 4397 1297 4461 et
1326 4390 1509 4460 ultra
1542 4389 1806 4459 inventi
1841 4401 2028 4459 sunt.
2066 4388 2426 4481 Praecipui
2463 4408 2632 4459 vero
2656 4408 2833 4479 quos
2862 4387 2933 4457 in
2966 4387 3101 4459 hoc
3133 4389 3511 4460 infortunio

685 4513 885 4585 vivos
925 4519 1261 4607 ceperunt
1308 4521 1377 4581 et
1414 4520 1655 4583 nostro
1694 4520 2140 4582 reservarunt
2180 4510 2444 4581 carceri
2482 4510 3022 4604 mancipandOS,
3066 4511 3159 4583 ad
3199 4511 3387 4584 mille
3442 4523 3512 4583 et

688 4637 1145 4709 ducentorum
1191 4656 1559 4706 numerum
1605 4633 2016 4706 ascendunt.
2057 4634 2145 4705 Et
2185 4633 2254 4704 in
2290 4634 2594 4706 breviori
2623 4643 2935 4728 tempore
2973 4657 3183 4727 quam
3229 4646 3309 4706 ut
3338 4635 3510 4707 haec

689 4760 920 4832 omnia
951 4759 1448 4847 scriberentur,
1485 4758 1696 4850 legati
1732 4757 2182 4851 superstitum
2224 4758 2589 4830 rebellium
2616 4759 2922 4831 Ducatus
2955 4767 3024 4830 et
3063 4759 3508 4830 Romaniolae
