4525 6031
702 659 903 718 lamet.
935 657 1026 734 7.]
1584 646 1980 710 HISTORIA
2025 646 2619 710 DIPLOMATICA.
3391 647 3516 709 7oe

699 789 1105 884 magnitudo
1154 796 1234 859 ut
1267 785 1453 859 idem
1461 834 1801 855 .....
1843 791 2061 853 terras
2087 782 2395 882 singulas
2423 783 2619 876 regni
2645 787 2863 858 nostri
2896 807 3055 858 cum
3082 783 3516 881 improperiis

696 923 984 1010 peragat
1006 923 1080 985 et
1104 909 1491 998 tormentis,
1510 907 1829 979 ultimum
1858 915 2207 1000 postremo
2234 907 2649 1001 supplicium
2676 911 3053 982 subiturus.
3084 912 3306 982 Instar
3327 908 3513 980 enim

697 1038 972 1134 pietatis
1002 1047 1109 1109 est
1143 1036 1216 1106 in
1250 1030 1647 1125 hujusmodi
1678 1030 1958 1102 sceleris
1997 1030 2424 1102 correctione
2456 1031 2664 1104 fuisse
2706 1034 3086 1107 crudelem.
3124 1035 3352 1119 Quare
3381 1053 3515 1105 nec

703 1158 843 1232 diei
881 1159 1009 1231 Dei
1051 1157 1442 1230 reverentia
1481 1154 1788 1226 retardet
1825 1152 2285 1243 crudelitatis,
2319 1154 2490 1246 quin
2526 1155 2666 1228 imo
2699 1156 2972 1251 pietatis
3004 1157 3306 1229 officium
3328 1208 3348 1246 ,
3382 1178 3516 1229 nec

703 1283 893 1355 festis
934 1282 1181 1354 diebus
1223 1302 1383 1352 reus
1414 1279 1556 1350 lese
1590 1276 1873 1348 crimine
1910 1276 2287 1368 majestatis
2317 1298 2359 1346 a
2396 1277 2707 1374 principe
2746 1280 3080 1352 adversus
3109 1300 3318 1374 quem
3354 1280 3518 1351 talia

703 1406 984 1479 molitus
1009 1415 1140 1496 est,
1171 1404 1444 1475 veniam
1485 1401 1695 1492 digne
1726 1400 1979 1496 poterit
2005 1408 2406 1495 expectare.
2442 1402 2618 1473 Nam
2650 1402 2708 1474 si
2737 1404 2912 1475 festa
2943 1402 3094 1476 dies
3126 1425 3268 1475 non
3297 1412 3523 1476 cessat

701 1529 997 1624 perdere
1028 1530 1282 1619 furem,
1317 1535 1581 1620 quanto
1611 1524 1840 1595 minus
1872 1524 2158 1596 desistet
2188 1545 2472 1620 poenam
2513 1525 2824 1619 infligere
2858 1526 3255 1619 hujusmodi
3284 1527 3520 1623 pro'di-

705 1652 885 1725 tori?
934 1651 1318 1745 Exequaris
1366 1651 1576 1743 igitur
1625 1659 1957 1741 tanquam
2005 1649 2222 1719 nostri
2268 1649 2496 1740 judex
2542 1650 2875 1743 propositi
2916 1647 3409 1746 [sententiam],
3445 1660 3527 1723 ut

704 1775 954 1849 effectu
985 1776 1216 1870 operis
1246 1775 1507 1846 clareat
1537 1781 1873 1865 quantum
1905 1770 2121 1843 habes
2152 1770 2296 1843 odii
2328 1772 2665 1845 adversus
2709 1781 2849 1844 tam
2892 1773 3207 1845 immensi
3250 1776 3525 1847 sceleris

706 1908 1155 1993 patratorem.
1185 1900 1332 1971 Nec
1371 1907 1437 1970 te
1460 1905 1755 1970 moveat
1781 1895 1970 1989 quod
2001 1894 2095 1966 ad
2125 1894 2447 1967 effectum
2478 1917 2622 1969 non
2655 1895 2938 1968 duxerit
2969 1897 3160 1989 quod
3190 1897 3521 1991 intendit,

704 2022 1033 2116 quoniam
1091 2044 1235 2094 non
1281 2021 1492 2094 debet
1553 2020 1933 2092 vindictam
1979 2017 2283 2110 effugere
2321 2070 2341 2108 ,
2410 2041 2619 2112 quem
2664 2028 2805 2090 tam
2848 2019 2982 2091 diri
3037 2021 3312 2093 conscia
3365 2023 3527 2094 facti

708 2167 906 2217 mens
946 2145 1159 2218 habet
1198 2145 1569 2218 attonitum
1620 2152 1690 2215 et
1721 2141 1933 2214 surdo
1966 2141 2259 2213 verbere
2307 2141 2493 2214 cedit
2529 2167 2547 2211 ε
2581 2140 2736 2212 vhas
2768 2141 2957 2213 enim
2992 2164 3237 2238 poenas
3267 2144 3527 2240 patitur

708 2269 1043 2364 peccandi
1082 2270 1227 2341 sola
1257 2269 1605 2357 voluntas,
1644 2288 1804 2338 nam
1839 2264 2001 2337 sacti
2037 2264 2303 2335 crimen
2342 2263 2555 2336 habet
2591 2263 2661 2335 in
2704 2285 2782 2335 se
2839 2267 3066 2337 scelus
3104 2267 3225 2359 qui
3269 2267 3529 2361 cogitat

706 2391 879 2465 illud
898 2389 1027 2488 (a),
1065 2391 1334 2465 etiamsi
1359 2412 1640 2462 cursum
1669 2389 1933 2461 facinus
1961 2409 2104 2459 non
2137 2387 2442 2480 attigerit
2471 2395 2936 2483 peroptatum.

814 2949 1298 3031 Innocentius
1348 2972 1548 3058 papa
1583 2947 1933 3057 episcopo
1985 2946 2417 3030 Tusculano
2462 2945 2935 3055 Apostolicae
3000 2946 3216 3030 Sedis
3271 2947 3525 3058 legato
3624 2951 3881 3050 {fffflt

570 3137 580 3147 -
709 3084 1026 3165 mandat
1073 3082 1281 3194 quod
1309 3145 1333 3190 ,
1395 3108 1574 3165 cum
1630 3081 2061 3165 Melisendis
2110 3091 2294 3163 nata
2339 3078 2700 3162 Amalrici
2748 3081 2952 3190 regis
2995 3091 3070 3163 et
3136 3081 3526 3165 Yolandae

712 3215 1101 3324 quondam
1146 3215 1454 3324 reginae
1489 3213 1924 3313 Jerusalem,
1968 3224 2336 3324 tanquam
2370 3213 2816 3321 proximiori
2852 3214 3524 3324 consanguinitatis

710 3346 910 3429 linea
938 3347 1286 3430 Conrado
1320 3348 1536 3458 regni
1571 3345 2176 3456 Jerosolymitani
2202 3345 2511 3428 haeredi
2538 3345 2973 3455 conjuncta,
3000 3347 3427 3432 dominium
3453 3359 3529 3432 et

713 3478 1134 3588 bajulatum
1162 3482 1167 3489 ’
1199 3480 1440 3589 ipsius
1495 3479 1712 3590 regni
1767 3479 2141 3588 requirat,
2203 3478 2569 3587 inquisita
2623 3477 2935 3562 veritate
2987 3489 3062 3562 et
3111 3481 3176 3562 si
3241 3481 3532 3592 absque

714 3611 1071 3696 scandalo
1106 3611 1268 3695 fieri
1303 3612 1580 3721 possit,
1619 3612 1700 3693 id
1736 3610 2005 3720 exequi
2041 3636 2195 3729 non
2232 3610 2558 3693 omittat.

876 3825 1067 3905 (Edit.
1097 3842 1194 3903 ap.
1226 3827 1507 3904 Horma,
1536 3821 1812 3884 Biblioth.
1839 3821 1937 3884 des
1971 3820 2125 3884 liter.
2172 3821 2406 3882 Vereins
2431 3823 2498 3882 in
2530 3823 2860 3903 Scuttqart,
2891 3829 2940 3884 t.
2976 3824 3150 3902 XVI,
3176 3841 3237 3902 p.
3281 3834 3420 3906 185,
3458 3843 3537 3888 ex

955 3933 1203 4010 registro
1225 3935 1399 4009 epist.
1416 3932 1625 3991 Innoc.
1644 3930 1751 4005 IV,
1779 3946 1937 3990 anno
1958 3928 2069 4008 VI,
2098 3929 2398 4007 coll.'‚cum
2425 3929 2559 3989 cod.
2590 3927 2744 3988 Bibl.
2770 3927 2968 3989 Cesar.
2995 3929 3209 4006 Paris„
3231 3938 3299 3989 η’
3323 3932 3532 4010 4039.)

810 4147 1278 4235 Innocentius,
1316 4155 1485 4235 etc„
1528 4143 1854 4238 episcopo
1880 4139 2269 4212 Tusculano
2294 4138 2691 4233 Apostolice
2727 4139 2925 4211 Sedis
2958 4140 3212 4233 legat0,
3253 4150 3388 4213 etc.
3426 4143 3538 4216 Ex

710 4281 907 4365 parte
950 4269 1202 4343 dilecte
1242 4270 1315 4340 in
1355 4268 1621 4340 Christo
1659 4265 1800 4337 filie
1834 4265 2087 4336 nobilis
2125 4263 2434 4334 mulieris
2457 4263 2777 4336 Melisent
2802 4264 3039 4335 relicte
3065 4266 3420 4357 quondam
3449 4269 3530 4341 B.

708 4394 1041 4489 principis
1075 4392 1611 4482 AntiochiensiS,
1647 4399 1809 4463 nate
1842 4390 2029 4460 clare
2061 4387 2395 4460 memorie
2431 4385 2518 4459 A.
2561 4388 2745 4479 regis
2772 4396 2843 4458 et
2866 4389 2955 4459 Y.
2998 4387 3234 4480 regine
3261 4391 3536 4464 leroso-

796 4623 881 4703 (α)
925 4622 1050 4684 Sub
1077 4622 1190 4683 hoc
1230 4623 1361 4684 loco
1391 4629 1453 4685 st
1490 4623 1660 4701 quasi
1697 4623 1774 4682 ad
1810 4621 2071 4682 litteram
2111 4635 2421 4698 expressos
2458 4624 2583 4679 tam
2617 4619 2768 4679 bene
2796 4625 2966 4680 notos
2991 4619 3293 4681 Iuvenalis
3332 4637 3539 4683 versus

708 4731 980 4808 quisquis
1008 4729 1510 4793 animadverterit.
1535 4728 1625 4792 cf.
1657 4728 1846 4790 δαείη
1877 4728 2046 4801 xm,
2081 4743 2236 4787 vers.
2274 4734 2411 4801 19³,
2451 4734 2590 4804 194,
2625 4734 2767 4805 208,
2799 4733 2933 4786 209.

869 4837 978 4900 VI·
1022 4852 1132 4897 Par·
1150 4854 1196 4899 2.
3139 4843 3213 4894 90
