4525 6031
631 618 834 678 Iunior.
866 616 967 695 6.]
1520 614 1915 676 HISTORIA
1965 612 2562 676 mPLOMATch.
3338 606 3459 665 633

633 750 802 823 dum
844 752 917 822 in
960 749 1206 845 castris
1249 760 1413 821 ante
1453 749 1768 822 Parmam
1787 747 1915 846 (a),
1955 750 2025 820 in
2066 746 2606 843 depopulatione
2652 753 3046 815 nostrorum
3094 739 3460 811 rebellium

632 883 774 947 tam
803 884 1126 970 potenter
1157 895 1370 967 quam
1411 873 1701 945 feliciter
1737 895 2191 964 moraremur,
2229 873 2319 943 de
2351 871 2567 966 ipsius
2600 869 2733 940 loci
2765 865 2977 939 celeri
3009 864 3459 958 occupatione

632 996 888 1086 securi,
924 997 1008 1068 U.
1047 996 1467 1069 marchionis
1513 996 1887 1068 Palavicini
1928 994 2152 1068 fidelis
2196 995 2446 1083 nostri,
2490 993 2610 1085 qui
2650 990 3108 1063 constantiam
3150 997 3459 1058 nostram

633 1120 869 1213 aliquo
897 1121 1109 1193 modo
1139 1142 1283 1193 non
1309 1120 1605 1211 falleret,
1629 1120 2023 1215 accepimus
2049 1120 2284 1191 literas
2317 1118 2751 1190 continentes
2778 1114 2968 1207 quod
2995 1111 3462 1183 Mediolanen-

634 1264 746 1315 ses
781 1244 1001 1316 nostri
1034 1243 1330 1314 rebelles
1361 1265 1522 1314 cum
1564 1242 1978 1313 Placentinis
2019 1264 2261 1314 eorum
2304 1240 2719 1334 sequacibus
2756 1260 2883 1334 pro
2920 1258 3252 1309 succursu
3296 1235 3459 1305 Par—

634 1367 975 1438 mensium
1023 1367 1456 1462 proditorum
1504 1376 1937 1455 nostrorum,
1985 1388 2285 1459 quorum
2330 1362 2819 1437 desiderabilia
2863 1371 3101 1433 noster
3146 1359 3466 1431 vastabat

633 1490 814 1582 ignis
847 1500 917 1563 et
946 1490 1246 1582 gladius,
1282 1500 1605 1586 potenter
1635 1499 1974 1562 venerant
2002 1490 2473 1562 Florensolam
2515 1510 2531 1552 ε
2570 1485 2852 1557 immani
2886 1507 2962 1556 se
2994 1505 3167 1556 voce
3188 1484 3462 1574 jactan-

638 1623 741 1685 tes
766 1613 959 1707 quod
990 1613 1350 1685 nobiscum
1383 1614 1475 1684 ad
1504 1635 1949 1706 congressum
1984 1613 2224 1684 venire
2253 1612 2611 1699 volebant,
2642 1609 3033 1702 gladiorum
3066 1618 3462 1679 nostrorum

636 1736 1046 1830 potentiam,
1083 1758 1294 1830 quam
1326 1736 1400 1807 in
1441 1757 1683 1808 necem
1720 1758 1958 1808 eorum
1986 1736 2221 1831 sepius
2264 1736 2535 1829 experti
2580 1734 2881 1824 fuerant,
2929 1754 3054 1827 per
3085 1733 3462 1805 fastuosam

636 1859 1012 1954 quamdam
1055 1860 1452 1956 superbiam
1492 1882 1777 1955 prorsus
1815 1860 2045 1950 obliti3
2092 1881 2392 1952 cumque
2429 1858 2907 1929 assistentibus
2946 1857 3150 1929 nobis
3191 1857 3461 1951 imperii

635 1983 901 2055 viribus
932 1992 1004 2055 et
1037 1982 1335 2055 cesareis
1366 1982 1642 2071 animis,
1677 1984 1869 2075 quod
1902 1983 2194 2077 predicti
2229 1982 2523 2054 rebelles
2565 1982 2782 2053 nostri
2825 2003 2951 2052 nos
2983 1991 3465 2076 presumerent

637 2106 950 2200 aggredi,
985 2107 1320 2180 serenitas
1343 2115 1580 2178 nostra
1608 2107 1895 2178 duceret
1921 2107 2355 2195 indecorum,
2383 2115 2463 2176 ut
2489 2105 2759 2177 etiamsi
2790 2106 2952 2176 belli
2982 2126 3184 2176 casus
3209 2105 3466 2176 incide-

641 2229 768 2318 rit,
813 2251 941 2325 per
983 2229 1365 2302 eorundem
1411 2230 1798 2322 ingressum
1841 2230 2341 2321 attingeremus
2380 2229 2668 2300 viriliter
2701 2238 2942 2300 votum
2983 2240 3333 2320 nostrum,
3372 2230 3462 2301 de

640 2373 809 2446 qu0,
840 2363 1083 2464 autore
1114 2354 1436 2442 Domino,
1472 2353 1592 2447 qui
1619 2362 1933 2425 nostrum
1971 2362 2200 2423 tuetur
2226 2353 2621 2446 imperium,
2660 2352 3110 2423 infallibiliter
3137 2354 3465 2447 speraba-

644 2497 832 2565 muS,
865 2475 1091 2547 altiori
1139 2475 1329 2548 ducti
1373 2475 1694 2566 consilio,
1733 2473 1982 2546 defixis
2017 2476 2259 2546 castris
2289 2476 2576 2564 nostris,
2611 2476 2902 2546 feliciter
2927 2476 3234 2548 victricia
3263 2478 3463 2569 signa

642 2608 876 2671 nostra
919 2598 1303 2695 direximus
1348 2609 1589 2671 contra
1631 2599 1853 2693 ipsoS,
1891 2599 2004 2670 die
2041 2600 2206 2670 lune
2243 2600 2367 2670 XV
2408 2599 2748 2693 presentis
2790 2600 3043 2671 mensis
3077 2601 3258 2692 junii
3295 2610 3462 2672 ante

640 2719 1105 2795 Florensolam
1140 2722 1261 2793 ubi
1293 2722 1386 2794 ad
1418 2722 1794 2816 perniciem
1829 2722 2133 2816 ipsorum
2170 2743 2291 2793 eos
2317 2723 2722 2794 convenisse
2751 2722 3144 2813 didicimus,
3173 2721 3465 2816 figentes

643 2847 869 2919 felicia
897 2855 1122 2918 castra
1155 2856 1418 2917 nostra.
1458 2846 1660 2932 Quod
1688 2868 1848 2917 cum
1878 2846 2044 2940 ipsis
2080 2846 2406 2937 innotuit,
2444 2846 2639 2938 signa
2678 2859 2912 2918 nostra
2946 2847 3288 2941 respicere
3321 2870 3464 2920 non

643 2970 1007 3062 audenteS,
1042 2971 1271 3042 locum
1306 2969 1532 3065 ipsum
1563 2970 1653 3042 de
1685 2979 1889 3041 nocte
1919 2991 2062 3042 non
2095 2970 2244 3042 sine
2282 2970 2525 3043 timore
2559 2971 2865 3043 maximo
2898 2970 3334 3063 dimiserunt,
3367 2971 3465 3044 sic

643 3094 717 3166 in
743 3096 980 3186 fugam
1011 3095 1329 3166 conversi
1355 3103 1435 3165 ut
1461 3114 1878 3165 evanescere
1905 3115 2114 3188 quam
2145 3095 2386 3186 fugere
2412 3094 2639 3188 potius
2661 3094 3088 3167 viderentur.
3113 3097 3256 3168 Hec
3287 3097 3466 3168 inte-

645 3219 778 3290 rim
804 3218 897 3290 ad
921 3218 1252 3311 gaudium
1291 3217 1411 3288 tibi
1443 3215 1830 3309 significare
1862 3217 2285 3308 curavimus3
2321 3227 2397 3289 tu
2420 3240 2589 3290 vero
2614 3218 2750 3290 illis
2778 3218 3120 3291 universis
3148 3217 3467 3291 fidelibus

646 3344 950 3439 ipsarum
976 3343 1274 3439 partium
1307 3341 1588 3414 studeas
1619 3340 2000 3438 publicare.

756 3920 1181 4005 Fridericus
1201 3984 1226 4029 ,
1280 3921 1801 4005 Romanorum
1855 3923 2296 4031 imperator,
2355 3927 2812 4034 regratiatur
2871 3929 3172 4011 cuidam
3239 3957 3468 4014 com-

652 4052 1004 4136 munitati
1039 4055 1136 4137 de
1178 4053 1437 4137 oblata
1470 4054 1615 4136 sibi
1665 4055 2025 4164 pecunia,
2065 4065 2142 4137 et
2187 4057 2349 4139 vult
2390 4058 2599 4165 quod
2652 4059 2731 4138 in
2781 4059 3093 4142 collecta
3138 4063 3469 4170 generali

651 4183 761 4265 eis
795 4185 1151 4295 imposita
1185 4187 1374 4271 haec
1408 4187 1694 4271 oblatio
1732 4197 2239 4296 computetur.

812 4372 837 4452 (
848 4374 1006 4436 Edit.
1037 4378 1102 4436 in
1128 4374 1298 4437 Petri
1320 4374 1391 4436 de
1431 4375 1565 4438 Vin.
1602 4377 1792 4457 epist„
1821 4376 1925 4438 lib.
1956 4377 2072 4449 ΙΙΙ,
2103 4394 2233 4454 cap.
2269 4375 2482 4455 LXII.)

752 4523 990 4629 Nuper
1032 4536 1124 4608 ad
1164 4537 1589 4610 audientiam
1634 4547 1943 4609 nostram
1986 4538 2069 4608 R.
2109 4538 2377 4609 comitis
2419 4538 2805 4630 Casertani,
2843 4539 3073 4610 dilecti
3120 4498 3356 4633 generi
3405 4555 3474 4615 et

743 4695 825 4776 (a)
863 4698 934 4758 In
962 4700 1245 4778 impresso
1271 4701 1635 4779 Faventiam,
1665 4701 1841 4761 male.

3591 3949 3795 4045 ege-:¹133-
3807 4003 3825 4052 l
