4525 6031
1043 673 1166 735 898
2143 670 2770 733 Annl'rAunN'rA.

1208 833 1398 911 (Edit.
1425 849 1525 910 ap.
1556 832 1645 892 Ds
1674 832 2013 905 Cunnum,
2043 833 2197 894 Hist.
2231 830 2304 892 de
2332 829 2391 892 la
2418 830 2562 894 hatte
2586 831 2684 908 des
2705 849 2887 913 Rupes
2915 839 2972 894 et
3002 830 3098 893 des
3122 851 3334 913 emper.
3367 832 3438 894 de
3459 831 3518 894 la
3550 837 3771 896 maison
3793 836 3866 897 de

1282 936 1527 1011 Souabe,
1561 947 1622 998 2·
1649 937 1818 1010 edit„
1845 944 1892 999 t.
1922 939 2013 1009 11,
2046 954 2107 1014 p.
2140 947 2283 1012 455,
2317 956 2351 998 e
2375 939 2507 999 cod.
2541 956 2672 999 orn.
2704 942 2819 999 viri
2849 940 3010 999 Petri
3037 941 3271 1001 Settiml
3296 943 3581 1018 principis
3618 941 3865 1002 Fitaliae

1282 1044 1441 1121 apud
1468 1044 1849 1120 Panormum,
1874 1044 1980 1103 fol.
2015 1053 2083 1104 51
2120 1043 2341 1121 verso.)

1141 1203 1735 1275 Excellentissimo
1765 1203 2232 1275 Romanorum
2273 1203 2668 1298 imperatori
2702 1204 3049 1277 Friderico
3070 1257 3089 1294 ,
3125 1204 3501 1276 Jerusalem
3530 1218 3601 1276 et
3630 1204 3861 1277 Sicilie

1042 1330 1223 1420 regi,
1271 1330 1350 1398 Β.
1404 1339 1474 1398 et
1527 1330 1641 1415 D.,
1691 1327 1816 1398 Dei
1863 1327 2086 1419 gratia
2135 1325 2675 1423 archiepiscopi,
2730 1329 3019 1399 salutem
3059 1338 3130 1399 et
3159 1327 3252 1399 ad
3281 1350 3524 1422 pacem
3557 1330 3862 1400 Ecclesie

1042 1450 1391 1542 inclinari,
1458 1462 1529 1521 et
1569 1472 1696 1546 per
1741 1449 1872 1521 hoc
1921 1450 2213 1542 gratiam
2261 1450 2330 1519 in
2380 1452 2685 1544 presenti
2714 1462 2783 1521 et
2809 1451 3101 1544 gloriam
3130 1451 3459 1544 consequi
3495 1452 3566 1521 in
3600 1452 3855 1525 futuro·

1043 1577 1115 1648 Si
1161 1597 1286 1671 per
1341 1575 1524 1646 diem
1569 1584 1640 1644 et
1688 1585 1964 1646 noctem
2007 1595 2277 1645 merore
2331 1574 2697 1664 afficimur,
2762 1575 2819 1645 si
2863 1575 3074 1647 corda
3098 1585 3331 1646 nostra
3359 1595 3488 1669 pro
3516 1575 3756 1647 dolore
3792 1587 3864 1648 et

1046 1699 1316 1770 tristitia
1380 1696 1743 1786 deficiunt,
1800 1697 1859 1768 si
1912 1698 2094 1770 oculi
2162 1699 2377 1769 nostri
2437 1697 2669 1770 flendo
2725 1698 3173 1770 obducuntur
3210 1699 3538 1790 caligine,
3576 1721 3717 1770 non
3752 1710 3860 1771 est

1043 1824 1321 1894 mirum.
1379 1825 1452 1894 In
1500 1842 1790 1917 corpore
1836 1822 2019 1892 enim
2089 1821 2371 1910 Christi,
2435 1822 2624 1915 quod
2667 1834 2774 1894 est
2810 1823 3156 1911 Ecclesia,
3211 1821 3310 1894 sic
3338 1821 3581 1894 fideles
3608 1822 3856 1894 Christi

1037 1948 1270 2039 jungit
1295 1946 1462 2017 unio
1493 1944 1846 2017 charitatis
1867 1946 2083 2039 quod,
2107 1945 2284 2016 sicut
2303 1966 2444 2016 uno
2464 1947 2776 2017 membro
2796 1947 3101 2041 patiente
3124 1956 3355 2018 cetera
3373 1947 3683 2017 membra
3701 1967 3859 2017 cor-

1045 2071 1231 2165 poris
1264 2070 1653 2169 patiuntur,
1693 2066 1790 2139 sic
1821 2067 1890 2138 in
1915 2068 2243 2138 membris
2282 2069 2423 2139 suis
2447 2090 2586 2139 non
2607 2070 2826 2140 solum
2848 2070 3107 2164 patitur
3124 2069 3533 2143 universalis
3554 2070 3865 2142 Ecclesia

1044 2203 1280 2263 nostra
1303 2246 1322 2281 ,
1364 2188 1542 2289 [sed]
1577 2191 1784 2261 etiam
1815 2191 1962 2284 ipse
1992 2190 2301 2261 Christus
2327 2191 2448 2284 qui
2475 2194 2623 2283 ejus
2652 2191 3080 2285 dignoscitur
3107 2214 3257 2264 esse
3285 2202 3527 2287 caput,
3560 2192 3859 2285 quicum

1043 2315 1249 2387 nudis
1293 2316 1597 2404 nudum,
1642 2336 1802 2386 cum
1841 2314 2281 2386 incarceratis
2328 2315 2828 2386 incarceratum
2868 2303 2938 2387 et
2982 2338 3143 2387 cum
3183 2317 3512 2387 famelicis
3543 2337 3618 2388 se
3650 2338 3861 2411 repu-

1047 2438 1446 2509 tatesurire.
1467 2438 1695 2521 Quare
1721 2459 1849 2509 nos
1875 2437 1996 2531 qui
2021 2438 2202 2508 servi
2234 2450 2305 2508 et
2331 2438 2597 2509 utinam
2631 2439 2834 2510 utiles
2855 2438 3099 2511 Christi
3119 2461 3384 2531 sumuS,
3418 2439 3863 2512 attendentes

1042 2561 1232 2654 quod
1290 2561 1723 2632 honorabilia
1791 2560 2101 2631 membra
2153 2562 2497 2651 Ecclesie,
2553 2562 2692 2634 imo
2745 2562 3028 2650 Christi,
3071 2562 3398 2635 videlicet
3426 2564 3864 2635 venerabiles
3944 2649 3953 2662 Ι

1043 2697 1278 2758 sancte
1306 2688 1612 2757 Romane
1636 2686 1942 2757 Ecclesie
1975 2685 2389 2772 cardinaleS,
2422 2686 2946 2783 archiepiscopi,
2980 2687 3311 2783 episcopi,
3350 2689 3664 2779 abbateS,
3703 2689 3866 2759 reli-

1038 2811 1213 2903 giosi
1248 2822 1319 2881 et
1357 2811 1804 2905 quamplures
1852 2808 1983 2881 viri
2028 2809 2515 2900 ecclesiastici,
2569 2811 2689 2905 qui
2718 2811 3090 2906 superioris
3119 2812 3360 2883 arctati
3391 2809 3490 2908 (a)
3522 2812 3866 2906 preceptis

1039 2956 1167 3031 pro
1200 2935 1385 3006 bono
1414 2932 1806 3005 obedientie
1828 2986 1847 3024 ,
1887 2955 2094 3006 omne
2133 2956 2364 3004 rerum
2410 2945 2480 3005 et
2515 2956 2967 3030 personarum
3012 2935 3394 3031 periculum
3428 2944 3863 3030 contempse-

1039 3071 1243 3148 runt,
1299 3060 1447 3129 sine
1486 3059 1689 3153 culpa
1737 3080 1863 3130 sua
1909 3058 1977 3127 in
2015 3079 2291 3130 carcere
2338 3059 2761 3149 detinentur,
2823 3081 2962 3131 non
3005 3081 3372 3155 possumus
3408 3082 3549 3131 non
3584 3060 3857 3149 dolere,

1041 3203 1201 3253 cum
1230 3203 1468 3252 eorum
1504 3181 1779 3251 afflictio
1812 3180 1902 3251 ad
1932 3181 2394 3252 universalem
2422 3182 2798 3253 Ecclesiam
2817 3204 2943 3277 per
2964 3182 3339 3274 quemdam
3366 3182 3866 3276 compassionis

1040 3304 1357 3398 spiritum
1388 3302 1763 3374 derivetur.
1799 3302 1967 3386 Quis
2005 3303 2187 3373 enim
2227 3304 2541 3376 dolorem
2570 3305 3002 3399 supprimere
3023 3357 3042 3395 ,
3079 3304 3236 3397 quis
3265 3304 3601 3396 gemitum
3630 3306 3866 3376 occul-

1042 3438 1225 3516 tare,
1259 3426 1413 3518 quis
1442 3426 1755 3497 lacrimas
1805 3425 2241 3497 dissimulare
2291 3429 2522 3499 valeat
2572 3429 2643 3499 in
2696 3429 2830 3500 hoc
2876 3440 3059 3499 statu
3100 3430 3169 3498 in
3200 3449 3341 3522 quo
3373 3427 3565 3499 dolet
3595 3429 3857 3515 clerus,

1040 3553 1460 3623 lamentatur
1496 3548 1738 3641 religio
1760 3602 1779 3640 ,
1819 3552 2115 3643 populus
2140 3562 2210 3620 et
2242 3552 2567 3622 nobilitas
2596 3552 3015 3623 anxiantur?
3045 3552 3200 3623 Non
3224 3551 3412 3622 enim
3442 3560 3677 3645 potest
3709 3573 3863 3623 om·

1040 3675 1235 3746 nium
1296 3693 1566 3744 merore
1627 3694 1765 3743 non
1822 3673 2095 3767 plangi,
2155 3673 2348 3768 quod
2401 3675 2861 3747 communiter
2910 3675 3313 3747 medullitus
3344 3696 3587 3747 omnes
3616 3674 3859 3765 tangit.

1040 3798 1255 3889 Igitur
1286 3818 1428 3869 non
1464 3796 1809 3867 immerito
1840 3795 2001 3867 tacti
2038 3795 2279 3868 dolore
2302 3797 2530 3869 cordis
2558 3798 2972 3870 intrinsecus
3003 3820 3086 3870 ac
3113 3797 3419 3890 graviter
3439 3798 3674 3869 animo
3705 3818 3869 3869 con·

1041 3921 1328 3995 sternati
1358 3942 1484 4016 pro
1523 3941 1608 3991 eo
1648 3919 1839 4012 quod
1866 3919 1936 3989 in
1972 3940 2210 3991 eorum
2244 3919 2615 3992 afflictione
2648 3920 2720 3991 in
2767 3922 3028 3992 luctum
3057 3942 3439 3993 conversus
3474 3929 3581 3992 est
3610 3918 3866 3992 chorus

1040 4056 1302 4135 noster,
1344 4045 1434 4117 ad
1485 4044 1973 4116 excellentiam
2027 4043 2405 4135 majestatis
2458 4052 2691 4115 vestre
2723 4045 3028 4116 clamare
3055 4043 3367 4136 cogimur
3399 4053 3469 4115 et
3501 4063 3625 4138 pre
3654 4042 3868 4115 nimia

1040 4168 1269 4242 cordis
1317 4167 1779 4240 amaritudine
1826 4167 2142 4239 emittere
2184 4168 2523 4255 ululatus;
2576 4169 2941 4262 presertim
2992 4190 3152 4240 cum
3183 4167 3399 4263 pedes
3426 4176 3864 4254 sanctorum,

1040 4295 1160 4387 qui
1206 4292 1296 4365 ad
1337 4291 1791 4383 Evangelium
1837 4290 2110 4362 Domini
2153 4290 2441 4362 calceati
2497 4312 2649 4361 esse
2700 4291 3121 4382 debuerant,
3154 4291 3609 4362 humilientur
3635 4309 3870 4361 carce·

1039 4417 1269 4504 ribus,
1307 4425 1379 4486 et
1420 4415 1594 4508 ipsi,
1630 4414 1827 4506 quasi
1869 4436 2008 4486 non
2047 4423 2281 4486 essent
2305 4413 2497 4485 uncti
2528 4413 2905 4508 pontificali
2937 4417 3131 4503 oleo,
3160 4414 3336 4510 proh
3372 4410 3605 4487 dolorl
3645 4412 3866 4506 capti-

1039 4545 1315 4609 ventur.
1404 4536 1833 4627 Majestatem
1908 4535 2119 4627 igitur
2189 4537 2620 4631 imperialem
2705 4546 2946 4611 tenore
3007 4537 3437 4633 presentium
3499 4555 3866 4628 rogamus,

1125 4763 1206 4844 (a)
1252 4765 1322 4824 ln
1350 4764 1549 4826 codice
1573 4764 1799 4842 arceri,
1834 4763 1936 4824 sed
1963 4765 2160 4842 potius
2183 4765 2372 4827 artati
2395 4781 2504 4844 pro
2529 4727 2769 4829 arctati.
