4525 6031
1058 622 1183 685 832
2115 627 2481 689 commin
2530 625 2831 703 Qumm
3493 621 3660 701 [Anu.
3695 621 3875 685 1242.

1061 757 1332 830 comitis
1364 760 1649 854 palatini
1673 761 2003 853 Saxonie,
2029 785 2239 857 quem
2273 774 2607 856 augustus
2641 774 2837 859 pater
2866 769 3106 833 noster
3133 767 3651 854 procuratorem
3676 757 3882 830 nobis

1061 891 1133 952 et
1164 883 1455 979 imperio
1493 885 1856 979 deputavit
1893 909 2020 981 per
2057 888 2533 980 Germaniam,
2569 907 2845 959 necnon
2886 885 2975 956 de
3018 882 3308 956 consilio
3339 882 3422 956 G.
3461 881 3552 953 de
3595 880 3879 954 Hohen·

1061 1005 1221 1078 lohe
1242 1058 1262 1095 ,
1290 1007 1365 1079 C.
1401 1008 1489 1079 de
1524 1008 1890 1100 Cruthein,
1922 1011 1995 1083 C.
2039 1011 2371 1105 pincerne
2406 1012 2495 1083 de
2532 1004 3028 1082 Wintersteten
3065 1019 3136 1080 et
3167 1007 3241 1079 C.
3282 1005 3372 1078 de
3404 1005 3872 1095 Smidenvelt,

1059 1130 1607 1203 consiliariorum
1636 1142 1708 1204 et
1738 1131 2051 1206 fidelium
2079 1146 2504 1225 nostrorum,
2532 1145 2603 1205 et
2631 1132 3071 1229 quorundam
3102 1132 3412 1204 vlr'orum
3441 1128 3877 1223 jurisperito·

1060 1276 1242 1343 rum,
1269 1255 1597 1327 videlicet
1621 1257 1928 1351 magistri
1955 1259 2083 1329 Th.
2116 1258 2634 1354 Herbipolensis
2671 1256 3015 1345 canonici,
3044 1254 3352 1347 magistri
3372 1255 3479 1328 10.
3509 1252 3600 1325 de
3626 1252 3869 1343 Durlo,

1058 1378 1367 1471 magistri
1402 1380 1483 1450 E.
1523 1381 2119 1472 Babenbergensis
2149 1384 2494 1473 canonici,
2537 1382 2798 1454 eisdem
2838 1380 3169 1453 fratribus
3204 1378 3569 1451 ecclesiam
3607 1397 3874 1449 memo·-
3998 1454 4011 1467 ‚

1058 1511 1279 1575 ratam
1306 1524 1466 1575 cum
1493 1504 1702 1599 pleno
1737 1515 1808 1575 et
1838 1504 2109 1598 integro
2141 1507 2580 1602 proprietatis
2610 1517 2699 1578 et
2739 1504 3191 1601 possessionis
3217 1503 3378 1595 jure
3408 1500 3869 1590 restituimus,

1058 1636 1129 1698 et
1168 1627 1348 1698 sicut
1390 1627 1715 1720 exigente
1754 1629 2030 1720 justicia
2069 1630 2473 1719 debuimus,
2527 1631 2859 1703 duximus
2906 1625 3428 1721 assignandam3
3475 1634 3767 1720 paterna
3801 1633 3875 1696 et

1043 1760 1292 1822 nostra
1327 1752 1737 1823 auctoritate
1770 1753 2217 1845 mandanteS,
2254 1765 2326 1826 et
2367 1755 2674 1827 districte
2715 1776 2798 1826 ac
2834 1753 3125 1825 firmiter
3165 1752 3298 1823 sub
3333 1759 3623 1846 optentu
3655 1748 3875 1844 ipsius

1056 1884 1128 1945 et
1162 1885 1396 1947 nostre
1437 1876 1657 1969 gratie
1693 1878 2154 1972 precipientes
2194 1900 2284 1950 ne
2317 1878 2474 1971 quis
2506 1878 2787 1950 eosdem
2825 1878 3070 1948 fratres
3105 1876 3179 1948 in
3228 1873 3776 1971 possessionibus
3792 1880 3875 1959 ,et

1047 1998 1323 2091 juribus
1366 2000 1578 2094 ipsius
1620 2000 1908 2073 ecclesie
1951 2004 2320 2073 molestare
2359 2025 2802 2096 quocumque
2847 2002 3056 2073 modo
3098 2000 3356 2073 audeat
3398 2000 3511 2071 vel
3562 1996 3864 2069 turbare.

1053 2122 1341 2195 Scituris
1380 2124 1705 2197 omnibus
1740 2126 1931 2218 quod
1972 2125 2278 2228 quihoc
2317 2126 2819 2221 presumpserit
2863 2135 3151 2220 paterne
3193 2119 3332 2221 [ac]
3361 2132 3596 2195 nostre
3624 2121 3873 2213 majes-

1056 2247 1216 2320 tatis
1255 2248 1801 2340 indignationem
1847 2271 1923 2321 se
1961 2250 2333 2322 incurrisse
2374 2272 2556 2346 pena
2597 2250 2894 2323 docente
2942 2249 3196 2321 sentiet
3240 2269 3401 2320 cum
3440 2246 3716 2319 effectu.
3766 2244 3870 2317 Ne

1050 2371 1263 2465 igitur
1299 2394 1511 2468 super
1561 2373 1914 2467 premissis
1954 2375 2096 2446 ulla
2147 2376 2420 2469 questio
2460 2375 2574 2448 vel
2617 2373 3032 2475 ambiguitas
3069 2373 3143 2444 in
3182 2382 3535 2467 posterum
3575 2371 3865 2461 oriatur,
4000 2374 4005 2379 ’

1049 2505 1444 2590 presentem
1501 2497 1823 2592 paginam
1882 2521 2092 2594 super
2142 2499 2276 2571 hiis
2334 2500 2797 2593 conscriptam
2856 2496 3309 2593 impressione
3356 2517 3442 2569 ac
3488 2493 3869 2567 munimine

1048 2620 1253 2712 sigilli
1284 2632 1518 2694 nostre
1552 2622 1981 2695 celsitudinis
2009 2624 2347 2716 jussimus
2381 2623 2719 2696 roborari.

1142 2744 1393 2818 Actum
1431 2768 1617 2819 anno
1652 2748 1872 2839 gratie
1903 2748 2271 2819 millesimo
2305 2748 2780 2820 ducentesimo
2810 2746 3345 2841 quadragesimo
3377 2743 3711 2818 secundo.

1147 2871 1396 2943 Datum
1424 2872 1851 2963 Rotenburc,
1885 2871 2112 2968 primo
2142 2872 2381 2962 madii,
2421 2872 2932 2966 quintedecime
2956 2870 3377 2944 indictionis.

668 3289 952 3397 Rogffim
1159 3276 1582 3384 ConraduS,
1626 3278 1704 3357 in
1744 3278 2266 3361 Romanorum
2303 3303 2561 3388 regem
2598 3276 2913 3385 electuS,
2954 3275 3289 3360 notificat
3318 3275 3744 3359 Gerardum
3771 3274 3867 3356 de

719 3396 749 3437 ²
774 3397 898 3440 '¹²⁸³‘
1049 3408 1349 3491 Siuzich
1386 3411 1758 3493 rationem
1793 3409 2273 3494 villicationis
2320 3436 2500 3494 suae
2536 3437 2676 3519 pro
2713 3435 2869 3492 uno
2905 3434 3109 3492 anno
3145 3408 3625 3518 deposuisse,
3661 3432 3863 3489 con-

1044 3543 1450 3651 fiteturque
1488 3568 1569 3624 se
1607 3543 1840 3625 teneri
1890 3542 2179 3626 solvere
2221 3544 2467 3625 eidem
2522 3543 2910 3653 octoginta
2953 3552 3124 3626 octo
3173 3567 3472 3624 marcas
3508 3552 3584 3623 et
3618 3538 3863 3622 dimi-

1049 3673 1297 3778 diam,
1340 3684 1636 3783 praeter
1687 3676 1971 3757 damna
2007 3686 2082 3758 et
2127 3702 2497 3784 expensas
2542 3677 2789 3759 eidem
2842 3676 3178 3760 Gerardo
3225 3675 3853 3783 compensanda&

1206 3862 1413 3940 (Edid.
1442 3863 1659 3939 Tnoss,
1698 3858 2072 3942 westphalia,
2099 3866 2557 3943 251un111825,
2587 3882 2648 3941 p.
2681 3862 2772 3942 c.)

1140 4021 1532 4116 Conradus,
1573 4022 1716 4096 divi
1760 4025 2036 4116 augusti
2067 4024 2520 4120 imperatoris·
2541 4023 2869 4097 Friderici
2914 4021 3133 4114 filius,
3182 4022 3310 4094 Dei
3349 4023 3573 4116 gratia
3611 4022 3862 4094 Roma-

1041 4167 1291 4219 norum
1322 4146 1393 4217 in
1428 4169 1663 4240 regem
1698 4150 1988 4239 electus,
2016 4169 2293 4243 semper
2315 4157 2678 4239 augustus,
2705 4146 2910 4219 heres
2942 4147 3139 4239 regui
3163 4148 3571 4219 Jerusalem.
3598 4149 3863 4218 Tenore

1040 4270 1469 4365 presentium
1505 4270 1943 4343 notificamus
1973 4271 2319 4343 universis
2349 4270 2540 4363 quod
2576 4270 2923 4343 Gerardus
2949 4269 3038 4342 de
3065 4269 3340 4361 Sinsigh
3373 4267 3598 4341 fidelis
3629 4276 3865 4340 noster

1042 4414 1278 4465 coram
1323 4394 1639 4466 officiatis
1694 4394 1948 4466 nostris
2007 4392 2331 4489 deposuit
2387 4393 2728 4465 rationem
2777 4393 3219 4467 villicationis
3262 4414 3388 4466 sue
3433 4390 3538 4489 (l)
3591 4392 3680 4464 de
3721 4410 3862 4462 uno

1044 4536 1255 4589 anno.

1114 4739 1186 4815 (4)
1221 4740 1509 4802 Evidenter
1532 4758 1638 4819 pro
1662 4747 1844 4804 castro
1865 4741 1936 4803 de
1958 4742 2287 4815 Landscron‚
2312 4743 2471 4818 cujus
2498 4747 2615 4802 erat
2638 4741 2976 4818 capitaneus.
