4525 6031
1121 660 1247 723 764
2122 658 2553 724 amomum
2604 659 2950 724 SECUNDI
3573 659 3741 739 [An.
3776 661 3946 727 1250.

1125 795 1313 867 tione
1331 803 1544 889 atque
1563 804 1806 867 contra
1828 796 2192 870 articulata
2207 819 2249 870 a
2270 817 2561 893 procura
2569 806 2719 869 tore
2742 794 3059 889 ejusdem
3088 793 3369 869 domine
3391 795 3943 869 continebantur.

1123 918 1302 991 Dicti
1336 940 1507 992 vero
1539 919 2078 1013 reintegratur-es
2109 922 2202 995 ad
2232 924 2570 1014 maiorem
2606 920 2951 992 cautelam
2984 919 3503 1013 inquisitionem
3544 940 3757 1014 super
3797 940 3951 1015 pre-

1124 1042 1329 1114 dictis
1360 1043 1699 1132 fecerunt,
1753 1052 1824 1114 et
1858 1053 2022 1115 ante
2053 1054 2451 1139 aperturam
2482 1043 2700 1138 ipsius
2730 1042 2941 1114 citato
2972 1040 3257 1114 domino
3279 1041 3532 1114 Enrico
3566 1053 3647 1114 ut
3675 1063 3952 1138 compa-

1127 1175 1315 1237 reret
1366 1185 1602 1238 coram
1650 1166 1751 1237 eis
1803 1168 1964 1258 jura
2014 1177 2086 1240 et
2132 1169 2443 1241 actiones
2485 1165 2654 1239 dicti
2708 1164 3112 1239 monasterii
3161 1174 3593 1257 ostensurus,
3625 1167 3789 1260 quia
3816 1188 3953 1241 non

1125 1289 1519 1384 comparuit
1551 1289 1621 1361 in
1654 1291 1947 1362 termino
1975 1291 2108 1363 sibi
2139 1291 2333 1383 dato,
2375 1292 2590 1363 citare
2622 1290 2942 1363 fecerunt
2975 1287 3200 1361 dictos
3216 1289 3542 1362 abbatem
3560 1300 3951 1362 etconven·

1128 1423 1278 1485 tum
1344 1421 1427 1483 ut
1491 1434 1653 1483 cum
1712 1413 2093 1507 privilegiis
2148 1424 2221 1485 et
2276 1414 2799 1486 defensionibus
2853 1411 3020 1484 dicti
3091 1411 3492 1483 monasterii
3553 1422 3956 1507 procurator

1127 1536 1437 1609 sindicus
1469 1537 1583 1608 vel
1617 1546 1810 1608 actor
1844 1558 2080 1609 coram
2114 1538 2214 1610 eis
2246 1538 2319 1608 in
2348 1537 2616 1630 judicio
2648 1545 3108 1631 compareret.
3145 1535 3411 1621 Quibus
3441 1536 3727 1607 minime
3757 1556 3954 1609 com-

1130 1660 1537 1755 parentibus
1570 1681 1703 1732 nec
1744 1682 1871 1756 per
1906 1670 2427 1755 procuratorem
2466 1660 2808 1732 sindicum
2847 1662 2960 1733 vel
3000 1669 3308 1731 actorem
3342 1679 3474 1730 nec
3509 1670 3800 1732 cunctos
3829 1681 3956 1732 nec

1130 1784 1434 1877 aliquem
1468 1786 1590 1877 qui
1624 1772 1873 1856 saltem
1906 1806 2148 1857 eorum
2176 1786 2563 1857 absentiam
2584 1795 2982 1874 excusaret,
3017 1783 3321 1855 instante
3360 1783 3676 1877 predicto
3708 1805 3956 1880 procu-

1130 1915 1361 1993 ratore
1387 1970 1390 1971 γ
1421 1905 1603 1978 dicte
1655 1907 1935 1979 domine
1987 1917 2058 1981 et
2101 1929 2343 1981 eorum
2385 1909 2770 1981 absentiam
2803 1907 3194 1997 incusante,
3237 1907 3400 1978 dicti
3430 1908 3960 2001 reintegratores

1132 2030 1224 2103 de
1264 2032 1606 2103 baronum
1650 2041 1721 2103 et
1766 2032 2326 2126 jurisperitorum
2380 2031 2696 2121 oonsilio,
2756 2031 2920 2124 quia
2985 2030 3076 2103 de
3123 2031 3510 2103 intentione
3574 2030 3744 2103 dicti
3797 2052 3955 2126 pro·

1131 2154 1472 2226 curatoris
1540 2154 1851 2246 ejusdem
1910 2156 2193 2228 domine
2268 2156 2368 2227 eis
2438 2156 2647 2250 plane
2705 2153 3016 2226 constitit
3072 2163 3217 2227 tam
3272 2176 3398 2250 per
3459 2155 3960 2227 confessionem

1132 2277 1298 2350 dicti
1354 2278 1616 2350 domini
1677 2279 1908 2351 Enrici
1971 2301 2182 2373 quam
2233 2301 2361 2374 per
2409 2279 2924 2373 inquisitionem
2977 2280 3071 2350 ab
3130 2277 3232 2349 eis
3290 2280 3572 2369 factam,
3648 2279 3960 2373 predicta

1129 2402 1386 2474 casalia
1420 2403 1849 2474 Montiscalvi
1883 2413 1954 2475 et
1984 2403 2345 2476 Tonuiculi
2378 2426 2537 2476 cum
2579 2403 3018 2498 pertinentiis
3053 2425 3296 2475 eorum
3335 2415 3840 2475 revocaverunt
3871 2403 3961 2475 ad

1060 2607 1065 2613 ,
1132 2526 1536 2599 domanium
1574 2527 1741 2598 dicti
1768 2528 1976 2599 castri
2008 2529 2285 2600 Laureti
2305 2581 2325 2619 ,
2358 2528 2450 2599 ad
2490 2527 2994 2599 restitutionem
3020 2547 3262 2598 eorum
3290 2526 3514 2598 dictos
3539 2526 3867 2598 abbatem
3895 2535 3967 2598 et

1131 2658 1554 2722 conventum
1615 2673 1744 2745 pro
1794 2660 1992 2745 parte
2030 2650 2196 2724 dicti
2231 2651 2633 2722 monasterii
2675 2661 2748 2723 et
2782 2651 3009 2746 ipsum
3056 2650 3552 2723 monasterium
3605 2670 3733 2744 pro
3777 2648 3961 2721 dicto

1133 2783 1584 2868 procuratore
1645 2776 1828 2847 dicte
1880 2775 2158 2847 domine
2210 2797 2337 2869 pro
2379 2785 2578 2869 parte
2616 2775 2830 2870 ipsius
2866 2785 2938 2847 et
2967 2775 3280 2868 ejusdem
3315 2774 3596 2847 domine
3637 2774 3962 2846 condem·

1135 2909 1410 2969 nantes.
1452 2897 1653 2982 Quod
1701 2922 1858 2971 cum
1894 2899 2324 2995 pervenisset
2352 2899 2443 2970 ad
2476 2899 2791 2969 notitiam
2837 2899 3003 2970 dicti
3035 2898 3333 2988 abbatis,
3368 2896 3462 2970 ad
3495 2896 3713 2992 pedes
3748 2897 3963 2992 impe·

1135 3023 1385 3095 ratoris
1416 3045 1491 3095 se
1520 3025 1814 3095 contulit
1841 3035 1910 3095 et
1947 3025 2037 3096 ab
2079 3025 2325 3096 eodem
2361 3025 2454 3096 ad
2484 3023 3021 3116 reintegratores
3053 3023 3336 3095 eosdem
3369 3023 3672 3094 obtinuit
3700 3022 3961 3094 litteras

1141 3148 1212 3217 iu
1245 3149 1467 3219 forma
1501 3147 1888 3241 subscripta
1925 3174 1941 3217 z

1238 3269 1640 3341 Fredericus
1674 3271 1796 3340 Dei
1827 3270 2050 3362 gratia
2077 3272 2545 3342 Romanorum
2578 3270 2958 3364 imperator
2988 3288 3265 3363 semper
3299 3278 3638 3360 augustus
3662 3320 3683 3357 ,
3722 3267 3964 3339 Hieru-

1140 3393 1358 3464 salem
1410 3403 1481 3464 et
1532 3393 1761 3464 Sicilie
1809 3415 1938 3463 rex
1965 3446 1983 3481 ,
2028 3394 2643 3486 reintegratoribus
2688 3393 3055 3466 feudorum
3090 3394 3162 3463 in
3205 3393 3608 3487 Capitanata
3641 3389 3961 3463 fidelibus

1140 3515 1283 3587 suis
1314 3516 1606 3608 gratiam
1645 3538 1843 3587 suam
1873 3526 1944 3587 et
1969 3516 2223 3587 bonam
2256 3517 2711 3588 voluntatem.
2750 3517 3075 3588 Porrecta
3100 3515 3386 3587 culmini
3417 3524 3658 3587 nostro
3692 3512 3964 3585 abbatis

1142 3650 1213 3711 et
1259 3649 1641 3710 conventus
1669 3642 1919 3711 Sancte
1973 3641 2186 3711 Elene
2228 3641 2466 3734 petitio
2511 3640 2915 3713 continebat
2958 3640 3150 3732 quod
3192 3661 3351 3711 cum
3382 3641 3597 3711 frater
3626 3635 3963 3710 Hem-icus

1139 3762 1528 3835 monachus
1553 3747 2327 3856 ejusdemmonasterii,
2381 3773 2678 3836 statutus
2721 3773 3130 3859 procurator
3173 3763 3264 3835 ab
3297 3761 3547 3834 eodem
3589 3763 3845 3833 abbate
3894 3770 3964 3832 et

1109 3896 1490 3960 conventu
1513 3942 1534 3977 ,
1571 3887 1664 3959 ad
1689 3871 1990 3958 vestram
2026 3889 2442 3982 presentiam
2477 3910 2551 3959 se
2585 3889 2959 3978 conferret,
2996 3887 3358 3982 privilegia
3391 3895 3460 3957 et
3480 3886 3652 3958 alias
3669 3885 3963 3980 scriptu·

1139 4033 1256 4084 ras
1293 4021 1364 4084 et
1387 4014 1547 4105 jura
1577 4012 1795 4114 ipsius
1839 4011 2239 4084 monasterii
2273 4020 2681 4082 ostensurus
2716 4011 2952 4101 vobis,
2991 4020 3199 4105 prout
3228 4011 3415 4082 idem
3442 4010 3660 4081 abbas
3691 4017 3764 4080 et
3792 4028 3959 4080 con-

1144 4146 1396 4208 ventus
1435 4137 1712 4206 fuerant
1742 4157 1867 4229 pro
1912 4145 2109 4229 parte
2145 4135 2336 4206 curie
2368 4145 2606 4206 nostre
2634 4134 2822 4206 citati
2843 4187 2861 4223 ,
2900 4134 3121 4205 Julius
3160 4134 3247 4205 de
3278 4131 3602 4225 Anglona
3637 4130 3963 4204 eumdem

1146 4259 1562 4331 monachum
1605 4268 2122 4353 procuratorem
2163 4280 2404 4331 eorum
2433 4258 2624 4353 apud
2653 4257 2889 4329 Casale
2924 4257 3198 4328 Novum
3230 4257 3391 4328 fecit
3421 4256 3675 4328 acriter
3709 4254 3960 4327 verbe-

1146 4405 1342 4472 rare3
1376 4382 1631 4454 deiude
1651 4383 1743 4454 ad
1771 4383 2283 4475 suggestionem
2312 4383 2525 4477 ipsius
2551 4381 2736 4453 idem
2766 4389 3173 4475 procurator
3201 4402 3438 4453 coram
3448 4381 3684 4473 jurato
3709 4376 3963 4450 Casalis

1144 4506 1322 4579 Novi
1355 4507 1442 4578 de
1481 4504 1847 4576 maledicto
1879 4503 2307 4576 celsitudinis
2351 4516 2582 4577 nostre
2631 4504 2859 4575 extitit
2890 4514 3298 4594 accusatus,
3340 4513 3410 4574 et
3440 4513 3809 4597 propterea
3839 4519 3965 4594 per

1135 4608 1468 4702 ‘eumdem
1495 4629 1801 4720 juratum
1841 4637 2082 4722 captus
2110 4636 2179 4697 et
2206 4627 2468 4698 carceri
2511 4626 2988 4723 mancipatus3
3018 4637 3304 4721 propter
3330 4624 3521 4718 quod
3555 4625 3628 4695 in
3671 4623 3962 4694 termino

1146 4754 1275 4826 sibi
1304 4751 1573 4849 prefixo
1606 4774 1838 4825 coram
1870 4750 2069 4823 vobis
2100 4770 2241 4821 non
2277 4750 2501 4845 potuit
2528 4771 2931 4846 comparere
2974 4770 3134 4821 cum
3164 4750 3440 4842 juribus
3473 4757 3547 4819 et
3582 4746 3961 4820 rationibus
