4525 6031
715 638 916 702 lmcr.
947 637 1038 722 7.]
1623 638 2015 702 HISTORIA
2063 640 2654 707 nlrLouA'rch.
3414 636 3539 710 673

716 776 944 846 minus
974 775 1385 848 necessitate
1417 773 1638 867 rigida
1666 776 2034 867 suadente,
2061 776 2453 872 provincias
2479 780 2913 852 Lunesanam
2939 785 3011 848 et
3034 774 3539 867 Garfagnanam

719 900 884 970 olim
926 899 1047 971 tibi
1093 910 1379 994 paterna
1437 899 1808 972 devotione
1844 902 2169 992 collatas,
2219 923 2446 996 nuper
2493 901 2976 974 communibus
3021 898 3426 970 Pisanorum
3471 906 3543 968 et

717 1023 1151 1096 Lucanorum
1187 1023 1616 1118 providimus
1648 1025 2154 1098 concedendas,
2194 1026 2307 1097 Ex
2343 1048 2483 1120 quo
2508 1080 2528 1116 ,
2567 1027 2727 1098 licet
2759 1046 2996 1120 posses
3027 1024 3101 1094 in
3138 1032 3332 1117 patre
3365 1041 3542 1113 quo-

719 1148 1093 1220 dammodo
1120 1162 1356 1221 notam
1386 1148 1906 1220 inhumanitatis
1933 1150 2265 1241 objicere,
2292 1151 2482 1245 quod
2510 1151 2600 1222 de
2628 1148 2750 1221 filii
2777 1149 3016 1244 spoliis
3045 1148 3290 1220 ditavit
3322 1155 3546 1217 extra·

718 1295 915 1362 neOS,
943 1284 1015 1345 et
1047 1273 1478 1345 liberalitatis
1510 1272 1833 1345 munifice
1864 1275 2184 1365 gratiam,
2212 1296 2424 1368 quam
2455 1275 2530 1346 in
2566 1285 2631 1346 te
2664 1274 2932 1346 dudum
2962 1272 3338 1363 infuderat,
3359 1272 3548 1343 abla-

724 1398 862 1470 tiva
895 1419 1086 1469 nunc
1123 1397 1535 1471 vacuatione
1571 1399 1988 1490 confundat;
2039 1399 2095 1471 si
2134 1411 2362 1472 tamen
2390 1400 2775 1473 collationis
2813 1399 3208 1492 hujusmodi
3249 1399 3547 1493 qualitas

723 1531 793 1592 et
824 1522 1241 1593 conserentis
1282 1522 1566 1593 affectus
1606 1522 1975 1614 diligenter
2018 1524 2426 1615 attenditur,
2469 1523 2732 1596 turbari
2765 1533 2832 1595 te
2874 1533 3240 1620 propterea
3290 1523 3548 1596 debere

722 1666 864 1717 non
896 1645 1272 1736 credimus,
1305 1645 1429 1717 sed
1462 1646 1532 1718 id
1568 1648 1748 1718 ferre
1780 1648 2010 1742 potius
2043 1648 2507 1741 equanimiter
2537 1649 2987 1740 arbitramur;
3017 1669 3175 1720 cum
3204 1648 3274 1717 in
3304 1647 3551 1741 proba-

722 1769 844 1840 bili
878 1769 1135 1841 debeas
1162 1779 1578 1862 argumento
1604 1792 2006 1866 presumere
2040 1782 2118 1844 ut
2155 1772 2278 1866 qui
2305 1783 2538 1845 nostre
2567 1771 3036 1845 munificentie
3068 1772 3428 1844 dexteram
3458 1773 3552 1844 ad

722 1890 963 1965 fideles
1003 1894 1469 1967 benemeritos
1512 1895 1810 1967 libenter
1854 1896 2334 1986 extendimus,
2374 1906 2567 1969 tanto
2618 1897 2739 1969 tibi
2794 1897 3119 1968 libentius
3163 1907 3233 1969 et
3267 1897 3553 1970 liberius

721 2019 1183 2111 porrigamuS‚
1223 2029 1486 2111 quanto
1522 2020 1721 2093 nobis
1753 2020 1887 2092 hoc
1924 2020 2282 2093 ardentius
2316 2031 2388 2093 et
2413 2022 2530 2112 jus
2561 2022 2874 2114 suggerit
2924 2032 2995 2094 et
3033 2033 3322 2113 natura,
3384 2022 3553 2094 dum

722 2143 911 2237 apud
939 2165 1066 2216 nos
1092 2144 1413 2235 grandia,
1449 2143 1711 2238 duplici
1741 2145 2008 2217 ratione
2045 2168 2173 2242 pro
2206 2145 2492 2237 meritiS,
2526 2146 2756 2219 carnis
2785 2147 2983 2218 nobis
3010 2146 3373 2223 identitate
3400 2170 3557 2243 par·

726 2265 992 2361 ticipas,
1023 2277 1095 2339 et
1122 2268 1392 2340 labores
1419 2279 1693 2340 nostros
1725 2282 1796 2341 et
1830 2290 2042 2341 onera
2076 2269 2425 2342 studiosus
2458 2280 2527 2342 et
2561 2270 2850 2365 pervigil
2883 2271 3213 2366 continua
3239 2293 3554 2345 commu·

723 2391 1068 2464 nicatione
1101 2402 1497 2487 supportas.
1540 2391 1874 2464 Volumus
1910 2393 2119 2486 igitur
2157 2403 2235 2465 ut
2264 2394 2727 2489 provisionem
2766 2395 3200 2487 hujusmodi,
3252 2418 3389 2490 qua
3424 2419 3556 2469 nec

723 2514 891 2586 dum
922 2536 1047 2610 per
1067 2526 1296 2587 actum
1321 2514 1695 2609 gratificari
1727 2527 1791 2588 te
1820 2517 2195 2608 credimus,
2223 2518 2348 2589 sed
2378 2520 2739 2590 consulere
2766 2518 2993 2615 potius
3019 2542 3148 2614 per
3172 2524 3550 2616 agendum,

726 2649 946 2711 ratam
1008 2636 1267 2712 habere
1311 2640 1573 2712 debeas
1626 2650 1696 2712 et
1746 2642 2010 2734 absque
2071 2641 2402 2714 dilatione
2459 2643 2770 2735 qualibet
2828 2654 3226 2737 acceptare,
3272 2667 3556 2720 securus

726 2763 913 2857 quod
959 2763 1057 2834 sic
1109 2763 1231 2835 tibi
1272 2763 1344 2835 in
1386 2763 1540 2835 aliis
1580 2765 1960 2857 majoribus
1994 2775 2282 2859 paterna
2312 2765 2749 2860 providentia
2797 2766 3226 2860 providebit,
3262 2770 3452 2863 quod
3486 2784 3559 2844 et

726 2888 929 2960 dIctis
961 2898 1026 2959 te
1058 2887 1345 2960 cessisse
1380 2887 1753 2983 provinciis
1790 2899 1860 2961 et
1898 2888 2153 2961 nostris
2180 2889 2509 2962 insudare
2536 2888 2835 2962 servitiis
2866 2890 3113 2962 merito
3149 2890 3549 2965 delectabit.

3013 3175 3125 3188 —

833 3422 1259 3507 Fridericus
1278 3486 1302 3533 ,
1372 3421 1893 3507 Romanorum
1970 3424 2412 3534 imperator,
2489 3422 2963 3506 Bonifacium
3039 3423 3557 3507 marchionem

726 3556 1269 3643 Montisferrati
1307 3559 1386 3639 in
1433 3557 1759 3668 gratiam
1820 3583 2041 3641 suam
2102 3543 2543 3667 recipit(1),
2590 3558 2811 3668 eique
2851 3557 3197 3641 concedit
3248 3558 3328 3639 in
3381 3557 3559 3640 feu-

2457 3732 2730 3739 —.-.-—--—-

3267 3733 3475 3741 —---
3482 3734 3545 3742 -ο-

801 3799 878 3871 (t)
917 3799 996 3857 Ad
1023 3815 1212 3874 pacem
1240 3799 1381 3857 inter
1402 3798 1781 3873 imperatorem
1809 3802 1866 3857 et
1887 3797 2252 3856 marchionem
2279 3798 2670 3857 reformandam
2698 3797 2935 3873 primum
2962 3798 3284 3873 colloquium
3310 3799 3556 3859 celebra·

732 3901 847 3953 tum
863 3901 967 3969 est,
989 3898 1077 3956 cni
1098 3899 1363 3957 affuerunt
1385 3897 1654 3956 Amedeus
1674 3912 1859 3955 comes
1885 3896 2221 3969 sabaudiae,
2251 3912 2435 3955 comes
2455 3898 2777 3957 'thomasius
2805 3897 2972 3956 frater
2996 3899 3132 3971 ejus,
3158 3897 3467 3958 Gualterius
3493 3898 3561 3957 de

731 3994 901 4068 Ocra,
928 4002 986 4055 et
1013 3998 1253 4056 marchio
1282 3998 1399 4071 ipse
1425 3996 1809 4054 montisferrati
1836 4012 1960 4053 cum
1992 3996 2414 4054 Taurinensibus
2450 3994 2785 4054 forbannitis.
2810 4016 2838 4051 ι
2861 3995 2904 4053 11
2930 3997 3260 4070 parlamento
3287 3997 3342 4054 su
3378 4003 3562 4055 tenuto

731 4094 866 4151 sulle
892 4096 1009 4153 rive
1033 4096 1172 4154 della
1196 4097 1332 4153 Dora
1355 4096 1569 4167 Baltea3
1599 4110 1708 4151 non
1732 4095 1779 4151 si
1807 4111 1869 4152 sa
1895 4095 2089 4168 meglio
2116 4095 2152 4151 il
2178 4095 2336 4167 luogo
2358 4098 2425 4151 ne
2454 4093 2491 4151 il
2522 4101 2723 4168 tempo.
2750 4094 2874 4151 Cola
2903 4092 3182 4152 s’intesero
3205 4095 3401 4151 diversi
3425 4096 3559 4167 patti

731 4208 765 4252 e
791 4194 871 4251 fra
895 4194 967 4267 gli
996 4194 1117 4251 altri
1141 4193 1241 4251 che
1267 4194 1536 4252 Bonirazio
1568 4191 1848 4250 marchese
1884 4193 1941 4251 di
1965 4193 2291 4252 noaret-rato
2320 4209 2549 4268 ponesse
2585 4193 2725 4249 nelle
2753 4192 2896 4248 mani
2937 4191 3025 4249 del
3067 4198 3223 4248 conte
3265 4192 3322 4248 di
3365 4191 3557 4250 Savoia

731 4290 1016 4364 Chivasso,
1045 4292 1102 4349 S.
1128 4292 1360 4350 Raffaele
1380 4334 1395 4365 ,
1433 4292 1510 4350 Lu
1539 4307 1570 4349 e
1607 4290 1833 4362 vignale
1866 4331 2041 4350 .....
2066 4293 2154 4349 Un
2176 4306 2351 4348 nuovo
2378 4305 2669 4363 congresso
2695 4290 2741 4347 si
2767 4296 2928 4347 tenne
2957 4288 2994 4346 il
3026 4287 3091 4345 tt
3123 4290 3179 4346 di
3211 4304 3392 4347 marzo
3422 4292 3559 4347 ⁴2⁴9

731 4391 868 4450 sune
889 4392 1006 4449 rive
1033 4390 1172 4448 della
1199 4392 1363 4449 Stura
1392 4404 1580 4465 presso
1606 4389 1903 4460 Altessano,
1933 4389 1989 4446 in
2014 4390 2102 4447 cui
2131 4389 2335 4447 Uberto
2359 4390 2414 4446 di
2443 4388 2830 4461 Monmegliano
2851 4386 3139 4445 castellano
3164 4387 3495 4461 d’Avigliana
3513 4387 3561 4445 si

732 4496 984 4564 presento
1008 4491 1061 4547 in
1096 4506 1255 4548 nome
1286 4489 1579 4547 d’Amedeo
1614 4489 1685 4547 1v
1721 4504 1821 4563 per
1855 4488 2092 4546 ricovere
2124 4488 2173 4545 le
2203 4486 2460 4557 lortezze3
2491 4504 2524 4545 e
2551 4488 2597 4544 si
2625 4487 2849 4562 prefisse
2883 4502 3062 4545 nuovo
3092 4485 3319 4544 termine
3343 4502 3376 4543 a
3403 4485 3565 4544 Boni·

731 4586 871 4644 fazio
890 4602 990 4661 per
1008 4585 1378 4659 consegnar10‚
1407 4601 1599 4659 apena
1622 4585 1679 4642 di
1714 4585 1881 4643 veder
1912 4585 2081 4642 risolti
2108 4591 2243 4643 tutte
2271 4585 2322 4643 le
2354 4585 2699 4643 convenzioni
2729 4584 2831 4642 che
2858 4586 3067 4641 s’erano
3100 4584 3273 4640 intese
3307 4589 3392 4640 tra
3430 4582 3502 4639 lui
3533 4599 3565 4640 e

731 4680 1127 4756 l’imperadore.
1141 4683 1469 4754 teramum,
1490 4683 1642 4740 Stor.
1664 4680 2093 4739 dellamonarch.
2110 4681 2174 4738 di
2194 4684 2430 4752 savoia,
2455 4690 2497 4740 t.
2525 4683 2603 4752 11,
2627 4699 2683 4756 p.
2711 4682 2781 4740 54
2796 4726 2811 4754 ,
2836 4681 2932 4739 ubi
2956 4679 3059 4738 hoc
3072 4686 3343 4752 regestum
3361 4679 3566 4739 archivi

731 4780 1013 4838 namet-alis
1034 4781 1165 4837 citat
1191 4798 1209 4835 ι
1243 4782 1500 4839 comm
1528 4786 1675 4838 crure
1696 4779 1762 4837 la
1787 4781 2005 4838 mahom
2028 4780 2092 4837 do
2110 4781 2311 4839 Savoie
2333 4788 2385 4838 et
2414 4780 2490 4838 les
2512 4782 2729 4854 princes
2750 4780 3050 4854 duanam,
3071 4778 3163 4837 fol.
3189 4781 3279 4839 3².

3612 3463 3626 3479 ⁶
3666 3459 3916 3531 ’(ιέεέιᾶὴὶιῖ
3951 3462 3966 3487 ’
