4525 6031
995 514 1116 576 596
1997 510 2429 571 anmucl
2477 508 2827 571 SECUNDI
3438 517 3603 594 [Anu.
3644 519 3822 583 1248.

992 669 1210 721 naves
1239 666 1484 720 omnes
1513 646 2049 719 Mantuanorum
2082 644 2472 734 rebellium,
2509 666 2685 737 quas
2716 645 2787 715 in
2817 646 3143 718 frivolum
3169 648 3413 721 Parme
3440 653 3823 727 subsidium

991 777 1527 862 congregarunt,
1567 768 1876 862 potentie
1918 777 2154 839 nostre
2195 768 2456 840 virtute
2495 768 2816 839 suffultus
2863 778 3187 864 potenter
3227 773 3673 865 aggredienS,
3706 797 3826 849 eos

989 893 1284 965 viriliter
1311 892 1770 988 expugnavit,
1804 892 1900 963 ita
1939 893 2130 985 quod
2167 901 2448 964 centum
2480 891 2570 963 de
2605 892 2898 964 navibus
2934 892 3115 964 inter
3151 914 3403 988 parvas
3440 907 3511 967 et
3538 918 3826 988 magnas

993 1018 1486 1107 incastellataS,
1526 1026 1597 1086 et
1628 1016 1914 1087 trecenti
1949 1016 2037 1087 de
2070 1015 2276 1087 dictis
2305 1015 2707 1105 rebellibus,
2749 1036 2926 1108 quos
2962 1017 3032 1086 in
3074 1017 3371 1088 navibus
3407 1040 3567 1112 spes
3611 1021 3826 1093 fallax

992 1141 1397 1230 incluserat,
1431 1149 1666 1235 preter
1694 1150 2093 1236 peremptos
2123 1138 2360 1232 gladio
2401 1147 2473 1211 et
2502 1159 2684 1231 aqua
2716 1139 3153 1229 submerSOS,
3191 1161 3489 1232 quorum
3537 1164 3678 1214 non
3721 1153 3827 1216 est

991 1285 1353 1353 numerus,
1389 1263 1461 1334 in
1493 1262 1832 1357 captionis
1862 1273 2104 1357 parata
2133 1263 2346 1353 retia,
2382 1284 2519 1356 que
2557 1262 2908 1333 declinare
2941 1262 3105 1354 fuga
3136 1283 3281 1334 non
3315 1265 3576 1359 potuit,
3613 1266 3821 1339 mise-

992 1388 1303 1459 rabiliter
1346 1387 1766 1459 inciderunt.
1802 1388 1891 1458 Et
1931 1387 2029 1458 sic
2075 1408 2315 1457 eorum
2358 1387 2593 1457 navali
2637 1387 2911 1458 sublato
2952 1386 3291 1480 presidi0,
3335 1386 3606 1480 integre
3658 1390 3824 1461 Padi

991 1511 1378 1585 dominium
1433 1510 1855 1582 obtinemus,
1902 1511 2083 1581 Sane
2129 1532 2289 1581 cum
2343 1510 2417 1580 in
2471 1519 2855 1582 castrorum
2903 1521 3297 1581 nostrorum
3346 1511 3825 1585 combustione

991 1657 1205 1729 quam
1251 1634 1593 1723 diximuS,
1635 1656 1914 1706 camera
1959 1645 2195 1707 nostra
2234 1656 2396 1706 cum
2441 1655 2654 1705 auree
2696 1634 2888 1706 bulle
2937 1634 3208 1729 typario
3257 1644 3330 1707 et
3368 1636 3568 1727 regni
3607 1638 3824 1709 nostri

990 1759 1218 1852 sigillo
1268 1759 1540 1854 perdita
1587 1770 1656 1830 et
1697 1759 1948 1830 amissa
1990 1758 2233 1848 fuerit,
2272 1767 2557 1852 propter
2593 1757 2784 1850 quod
2824 1758 3385 1830 adversariorum
3429 1769 3823 1831 nostrorum

991 1903 1121 1978 per
1147 1904 1385 1954 casum
1417 1892 1558 1953 tam
1586 1881 1947 1954 horridum
1982 1881 2315 1954 effrenata
2345 1881 2697 1976 superbia,
2735 1903 2873 1974 que
2902 1902 3219 1954 caussam
3246 1891 3555 1955 nostram
3587 1882 3822 1956 hacte-

989 2029 1125 2078 nus
1165 2007 1375 2077 rebus
1419 2027 1694 2100 semper
1737 2007 2030 2077 veritate
2072 2005 2472 2076 carentibus
2512 2004 2936 2091 obfuscavit,
2979 2027 3106 2099 per
3147 2005 3396 2100 typarii
3437 2006 3709 2100 copiam
3753 2017 3823 2080 et

991 2130 1221 2222 sigilli,
1264 2131 1521 2220 multa,
1570 2129 1749 2200 sicut
1787 2129 2164 2218 credimus,
2199 2128 2273 2198 in
2304 2126 2587 2199 honoris
2618 2128 2834 2199 nostri
2872 2127 3313 2222 dispendium
3348 2130 3520 2201 falsa
3554 2130 3814 2203 machi-

990 2254 1271 2326 natione
1321 2250 1707 2344 confinget,
1759 2252 2205 2324 devotionem
2266 2263 2568 2322 vestram
2629 2251 3078 2345 requirimuS,
3130 2260 3203 2323 et
3253 2253 3455 2324 vobis
3511 2254 3819 2327 districte

990 2377 1405 2448 mandamus
1443 2387 1788 2469 quatenus
1820 2376 1878 2446 si
1911 2376 2384 2470 predictorum
2419 2375 2609 2446 bulle
2641 2396 2852 2446 auree
2888 2376 3002 2446 vel
3041 2375 3243 2468 sigilli
3282 2376 3549 2449 munite
3588 2377 3820 2470 signa·

988 2502 1163 2574 culis
1194 2502 1287 2573 ad
1313 2523 1441 2573 vos
1482 2502 1711 2595 alique
1749 2501 1948 2572 litere
1976 2500 2106 2571 sub
2135 2499 2353 2570 nostri
2382 2498 2685 2570 nominis
2719 2498 2917 2569 titulo
2959 2499 3444 2594 pervenirent,
3478 2499 3689 2572 fidem
3721 2502 3823 2574 eis

986 2626 1303 2698 stabilem
1345 2636 1575 2697 vestre
1622 2624 1874 2695 mentis
1917 2623 2416 2712 constantiam,
2453 2642 2616 2693 cum
2650 2619 2812 2694 fidei
2847 2622 3099 2696 robore
3136 2633 3454 2714 careant,
3488 2624 3821 2697 adhibere

986 2751 1400 2842 cujusquam
1437 2749 1787 2840 suggestio
1819 2769 1961 2818 non
1996 2747 2309 2819 seducat.

637 3326 854 3429 {imi}
1096 3302 1521 3385 Fridericus
1540 3365 1563 3408 ,
1633 3300 2157 3383 Romanorum
2233 3301 2676 3410 imperator,
2755 3312 3025 3383 notum
3102 3299 3280 3383 facit
3347 3303 3815 3411 principibus

990 3448 1066 3521 et
1095 3434 1465 3520 universis
1501 3434 1854 3516 fidelibus
1892 3435 2049 3517 suis
2088 3436 2478 3542 quomodo
2517 3433 2742 3516 fuerit
2778 3433 3203 3515 debellatus
3233 3445 3407 3517 ante
3427 3435 3806 3517 Parmam.

1152 3650 1346 3731 (Edit.
1371 3653 1435 3709 ln
1454 3649 1620 3708 Petri
1641 3645 1710 3706 de
1735 3647 1868 3708 Vin.
1897 3646 2215 3726 epist.,11b.
2248 3649 2330 3718 11,
2359 3664 2489 3724 cap.
2518 3646 2602 3719 V;
2628 3664 2791 3708 nunc
2812 3648 2948 3708 coll.
2984 3664 3122 3708 cum
3158 3646 3409 3708 codicib.
3433 3645 3588 3708 Blbl.
3615 3649 3811 3709 Cesar.

1226 3758 1443 3832 Paris„
1456 3753 1642 3835 fonds
1675 3751 2173 3815 Saint-Gmnain
2201 3748 2451 3831 Harlay,
2482 3762 2549 3811 n‘·
2576 3760 2717 3825 ⁴55,
2749 3761 2808 3813 et
2820 3751 3004 3832 fonds
3030 3755 3436 3824 Natu-Dama,
3468 3761 3535 3812 n‘·
3563 3753 3731 3832 202.)

1074 3946 1178 4019 Ne
1202 3946 1387 4016 fama
1407 3941 1813 4038 preambula
1840 3941 1971 4012 sub
1994 3940 2259 4011 incerto
2289 3939 2682 4010 discurrens
2710 3940 3019 4009 animum
3043 3948 3352 4009 vestrum
3369 3940 3438 4009 in
3468 3940 3814 4013 contrario

985 4078 1242 4144 eventu
1280 4067 1614 4138 relatione
1648 4064 1926 4138 veritati
1960 4063 2304 4134 contraria
2337 4064 2567 4134 valeat
2594 4062 3037 4156 perturbare,
3085 4063 3245 4133 facti
3280 4063 3644 4134 veritatem
3689 4084 3815 4158 per

984 4194 1308 4267 ordinem
1337 4188 1763 4287 presentium
1800 4188 1978 4260 serie
2010 4187 2342 4259 duximus
2370 4185 2887 4258 declarandam.
2926 4186 3095 4257 Cum
3129 4186 3314 4257 enim
3340 4195 3500 4280 post
3533 4198 3814 4281 captum

987 4328 1059 4390 et
1091 4316 1523 4388 destructum
1564 4321 1847 4407 pontem
1898 4333 2025 4406 per
2058 4312 2471 4384 Mantuanos
2512 4319 2582 4380 et
2621 4309 3091 4381 Ferrarienses
3135 4308 3452 4381 infideles
3495 4319 3805 4400 nostros,

988 4461 1116 4535 per
1144 4449 1419 4510 nostros
1446 4435 1636 4530 apud
1666 4436 2074 4527 Pergamum
2094 4431 2197 4529 (a)
2226 4455 2387 4504 cum
2432 4434 2654 4504 multo
2688 4433 2924 4504 labore
2958 4454 3042 4505 ac
3079 4433 3311 4506 studio
3360 4432 3803 4523 fabricatum,

1076 4612 1158 4692 (α)
1204 4612 1301 4673 Sic
1325 4614 1392 4672 ln
1418 4610 1724 4682 omnibus3
1754 4608 2065 4686 legendum
2096 4625 2234 4669 vero
2260 4605 2423 4687 apud
2441 4604 2772 4670 Bersellum.
