4525 6031
660 656 862 716 lxmcr.
892 655 987 732 4.]
1562 651 1956 714 HISTORIA
2005 651 2596 714 DlpLoMATch.
3365 651 3486 713 865

665 802 736 863 et
795 799 1104 862 nostram
1152 808 1227 859 se
1279 787 1554 859 noverit
1590 788 2055 859 incursurum.
2114 786 2227 859 Ad
2269 789 2467 878 cujus
2505 787 2605 858 rei
2633 786 3035 857 memoriam
3069 797 3140 857 et
3164 787 3483 858 stabilem

663 914 1096 1003 firmitatem,
1136 911 1498 1007 privilegia
1525 912 1881 983 nominata
1907 912 1998 984 de
2030 912 2247 985 verbo
2281 913 2372 982 ad
2397 912 2689 983 verbum
2722 910 3062 981 conscribi
3094 910 3383 982 fecimus
3415 921 3485 982 et

663 1037 887 1131 sigillo
920 1047 1156 1108 nostre
1181 1035 1571 1107 serenitatis
1587 1035 1921 1126 jussimus
1952 1036 2393 1107 communiri.

760 1163 1013 1231 Datum
1064 1159 1254 1254 apud
1308 1158 1751 1247 Nurimberc,
1823 1180 2009 1230 anno
2064 1159 2413 1231 dominice
2474 1157 2967 1230 incarnationis
3031 1156 3477 1246 M.CC.XLV,

660 1286 908 1358 ultimo
938 1282 1339 1355 novembris
1359 1334 1379 1372 ,
1420 1294 1667 1375 quarte
1695 1282 2114 1355 indictionis.

1459 1931 1683 1994 Ammo
1737 1931 2055 1993 124e.-
2095 1923 2585 1992 1Nn1c‘r1omn
2634 1931 2692 1990 4.
2794 1885 2806 1896 ⁹

767 2395 1203 2500 ConraduS,
1263 2397 1342 2476 in
1408 2396 1929 2479 Romanorum
2006 2421 2267 2506 regem
2344 2395 2625 2478 electus
2647 2456 2670 2502 ‚
2738 2397 3109 2479 universis
3185 2398 3481 2505 imperii
3539 2420 3896 2531 Affiggffiz.

659 2526 1010 2610 fidelibus
1049 2528 1388 2610 notificat
1422 2529 1704 2637 quibus
1740 2529 2303 2611 conditionibus
2345 2539 2712 2611 tractatus
2745 2529 3167 2611 amicabilis
3206 2556 3482 2639 super-

660 2660 950 2742 venerit
982 2660 1079 2743 de
1114 2661 1495 2743 discordia
1540 2689 1739 2770 quae
1787 2662 1984 2744 inter
2046 2662 2246 2744 cives
2281 2661 2893 2745 Wormacienses
2931 2673 3006 2744 et
3040 2662 3478 2771 Philippum

657 2792 754 2874 de
805 2775 1230 2876 Hohenvels
1276 2793 1691 2902 imperialis
1738 2794 1958 2876 aulae
1985 2795 2493 2876 camerarium
2529 2794 2990 2899 vertebatur,
3032 2795 3479 2902 promittens

657 2926 717 3006 si
788 2925 1043 3034 aliqua
1111 2926 1444 3035 partium
1509 2936 1774 3009 contra
1836 2938 2144 3036 pactum
2209 2928 2658 3010 concordiae
2693 2927 3010 3034 venerit,
3053 2955 3134 3010 se
3169 2928 3482 3010 viriliter

661 3058 877 3141 alteri
919 3060 1119 3167 parti
1156 3074 1404 3142 astare
1442 3060 1659 3143 velle.
1697 3096 1705 3101 ⁴

821 3301 1024 3378 (Edid.
1057 3301 1129 3362 F.
1160 3302 1477 3377 Bossnmzn,
1503 3302 1713 3362 Fontes
1739 3319 1855 3362 rer.
1897 3298 2117 3377 Germ„
2153 3311 2197 3362 t.
2236 3303 2331 3381 11,
2358 3321 2419 3379 p.
2455 3311 2595 3374 225,
2627 3312 2692 3361 n⁰
2725 3302 2849 3381 12.)

755 3509 1149 3599 CunraduS,
1203 3509 1349 3581 divi
1393 3510 1670 3602 augusti
1705 3511 2138 3605 imperatoris
2177 3511 2504 3582 Friderici
2551 3509 2773 3600 filius,
2808 3511 2934 3582 Dei
2963 3513 3198 3603 gracia
3229 3513 3482 3584 Roma·

658 3652 909 3703 norum
956 3633 1029 3703 in
1067 3653 1302 3724 regem
1335 3634 1629 3723 electuS,
1672 3654 1948 3729 semper
1977 3646 2314 3727 augustus
2345 3644 2417 3706 et
2443 3634 2647 3705 heres
2683 3636 2876 3725 regni
2908 3635 3316 3707 Jerusalem.
3356 3638 3485 3707 Per

659 3777 948 3852 presens
1000 3756 1332 3852 scriptum
1383 3768 1626 3828 notum
1680 3778 1833 3829 esse
1882 3758 2207 3829 volumus
2246 3759 2592 3830 universis
2636 3758 2905 3851 imperii
2956 3757 3277 3831 fidelibus
3342 3774 3482 3832 tam

656 3880 1094 3975 presentibus
1119 3902 1331 3972 quam
1358 3880 1607 3952 futuris
1639 3881 1831 3972 quod
1861 3903 2022 3952 cum
2050 3882 2231 3952 inter
2264 3883 2452 3954 cives
2484 3892 2555 3952 et
2585 3879 2827 3953 fideles
2857 3892 3131 3953 nostros
3160 3884 3481 3955 Warma-

658 4005 925 4076 cienses
960 4014 1030 4075 et
1069 4003 1464 4100 Philippum
1490 4004 1580 4077 de
1608 4004 2006 4077 Hohenvels
2025 4058 2045 4096 ,
2082 4005 2459 4101 imperialis
2486 4007 2645 4076 aule
2674 4005 3164 4093 camerarium,
3206 4007 3483 4100 publica

660 4128 1004 4200 discordia
1038 4138 1453 4220 verteretur,
1479 4130 1568 4200 de
1601 4129 1929 4201 mandato
1963 4139 2033 4200 et
2061 4129 2493 4224 plenitudine
2524 4130 2898 4201 voluntatis
2934 4139 3168 4200 nostre
3196 4151 3280 4202 ac
3312 4152 3480 4201 con-

658 4252 1072 4323 siliariorum
1111 4263 1510 4324 nostrorum
1533 4305 1552 4342 ,
1601 4252 1930 4326 videlicet
1961 4253 2312 4324 Krastonis
2357 4251 2446 4322 de
2483 4254 2920 4344 Bocgesberg
2940 4306 2959 4342 ‚
2995 4253 3296 4344 Cunradi
3322 4253 3480 4349 pin-

660 4394 868 4446 cerne
901 4375 991 4446 de
1023 4376 1465 4469 Clinginberg
1491 4385 1563 4448 et
1582 4378 1871 4449 Walteri
1903 4378 2234 4472 pincerne
2261 4377 2352 4449 de
2379 4375 2739 4447 Limborch
2756 4429 2774 4465 ,
2807 4376 3154 4448 amicabili
3189 4387 3487 4449 tractatu

660 4500 1231 4593 superveniente,
1272 4500 1364 4572 ad
1404 4500 1804 4593 hujusmodi
1839 4513 2119 4596 pactum
2180 4502 2370 4595 pacis
2421 4511 2492 4572 et
2517 4500 2714 4572 firme
2746 4500 3114 4572 concordie
3141 4523 3483 4595 pervene-

659 4634 825 4694 runt
863 4624 935 4695 in
975 4625 1326 4719 presentia
1367 4636 1645 4715 nostra,
1684 4626 2012 4698 videlicet
2042 4626 2234 4719 quod
2258 4626 2558 4697 Jacobus
2600 4625 2827 4697 dictus
2850 4627 3041 4721 Rapa
3076 4624 3167 4696 de
3211 4626 3481 4715 Almia,

655 4766 697 4815 a
730 4768 872 4839 quo
907 4747 1056 4842 ipsa
1093 4748 1438 4821 discordia
1480 4750 1773 4844 sumpsit
1799 4749 2166 4821 exordium
2184 4802 2205 4839 ‚
2238 4750 2520 4822 feodum
2552 4771 2756 4821 suum
2781 4759 3131 4821 castrense
3156 4749 3250 4821 ad
3282 4749 3487 4843 Lapi-
