<?xml version="1.0" encoding="UTF-8"?>
<!DOCTYPE html PUBLIC "-//W3C//DTD XHTML 1.0 Transitional//EN"
    "http://www.w3.org/TR/xhtml1/DTD/xhtml1-transitional.dtd">
<html xmlns="http://www.w3.org/1999/xhtml" xml:lang="en" lang="en">
 <head>
  <title>
</title>
<meta http-equiv="Content-Type" content="text/html;charset=utf-8" />
  <meta name='ocr-system' content='tesseract 3.04.00' />
  <meta name='ocr-capabilities' content='ocr_page ocr_carea ocr_par ocr_line ocrx_word'/>
</head>
<body>
  <div class='ocr_page' id='page_1' title='image "./historiadiploma01empegoog_0214.png"; bbox 0 0 4525 6031; ppageno 0'>
   <div class='ocr_carea' id='block_1_1' title="bbox 1027 641 3852 733">
    <p class='ocr_par' dir='ltr' id='par_1_1' title="bbox 1027 641 3852 733">
     <span class='ocr_line' id='line_1_1' title="bbox 1027 641 3852 733; baseline 0.006 -37"><span class='ocrx_word' id='word_1_1' title='bbox 1027 648 1149 710; x_wconf 79' lang='lat'><strong>756</strong></span> <span class='ocrx_word' id='word_1_2' title='bbox 2029 641 2461 704; x_wconf 65' lang='lat' dir='ltr'><strong>nmmum</strong></span> <span class='ocrx_word' id='word_1_3' title='bbox 2509 642 2860 705; x_wconf 63' lang='lat' dir='ltr'><strong>suenum</strong></span> <span class='ocrx_word' id='word_1_4' title='bbox 3473 647 3852 733; x_wconf 61' lang='lat' dir='ltr'><strong>[Arnum-49.</strong></span> 
     </span>
    </p>
   </div>
   <div class='ocr_carea' id='block_1_2' title="bbox 1008 778 3857 3228">
    <p class='ocr_par' dir='ltr' id='par_1_2' title="bbox 1008 778 3857 3228">
     <span class='ocr_line' id='line_1_2' title="bbox 1020 778 3857 879; baseline 0 -22"><span class='ocrx_word' id='word_1_5' title='bbox 1020 784 1424 879; x_wconf 81' lang='lat' dir='ltr'>diligentem</span> <span class='ocrx_word' id='word_1_6' title='bbox 1456 782 1802 854; x_wconf 85' lang='lat' dir='ltr'><strong>confortat</strong></span> <span class='ocrx_word' id='word_1_7' title='bbox 1832 778 2053 851; x_wconf 85' lang='lat' dir='ltr'><strong>filium</strong></span> <span class='ocrx_word' id='word_1_8' title='bbox 2094 789 2167 851; x_wconf 91' lang='lat' dir='ltr'><strong>et</strong></span> <span class='ocrx_word' id='word_1_9' title='bbox 2197 779 2451 851; x_wconf 83' lang='lat' dir='ltr'><strong>votivis</strong></span> <span class='ocrx_word' id='word_1_10' title='bbox 2495 779 2930 852; x_wconf 81' lang='lat' dir='ltr'><strong>successibus</strong></span> <span class='ocrx_word' id='word_1_11' title='bbox 2961 781 3216 853; x_wconf 85' lang='lat' dir='ltr'><strong>nostris</strong></span> <span class='ocrx_word' id='word_1_12' title='bbox 3245 804 3384 876; x_wconf 91' lang='lat' dir='ltr'><strong>que</strong></span> <span class='ocrx_word' id='word_1_13' title='bbox 3423 795 3541 855; x_wconf 91' lang='lat' dir='ltr'><strong>tue</strong></span> <span class='ocrx_word' id='word_1_14' title='bbox 3575 806 3857 857; x_wconf 87' lang='lat' dir='ltr'><strong>causam</strong></span> 
     </span>
     <span class='ocr_line' id='line_1_3' title="bbox 1020 902 3856 1003; baseline 0.001 -23"><span class='ocrx_word' id='word_1_15' title='bbox 1020 907 1476 980; x_wconf 88' lang='lat' dir='ltr'><strong>exaltacionis</strong></span> <span class='ocrx_word' id='word_1_16' title='bbox 1517 906 1850 996; x_wconf 88' lang='lat' dir='ltr'><strong>afferunt,</strong></span> <span class='ocrx_word' id='word_1_17' title='bbox 1886 902 2195 997; x_wconf 80' lang='lat' dir='ltr'><strong>gaudere</strong></span> <span class='ocrx_word' id='word_1_18' title='bbox 2229 912 2297 975; x_wconf 88' lang='lat' dir='ltr'><strong>te</strong></span> <span class='ocrx_word' id='word_1_19' title='bbox 2329 903 2652 976; x_wconf 88' lang='lat' dir='ltr'><strong>novimus</strong></span> <span class='ocrx_word' id='word_1_20' title='bbox 2671 955 2694 996; x_wconf 89' lang='lat'>,</span> <span class='ocrx_word' id='word_1_21' title='bbox 2746 903 2839 976; x_wconf 90' lang='lat' dir='ltr'><strong>ad</strong></span> <span class='ocrx_word' id='word_1_22' title='bbox 2871 905 3188 978; x_wconf 83' lang='lat' dir='ltr'><strong>notitiam</strong></span> <span class='ocrx_word' id='word_1_23' title='bbox 3223 917 3412 979; x_wconf 90' lang='lat' dir='ltr'><strong>tuam</strong></span> <span class='ocrx_word' id='word_1_24' title='bbox 3446 909 3856 1003; x_wconf 83' lang='lat' dir='ltr'><strong>perferimus</strong></span> 
     </span>
     <span class='ocr_line' id='line_1_4' title="bbox 1017 1027 3853 1125; baseline 0.001 -23"><span class='ocrx_word' id='word_1_25' title='bbox 1017 1031 1208 1125; x_wconf 90' lang='lat' dir='ltr'><strong>quod</strong></span> <span class='ocrx_word' id='word_1_26' title='bbox 1242 1032 1479 1103; x_wconf 91' lang='lat' dir='ltr'><strong>divina</strong></span> <span class='ocrx_word' id='word_1_27' title='bbox 1509 1032 1787 1102; x_wconf 82' lang='lat' dir='ltr'><strong>favente</strong></span> <span class='ocrx_word' id='word_1_28' title='bbox 1823 1027 2134 1122; x_wconf 90' lang='lat' dir='ltr'><strong>potentia</strong></span> <span class='ocrx_word' id='word_1_29' title='bbox 2166 1048 2305 1120; x_wconf 90' lang='lat' dir='ltr'><strong>que</strong></span> <span class='ocrx_word' id='word_1_30' title='bbox 2341 1037 2656 1099; x_wconf 86' lang='lat' dir='ltr'><strong>nostrum</strong></span> <span class='ocrx_word' id='word_1_31' title='bbox 2691 1028 3020 1100; x_wconf 80' lang='lat' dir='ltr'><strong>sublimat</strong></span> <span class='ocrx_word' id='word_1_32' title='bbox 3054 1028 3424 1124; x_wconf 91' lang='lat' dir='ltr'><strong>imperium</strong></span> <span class='ocrx_word' id='word_1_33' title='bbox 3446 1085 3467 1124; x_wconf 89' lang='lat'>‚</span> <span class='ocrx_word' id='word_1_34' title='bbox 3508 1034 3598 1105; x_wconf 91' lang='lat' dir='ltr'><strong>de</strong></span> <span class='ocrx_word' id='word_1_35' title='bbox 3626 1033 3853 1106; x_wconf 89' lang='lat' dir='ltr'><strong>rebel-</strong></span> 
     </span>
     <span class='ocr_line' id='line_1_5' title="bbox 1019 1149 3851 1250; baseline 0.001 -25"><span class='ocrx_word' id='word_1_36' title='bbox 1019 1155 1201 1226; x_wconf 88' lang='lat' dir='ltr'><strong>libus</strong></span> <span class='ocrx_word' id='word_1_37' title='bbox 1257 1154 1513 1227; x_wconf 92' lang='lat' dir='ltr'><strong>nostris</strong></span> <span class='ocrx_word' id='word_1_38' title='bbox 1565 1153 1636 1224; x_wconf 91' lang='lat' dir='ltr'><strong>in</strong></span> <span class='ocrx_word' id='word_1_39' title='bbox 1702 1151 2006 1223; x_wconf 89' lang='lat' dir='ltr'><strong>marchia</strong></span> <span class='ocrx_word' id='word_1_40' title='bbox 2053 1149 2490 1224; x_wconf 84' lang='lat' dir='ltr'><strong>Anconitana</strong></span> <span class='ocrx_word' id='word_1_41' title='bbox 2536 1173 2748 1245; x_wconf 89' lang='lat' dir='ltr'><strong>quam</strong></span> <span class='ocrx_word' id='word_1_42' title='bbox 2789 1153 3033 1224; x_wconf 89' lang='lat' dir='ltr'><strong>Petrus</strong></span> <span class='ocrx_word' id='word_1_43' title='bbox 3081 1152 3405 1248; x_wconf 84' lang='lat' dir='ltr'><strong>Capotius</strong></span> <span class='ocrx_word' id='word_1_44' title='bbox 3455 1153 3851 1250; x_wconf 87' lang='lat' dir='ltr'><strong>Apostolice</strong></span> 
     </span>
     <span class='ocr_line' id='line_1_6' title="bbox 1017 1274 3850 1370; baseline -0 -19"><span class='ocrx_word' id='word_1_45' title='bbox 1017 1277 1216 1351; x_wconf 91' lang='lat' dir='ltr'><strong>Sedis</strong></span> <span class='ocrx_word' id='word_1_46' title='bbox 1247 1278 1517 1370; x_wconf 84' lang='lat' dir='ltr'><strong>legatus</strong></span> <span class='ocrx_word' id='word_1_47' title='bbox 1556 1287 1627 1349; x_wconf 89' lang='lat' dir='ltr'><strong>et</strong></span> <span class='ocrx_word' id='word_1_48' title='bbox 1654 1276 1949 1348; x_wconf 90' lang='lat' dir='ltr'><strong>aliorum</strong></span> <span class='ocrx_word' id='word_1_49' title='bbox 1980 1275 2445 1368; x_wconf 79' lang='lat' dir='ltr'><strong>quorumdam</strong></span> <span class='ocrx_word' id='word_1_50' title='bbox 2476 1274 2906 1369; x_wconf 90' lang='lat' dir='ltr'><strong>proditorum</strong></span> <span class='ocrx_word' id='word_1_51' title='bbox 2939 1286 3333 1348; x_wconf 90' lang='lat' dir='ltr'><strong>nostrorum</strong></span> <span class='ocrx_word' id='word_1_52' title='bbox 3366 1299 3408 1349; x_wconf 90' lang='lat' dir='ltr'><strong>a</strong></span> <span class='ocrx_word' id='word_1_53' title='bbox 3438 1275 3579 1350; x_wconf 85' lang='lat' dir='ltr'><strong>fide</strong></span> <span class='ocrx_word' id='word_1_54' title='bbox 3609 1289 3850 1352; x_wconf 89' lang='lat' dir='ltr'><strong>nostra</strong></span> 
     </span>
     <span class='ocr_line' id='line_1_7' title="bbox 1017 1398 3850 1493; baseline 0.001 -21"><span class='ocrx_word' id='word_1_55' title='bbox 1017 1402 1321 1473; x_wconf 81' lang='lat' dir='ltr'><strong>nefanda</strong></span> <span class='ocrx_word' id='word_1_56' title='bbox 1359 1411 1551 1473; x_wconf 90' lang='lat' dir='ltr'><strong>secta</strong></span> <span class='ocrx_word' id='word_1_57' title='bbox 1582 1407 2058 1489; x_wconf 89' lang='lat' dir='ltr'><strong>converterat,</strong></span> <span class='ocrx_word' id='word_1_58' title='bbox 2101 1399 2271 1470; x_wconf 92' lang='lat' dir='ltr'><strong>dum</strong></span> <span class='ocrx_word' id='word_1_59' title='bbox 2312 1398 2385 1469; x_wconf 92' lang='lat' dir='ltr'><strong>in</strong></span> <span class='ocrx_word' id='word_1_60' title='bbox 2432 1398 2898 1471; x_wconf 90' lang='lat' dir='ltr'><strong>Theutonicos</strong></span> <span class='ocrx_word' id='word_1_61' title='bbox 2933 1399 3242 1493; x_wconf 87' lang='lat' dir='ltr'><strong>aliosque</strong></span> <span class='ocrx_word' id='word_1_62' title='bbox 3286 1398 3529 1472; x_wconf 84' lang='lat' dir='ltr'><strong>fideles</strong></span> <span class='ocrx_word' id='word_1_63' title='bbox 3576 1412 3850 1475; x_wconf 84' lang='lat' dir='ltr'><strong>nostros</strong></span> 
     </span>
     <span class='ocr_line' id='line_1_8' title="bbox 1014 1502 3843 1619; baseline 0 -22"><span class='ocrx_word' id='word_1_64' title='bbox 1014 1525 1274 1597; x_wconf 86' lang='lat' dir='ltr'><strong>ibidem</strong></span> <span class='ocrx_word' id='word_1_65' title='bbox 1311 1524 1564 1597; x_wconf 90' lang='lat' dir='ltr'><strong>nostris</strong></span> <span class='ocrx_word' id='word_1_66' title='bbox 1590 1502 1886 1596; x_wconf 88' lang='lat' dir='ltr'><strong>servitiis</strong></span> <span class='ocrx_word' id='word_1_67' title='bbox 1919 1522 2300 1595; x_wconf 81' lang='lat' dir='ltr'><strong>existentes</strong></span> <span class='ocrx_word' id='word_1_68' title='bbox 2346 1522 2478 1594; x_wconf 89' lang='lat' dir='ltr'><strong>sub</strong></span> <span class='ocrx_word' id='word_1_69' title='bbox 2513 1522 2728 1615; x_wconf 81' lang='lat' dir='ltr'><strong>signis</strong></span> <span class='ocrx_word' id='word_1_70' title='bbox 2769 1523 3069 1594; x_wconf 83' lang='lat' dir='ltr'><strong>clavium</strong></span> <span class='ocrx_word' id='word_1_71' title='bbox 3115 1534 3437 1619; x_wconf 89' lang='lat' dir='ltr'><strong>potenter</strong></span> <span class='ocrx_word' id='word_1_72' title='bbox 3466 1525 3843 1617; x_wconf 89' lang='lat' dir='ltr'><strong>irruerent,</strong></span> 
     </span>
     <span class='ocr_line' id='line_1_9' title="bbox 1013 1645 3848 1742; baseline 0.001 -23"><span class='ocrx_word' id='word_1_73' title='bbox 1013 1648 1367 1719; x_wconf 86' lang='lat' dir='ltr'><strong>nonnullis</strong></span> <span class='ocrx_word' id='word_1_74' title='bbox 1399 1670 1491 1719; x_wconf 90' lang='lat' dir='ltr'><strong>ex</strong></span> <span class='ocrx_word' id='word_1_75' title='bbox 1524 1647 1626 1718; x_wconf 92' lang='lat' dir='ltr'><strong>eis</strong></span> <span class='ocrx_word' id='word_1_76' title='bbox 1656 1656 1890 1742; x_wconf 87' lang='lat' dir='ltr'><strong>preter</strong></span> <span class='ocrx_word' id='word_1_77' title='bbox 1917 1646 2095 1717; x_wconf 92' lang='lat' dir='ltr'><strong>duos</strong></span> <span class='ocrx_word' id='word_1_78' title='bbox 2125 1655 2417 1740; x_wconf 88' lang='lat' dir='ltr'><strong>nepotes</strong></span> <span class='ocrx_word' id='word_1_79' title='bbox 2450 1645 2764 1737; x_wconf 86' lang='lat' dir='ltr'><strong>ejusdem</strong></span> <span class='ocrx_word' id='word_1_80' title='bbox 2798 1645 3169 1719; x_wconf 88' lang='lat' dir='ltr'><strong>cardinalis</strong></span> <span class='ocrx_word' id='word_1_81' title='bbox 3205 1646 3516 1741; x_wconf 88' lang='lat' dir='ltr'><strong>aliosque</strong></span> <span class='ocrx_word' id='word_1_82' title='bbox 3548 1649 3848 1722; x_wconf 82' lang='lat' dir='ltr'><strong>famosos</strong></span> 
     </span>
     <span class='ocr_line' id='line_1_10' title="bbox 1013 1770 3846 1868; baseline -0 -23"><span class='ocrx_word' id='word_1_83' title='bbox 1013 1773 1202 1845; x_wconf 87' lang='lat' dir='ltr'><strong>viros</strong></span> <span class='ocrx_word' id='word_1_84' title='bbox 1233 1794 1409 1868; x_wconf 94' lang='lat' dir='ltr'><strong>quos</strong></span> <span class='ocrx_word' id='word_1_85' title='bbox 1442 1772 1688 1844; x_wconf 90' lang='lat' dir='ltr'><strong>eodem</strong></span> <span class='ocrx_word' id='word_1_86' title='bbox 1722 1770 1931 1843; x_wconf 94' lang='lat' dir='ltr'><strong>modo</strong></span> <span class='ocrx_word' id='word_1_87' title='bbox 1969 1771 2242 1842; x_wconf 84' lang='lat' dir='ltr'><strong>fortune</strong></span> <span class='ocrx_word' id='word_1_88' title='bbox 2280 1771 2637 1845; x_wconf 88' lang='lat' dir='ltr'><strong>tribulavit</strong></span> <span class='ocrx_word' id='word_1_89' title='bbox 2666 1771 3051 1844; x_wconf 81' lang='lat' dir='ltr'><strong>adversitas</strong></span> <span class='ocrx_word' id='word_1_90' title='bbox 3074 1823 3094 1861; x_wconf 89' lang='lat'><strong>,</strong></span> <span class='ocrx_word' id='word_1_91' title='bbox 3129 1793 3256 1867; x_wconf 87' lang='lat' dir='ltr'><strong>per</strong></span> <span class='ocrx_word' id='word_1_92' title='bbox 3289 1771 3652 1844; x_wconf 88' lang='lat' dir='ltr'><strong>conflictus</strong></span> <span class='ocrx_word' id='word_1_93' title='bbox 3696 1772 3846 1844; x_wconf 89' lang='lat' dir='ltr'><strong>bel-</strong></span> 
     </span>
     <span class='ocr_line' id='line_1_11' title="bbox 1014 1892 3846 1991; baseline 0 -23"><span class='ocrx_word' id='word_1_94' title='bbox 1014 1896 1184 1970; x_wconf 90' lang='lat' dir='ltr'><strong>licos</strong></span> <span class='ocrx_word' id='word_1_95' title='bbox 1215 1906 1453 1970; x_wconf 90' lang='lat' dir='ltr'><strong>nostro</strong></span> <span class='ocrx_word' id='word_1_96' title='bbox 1495 1895 1753 1968; x_wconf 89' lang='lat' dir='ltr'><strong>carceri</strong></span> <span class='ocrx_word' id='word_1_97' title='bbox 1790 1892 1894 1991; x_wconf 84' lang='lat' dir='ltr'><strong>(a)</strong></span> <span class='ocrx_word' id='word_1_98' title='bbox 1930 1895 2342 1990; x_wconf 90' lang='lat' dir='ltr'><strong>mancipatis</strong></span> <span class='ocrx_word' id='word_1_99' title='bbox 2365 1947 2386 1983; x_wconf 91' lang='lat'>,</span> <span class='ocrx_word' id='word_1_100' title='bbox 2425 1895 2812 1967; x_wconf 89' lang='lat' dir='ltr'><strong>occisorum</strong></span> <span class='ocrx_word' id='word_1_101' title='bbox 2858 1896 3001 1967; x_wconf 92' lang='lat' dir='ltr'><strong>duo</strong></span> <span class='ocrx_word' id='word_1_102' title='bbox 3040 1895 3232 1966; x_wconf 90' lang='lat' dir='ltr'><strong>milia</strong></span> <span class='ocrx_word' id='word_1_103' title='bbox 3267 1894 3431 1965; x_wconf 86' lang='lat' dir='ltr'><strong>facti</strong></span> <span class='ocrx_word' id='word_1_104' title='bbox 3460 1895 3718 1966; x_wconf 85' lang='lat' dir='ltr'><strong>veritas</strong></span> <span class='ocrx_word' id='word_1_105' title='bbox 3752 1895 3846 1968; x_wconf 90' lang='lat' dir='ltr'><strong>ad</strong></span> 
     </span>
     <span class='ocr_line' id='line_1_12' title="bbox 1012 2019 3844 2114; baseline -0 -21"><span class='ocrx_word' id='word_1_106' title='bbox 1012 2021 1438 2093; x_wconf 91' lang='lat' dir='ltr'><strong>audientiam</strong></span> <span class='ocrx_word' id='word_1_107' title='bbox 1468 2030 1778 2093; x_wconf 90' lang='lat' dir='ltr'><strong>nostram</strong></span> <span class='ocrx_word' id='word_1_108' title='bbox 1810 2020 2165 2114; x_wconf 84' lang='lat' dir='ltr'><strong>perduxit.</strong></span> <span class='ocrx_word' id='word_1_109' title='bbox 2199 2019 2353 2104; x_wconf 88' lang='lat' dir='ltr'><strong>Quo</strong></span> <span class='ocrx_word' id='word_1_110' title='bbox 2377 2020 2635 2091; x_wconf 82' lang='lat' dir='ltr'><strong>factum</strong></span> <span class='ocrx_word' id='word_1_111' title='bbox 2659 2029 2768 2092; x_wconf 91' lang='lat' dir='ltr'><strong>est</strong></span> <span class='ocrx_word' id='word_1_112' title='bbox 2790 2030 2869 2091; x_wconf 90' lang='lat' dir='ltr'><strong>ut</strong></span> <span class='ocrx_word' id='word_1_113' title='bbox 2895 2019 3422 2114; x_wconf 88' lang='lat' dir='ltr'><strong>quampluribus</strong></span> <span class='ocrx_word' id='word_1_114' title='bbox 3449 2019 3844 2092; x_wconf 83' lang='lat' dir='ltr'><strong>civitatibus</strong></span> 
     </span>
     <span class='ocr_line' id='line_1_13' title="bbox 1013 2141 3841 2239; baseline -0.001 -22"><span class='ocrx_word' id='word_1_115' title='bbox 1013 2143 1325 2238; x_wconf 91' lang='lat' dir='ltr'><strong>ejusdem</strong></span> <span class='ocrx_word' id='word_1_116' title='bbox 1358 2143 1712 2239; x_wconf 89' lang='lat' dir='ltr'><strong>provincie</strong></span> <span class='ocrx_word' id='word_1_117' title='bbox 1737 2165 1874 2236; x_wconf 91' lang='lat' dir='ltr'><strong>que</strong></span> <span class='ocrx_word' id='word_1_118' title='bbox 1897 2143 2196 2214; x_wconf 89' lang='lat' dir='ltr'><strong>rebelles</strong></span> <span class='ocrx_word' id='word_1_119' title='bbox 2219 2143 2634 2234; x_wconf 81' lang='lat' dir='ltr'><strong>extiterant,</strong></span> <span class='ocrx_word' id='word_1_120' title='bbox 2666 2143 2759 2215; x_wconf 98' lang='lat' dir='ltr'><strong>ad</strong></span> <span class='ocrx_word' id='word_1_121' title='bbox 2791 2142 3173 2215; x_wconf 90' lang='lat' dir='ltr'><strong>dominium</strong></span> <span class='ocrx_word' id='word_1_122' title='bbox 3203 2152 3275 2215; x_wconf 91' lang='lat' dir='ltr'><strong>et</strong></span> <span class='ocrx_word' id='word_1_123' title='bbox 3291 2141 3504 2215; x_wconf 85' lang='lat' dir='ltr'><strong>fidem</strong></span> <span class='ocrx_word' id='word_1_124' title='bbox 3532 2152 3841 2215; x_wconf 90' lang='lat' dir='ltr'><strong>nostram</strong></span> 
     </span>
     <span class='ocr_line' id='line_1_14' title="bbox 1011 2265 3840 2362; baseline -0.001 -21"><span class='ocrx_word' id='word_1_125' title='bbox 1011 2268 1400 2359; x_wconf 81' lang='lat' dir='ltr'><strong>conversiS‚</strong></span> <span class='ocrx_word' id='word_1_126' title='bbox 1450 2267 1764 2339; x_wconf 88' lang='lat' dir='ltr'><strong>civitates</strong></span> <span class='ocrx_word' id='word_1_127' title='bbox 1810 2277 1880 2338; x_wconf 89' lang='lat' dir='ltr'><strong>et</strong></span> <span class='ocrx_word' id='word_1_128' title='bbox 1914 2276 2139 2338; x_wconf 90' lang='lat' dir='ltr'><strong>castra</strong></span> <span class='ocrx_word' id='word_1_129' title='bbox 2171 2267 2451 2339; x_wconf 90' lang='lat' dir='ltr'><strong>residua</strong></span> <span class='ocrx_word' id='word_1_130' title='bbox 2496 2265 2586 2338; x_wconf 90' lang='lat' dir='ltr'><strong>de</strong></span> <span class='ocrx_word' id='word_1_131' title='bbox 2633 2266 2837 2338; x_wconf 92' lang='lat' dir='ltr'><strong>simili</strong></span> <span class='ocrx_word' id='word_1_132' title='bbox 2879 2267 3170 2359; x_wconf 80' lang='lat' dir='ltr'><strong>vestigia</strong></span> <span class='ocrx_word' id='word_1_133' title='bbox 3209 2276 3585 2362; x_wconf 87' lang='lat' dir='ltr'><strong>preparant</strong></span> <span class='ocrx_word' id='word_1_134' title='bbox 3614 2266 3840 2339; x_wconf 90' lang='lat' dir='ltr'><strong>domi·</strong></span> 
     </span>
     <span class='ocr_line' id='line_1_15' title="bbox 1009 2389 3839 2485; baseline 0 -23"><span class='ocrx_word' id='word_1_135' title='bbox 1009 2391 1204 2462; x_wconf 92' lang='lat' dir='ltr'><strong>nium</strong></span> <span class='ocrx_word' id='word_1_136' title='bbox 1245 2400 1559 2462; x_wconf 90' lang='lat' dir='ltr'><strong>nostrum</strong></span> <span class='ocrx_word' id='word_1_137' title='bbox 1601 2401 1672 2462; x_wconf 89' lang='lat' dir='ltr'><strong>et</strong></span> <span class='ocrx_word' id='word_1_138' title='bbox 1702 2391 1993 2481; x_wconf 79' lang='lat' dir='ltr'><strong>gratiam</strong></span> <span class='ocrx_word' id='word_1_139' title='bbox 2030 2389 2421 2485; x_wconf 87' lang='lat' dir='ltr'><strong>repetendi.</strong></span> <span class='ocrx_word' id='word_1_140' title='bbox 2463 2390 2609 2462; x_wconf 92' lang='lat' dir='ltr'><strong>Nec</strong></span> <span class='ocrx_word' id='word_1_141' title='bbox 2650 2390 2941 2462; x_wconf 92' lang='lat' dir='ltr'><strong>dubium</strong></span> <span class='ocrx_word' id='word_1_142' title='bbox 2990 2390 3159 2483; x_wconf 90' lang='lat' dir='ltr'><strong>quin</strong></span> <span class='ocrx_word' id='word_1_143' title='bbox 3199 2390 3474 2462; x_wconf 83' lang='lat' dir='ltr'><strong>fortuna</strong></span> <span class='ocrx_word' id='word_1_144' title='bbox 3514 2391 3839 2463; x_wconf 86' lang='lat' dir='ltr'><strong>volubilis</strong></span> 
     </span>
     <span class='ocr_line' id='line_1_16' title="bbox 1011 2511 3838 2609; baseline 0 -25"><span class='ocrx_word' id='word_1_145' title='bbox 1011 2516 1081 2584; x_wconf 91' lang='lat' dir='ltr'><strong>in</strong></span> <span class='ocrx_word' id='word_1_146' title='bbox 1117 2514 1418 2586; x_wconf 88' lang='lat' dir='ltr'><strong>Marchia</strong></span> <span class='ocrx_word' id='word_1_147' title='bbox 1469 2523 1541 2585; x_wconf 91' lang='lat' dir='ltr'><strong>et</strong></span> <span class='ocrx_word' id='word_1_148' title='bbox 1578 2514 2084 2607; x_wconf 89' lang='lat' dir='ltr'><strong>subsequenter</strong></span> <span class='ocrx_word' id='word_1_149' title='bbox 2113 2514 2186 2585; x_wconf 87' lang='lat' dir='ltr'><strong>in</strong></span> <span class='ocrx_word' id='word_1_150' title='bbox 2229 2513 2609 2609; x_wconf 88' lang='lat' dir='ltr'><strong>provinciis</strong></span> <span class='ocrx_word' id='word_1_151' title='bbox 2649 2514 2804 2585; x_wconf 88' lang='lat' dir='ltr'><strong>aliis</strong></span> <span class='ocrx_word' id='word_1_152' title='bbox 2848 2514 2918 2585; x_wconf 91' lang='lat' dir='ltr'><strong>in</strong></span> <span class='ocrx_word' id='word_1_153' title='bbox 2962 2512 3361 2586; x_wconf 85' lang='lat' dir='ltr'><strong>certaminis</strong></span> <span class='ocrx_word' id='word_1_154' title='bbox 3400 2514 3554 2584; x_wconf 90' lang='lat' dir='ltr'><strong>alea</strong></span> <span class='ocrx_word' id='word_1_155' title='bbox 3593 2511 3838 2585; x_wconf 91' lang='lat' dir='ltr'><strong>ludum</strong></span> 
     </span>
     <span class='ocr_line' id='line_1_17' title="bbox 1011 2635 3834 2733; baseline 0 -23"><span class='ocrx_word' id='word_1_156' title='bbox 1011 2638 1398 2730; x_wconf 90' lang='lat' dir='ltr'><strong>redimens,</strong></span> <span class='ocrx_word' id='word_1_157' title='bbox 1456 2638 1660 2713; x_wconf 89' lang='lat' dir='ltr'><strong>nobis</strong></span> <span class='ocrx_word' id='word_1_158' title='bbox 1720 2637 1979 2709; x_wconf 88' lang='lat' dir='ltr'><strong>tribuat</strong></span> <span class='ocrx_word' id='word_1_159' title='bbox 2017 2637 2243 2710; x_wconf 84' lang='lat' dir='ltr'><strong>vicem</strong></span> <span class='ocrx_word' id='word_1_160' title='bbox 2291 2648 2627 2710; x_wconf 84' lang='lat' dir='ltr'><strong>nostram.</strong></span> <span class='ocrx_word' id='word_1_161' title='bbox 2698 2636 2836 2710; x_wconf 89' lang='lat' dir='ltr'><strong>Sed</strong></span> <span class='ocrx_word' id='word_1_162' title='bbox 2891 2659 2982 2709; x_wconf 91' lang='lat' dir='ltr'><strong>ne</strong></span> <span class='ocrx_word' id='word_1_163' title='bbox 3032 2637 3376 2733; x_wconf 90' lang='lat' dir='ltr'><strong>presentis</strong></span> <span class='ocrx_word' id='word_1_164' title='bbox 3426 2635 3718 2732; x_wconf 86' lang='lat' dir='ltr'><strong>epistole</strong></span> <span class='ocrx_word' id='word_1_165' title='bbox 3766 2646 3834 2710; x_wconf 90' lang='lat' dir='ltr'><strong>te</strong></span> 
     </span>
     <span class='ocr_line' id='line_1_18' title="bbox 1011 2760 3835 2855; baseline -0 -21"><span class='ocrx_word' id='word_1_166' title='bbox 1011 2764 1216 2835; x_wconf 90' lang='lat' dir='ltr'><strong>lectio</strong></span> <span class='ocrx_word' id='word_1_167' title='bbox 1253 2765 1461 2855; x_wconf 84' lang='lat' dir='ltr'><strong>longa</strong></span> <span class='ocrx_word' id='word_1_168' title='bbox 1488 2762 1848 2852; x_wconf 90' lang='lat' dir='ltr'><strong>detineat,</strong></span> <span class='ocrx_word' id='word_1_169' title='bbox 1902 2772 2043 2833; x_wconf 83' lang='lat' dir='ltr'><strong>tam</strong></span> <span class='ocrx_word' id='word_1_170' title='bbox 2075 2781 2288 2854; x_wconf 87' lang='lat' dir='ltr'><strong>super</strong></span> <span class='ocrx_word' id='word_1_171' title='bbox 2319 2761 2671 2855; x_wconf 90' lang='lat' dir='ltr'><strong>premissis</strong></span> <span class='ocrx_word' id='word_1_172' title='bbox 2711 2784 2921 2855; x_wconf 90' lang='lat' dir='ltr'><strong>quam</strong></span> <span class='ocrx_word' id='word_1_173' title='bbox 2969 2762 3122 2834; x_wconf 88' lang='lat' dir='ltr'><strong>aliis</strong></span> <span class='ocrx_word' id='word_1_174' title='bbox 3153 2760 3570 2834; x_wconf 84' lang='lat' dir='ltr'><strong>excellentie</strong></span> <span class='ocrx_word' id='word_1_175' title='bbox 3601 2771 3835 2833; x_wconf 90' lang='lat' dir='ltr'><strong>nostre</strong></span> 
     </span>
     <span class='ocr_line' id='line_1_19' title="bbox 1008 2883 3830 2980; baseline -0 -22"><span class='ocrx_word' id='word_1_176' title='bbox 1008 2887 1313 2958; x_wconf 88' lang='lat' dir='ltr'><strong>serviciis</strong></span> <span class='ocrx_word' id='word_1_177' title='bbox 1323 2937 1589 2958; x_wconf 91' lang='grc'><strong>.....</strong></span> <span class='ocrx_word' id='word_1_178' title='bbox 1632 2887 1924 2957; x_wconf 91' lang='lat' dir='ltr'><strong>latorem</strong></span> <span class='ocrx_word' id='word_1_179' title='bbox 1960 2883 2385 2980; x_wconf 89' lang='lat' dir='ltr'><strong>presentium</strong></span> <span class='ocrx_word' id='word_1_180' title='bbox 2408 2885 2501 2956; x_wconf 91' lang='lat' dir='ltr'><strong>ad</strong></span> <span class='ocrx_word' id='word_1_181' title='bbox 2529 2894 2597 2956; x_wconf 90' lang='lat' dir='ltr'><strong>te</strong></span> <span class='ocrx_word' id='word_1_182' title='bbox 2634 2885 3138 2958; x_wconf 87' lang='lat' dir='ltr'><strong>transmisimus</strong></span> <span class='ocrx_word' id='word_1_183' title='bbox 3165 2885 3618 2979; x_wconf 90' lang='lat' dir='ltr'><strong>interpretem</strong></span> <span class='ocrx_word' id='word_1_184' title='bbox 3646 2885 3830 2958; x_wconf 83' lang='lat' dir='ltr'><strong>veri·</strong></span> 
     </span>
     <span class='ocr_line' id='line_1_20' title="bbox 1012 2987 3829 3106; baseline 0 -24"><span class='ocrx_word' id='word_1_185' title='bbox 1012 3010 1202 3100; x_wconf 72' lang='lat' dir='ltr'><strong>tatis,</strong></span> <span class='ocrx_word' id='word_1_186' title='bbox 1263 3010 1376 3083; x_wconf 77' lang='lat' dir='ltr'><strong>cui</strong></span> <span class='ocrx_word' id='word_1_187' title='bbox 1416 3007 1631 3083; x_wconf 79' lang='lat' dir='ltr'><strong>fidem</strong></span> <span class='ocrx_word' id='word_1_188' title='bbox 1680 2987 2142 3082; x_wconf 70' lang='lat' dir='ltr'><strong>indubitatam</strong></span> <span class='ocrx_word' id='word_1_189' title='bbox 2169 3009 2504 3082; x_wconf 73' lang='lat' dir='ltr'><strong>adhibeas</strong></span> <span class='ocrx_word' id='word_1_190' title='bbox 2538 3005 2701 3106; x_wconf 81' lang='grc' dir='ltr'>[ιιι]</span> <span class='ocrx_word' id='word_1_191' title='bbox 2738 3033 2864 3106; x_wconf 79' lang='lat' dir='ltr'><strong>per</strong></span> <span class='ocrx_word' id='word_1_192' title='bbox 2899 3032 3060 3082; x_wconf 76' lang='lat' dir='ltr'><strong>eum</strong></span> <span class='ocrx_word' id='word_1_193' title='bbox 3102 3009 3225 3082; x_wconf 84' lang='lat' dir='ltr'><strong>tibi</strong></span> <span class='ocrx_word' id='word_1_194' title='bbox 3251 3009 3605 3106; x_wconf 84' lang='lat' dir='ltr'><strong>proposita</strong></span> <span class='ocrx_word' id='word_1_195' title='bbox 3639 3030 3829 3083; x_wconf 78' lang='lat' dir='ltr'><strong>oom-</strong></span> 
     </span>
     <span class='ocr_line' id='line_1_21' title="bbox 1009 3135 1355 3228; baseline 0 -24"><span class='ocrx_word' id='word_1_196' title='bbox 1009 3135 1355 3228; x_wconf 90' lang='lat' dir='ltr'><strong>pleantur.</strong></span> 
     </span>
    </p>
   </div>
   <div class='ocr_carea' id='block_1_3' title="bbox 1093 3356 2043 3439">
    <p class='ocr_par' dir='ltr' id='par_1_3' title="bbox 1093 3356 2043 3439">
     <span class='ocr_line' id='line_1_22' title="bbox 1093 3356 2043 3439; baseline -0.003 -17"><span class='ocrx_word' id='word_1_197' title='bbox 1093 3359 1178 3439; x_wconf 83' lang='lat' dir='ltr'><strong>(a)</strong></span> <span class='ocrx_word' id='word_1_198' title='bbox 1221 3364 1294 3422; x_wconf 92' lang='lat' dir='ltr'><strong>In</strong></span> <span class='ocrx_word' id='word_1_199' title='bbox 1320 3360 1521 3421; x_wconf 86' lang='lat' dir='ltr'><strong>codice</strong></span> <span class='ocrx_word' id='word_1_200' title='bbox 1552 3356 1837 3436; x_wconf 68' lang='lat' dir='ltr'><strong>carocltio,</strong></span> <span class='ocrx_word' id='word_1_201' title='bbox 1870 3360 2043 3420; x_wconf 81' lang='lat' dir='ltr'><strong>male.</strong></span> 
     </span>
    </p>
   </div>
  </div>
 </body>
</html>
