<?xml version="1.0" encoding="UTF-8"?>
<!DOCTYPE html PUBLIC "-//W3C//DTD XHTML 1.0 Transitional//EN"
    "http://www.w3.org/TR/xhtml1/DTD/xhtml1-transitional.dtd">
<html xmlns="http://www.w3.org/1999/xhtml" xml:lang="en" lang="en">
 <head>
  <title>
</title>
<meta http-equiv="Content-Type" content="text/html;charset=utf-8" />
  <meta name='ocr-system' content='tesseract 3.04.00' />
  <meta name='ocr-capabilities' content='ocr_page ocr_carea ocr_par ocr_line ocrx_word'/>
</head>
<body>
  <div class='ocr_page' id='page_1' title='image "./historiadiploma01empegoog_0033.png"; bbox 0 0 4525 6031; ppageno 0'>
   <div class='ocr_carea' id='block_1_1' title="bbox 636 605 3457 689">
    <p class='ocr_par' dir='ltr' id='par_1_1' title="bbox 636 605 3457 689">
     <span class='ocr_line' id='line_1_1' title="bbox 636 605 3457 689; baseline -0.004 -12"><span class='ocrx_word' id='word_1_1' title='bbox 636 614 839 677; x_wconf 68' lang='lat' dir='ltr'>Iunior.</span> <span class='ocrx_word' id='word_1_2' title='bbox 870 606 963 689; x_wconf 86' lang='lat'>6.]</span> <span class='ocrx_word' id='word_1_3' title='bbox 1518 608 1917 671; x_wconf 81' lang='lat' dir='ltr'>HISTORIA</span> <span class='ocrx_word' id='word_1_4' title='bbox 1966 608 2561 674; x_wconf 83' lang='lat' dir='ltr'><strong>DIPLOMATICA.</strong></span> <span class='ocrx_word' id='word_1_5' title='bbox 3332 605 3457 668; x_wconf 82' lang='lat'>573</span> 
     </span>
    </p>
   </div>
   <div class='ocr_carea' id='block_1_2' title="bbox 750 1208 3788 1319">
    <p class='ocr_par' dir='ltr' id='par_1_2' title="bbox 750 1208 3788 1319">
     <span class='ocr_line' id='line_1_2' title="bbox 750 1208 3788 1319; baseline -0.005 -19"><span class='ocrx_word' id='word_1_6' title='bbox 750 1215 933 1301; x_wconf 87' lang='lat' dir='ltr'>otto</span> <span class='ocrx_word' id='word_1_7' title='bbox 984 1239 1240 1296; x_wconf 88' lang='lat' dir='ltr'>comes</span> <span class='ocrx_word' id='word_1_8' title='bbox 1311 1208 1409 1295; x_wconf 91' lang='lat' dir='ltr'>de</span> <span class='ocrx_word' id='word_1_9' title='bbox 1477 1210 1871 1295; x_wconf 88' lang='lat' dir='ltr'>Eberstein</span> <span class='ocrx_word' id='word_1_10' title='bbox 1892 1273 1916 1319; x_wconf 86' lang='lat'>,</span> <span class='ocrx_word' id='word_1_11' title='bbox 1984 1209 2279 1319; x_wconf 89' lang='lat' dir='ltr'>imperii</span> <span class='ocrx_word' id='word_1_12' title='bbox 2343 1235 2477 1319; x_wconf 91' lang='lat' dir='ltr'>per</span> <span class='ocrx_word' id='word_1_13' title='bbox 2540 1209 2926 1292; x_wconf 86' lang='lat' dir='ltr'>Austriam</span> <span class='ocrx_word' id='word_1_14' title='bbox 2989 1218 3066 1290; x_wconf 90' lang='lat' dir='ltr'>et</span> <span class='ocrx_word' id='word_1_15' title='bbox 3134 1208 3464 1319; x_wconf 86' lang='lat' dir='ltr'>Styriam</span> <span class='ocrx_word' id='word_1_16' title='bbox 3603 1208 3788 1259; x_wconf 64' lang='lat'>“⁶¹¹²&#39;-</span> 
     </span>
    </p>
   </div>
   <div class='ocr_carea' id='block_1_3' title="bbox 634 1262 3842 1457">
    <p class='ocr_par' dir='ltr' id='par_1_3' title="bbox 634 1262 3842 1457">
     <span class='ocr_line' id='line_1_3' title="bbox 634 1262 3842 1457; baseline -0.01 -28"><span class='ocrx_word' id='word_1_17' title='bbox 634 1347 1083 1457; x_wconf 63' lang='lat' dir='ltr'>,capitaneus</span> <span class='ocrx_word' id='word_1_18' title='bbox 1128 1354 1203 1427; x_wconf 93' lang='lat' dir='ltr'>et</span> <span class='ocrx_word' id='word_1_19' title='bbox 1235 1352 1716 1454; x_wconf 86' lang='lat' dir='ltr'>procurator,</span> <span class='ocrx_word' id='word_1_20' title='bbox 1760 1340 2150 1452; x_wconf 87' lang='lat' dir='ltr'>judicibus</span> <span class='ocrx_word' id='word_1_21' title='bbox 2203 1342 2286 1423; x_wconf 93' lang='lat' dir='ltr'>in</span> <span class='ocrx_word' id='word_1_22' title='bbox 2336 1341 2442 1424; x_wconf 92' lang='lat' dir='ltr'>La</span> <span class='ocrx_word' id='word_1_23' title='bbox 2490 1352 2565 1424; x_wconf 90' lang='lat' dir='ltr'>et</span> <span class='ocrx_word' id='word_1_24' title='bbox 2598 1343 2677 1422; x_wconf 93' lang='lat' dir='ltr'>in</span> <span class='ocrx_word' id='word_1_25' title='bbox 2713 1340 2953 1425; x_wconf 90' lang='lat' dir='ltr'>Machl</span> <span class='ocrx_word' id='word_1_26' title='bbox 2962 1342 3115 1422; x_wconf 92' lang='lat' dir='ltr'>and</span> <span class='ocrx_word' id='word_1_27' title='bbox 3166 1350 3242 1422; x_wconf 93' lang='lat' dir='ltr'>et</span> <span class='ocrx_word' id='word_1_28' title='bbox 3289 1339 3468 1423; x_wconf 90' lang='lat' dir='ltr'>offi-</span> <span class='ocrx_word' id='word_1_29' title='bbox 3550 1262 3607 1306; x_wconf 58' lang='lat'>²³</span> <span class='ocrx_word' id='word_1_30' title='bbox 3632 1262 3842 1305; x_wconf 40' lang='lat' dir='ltr'>octobri*</span> 
     </span>
    </p>
   </div>
   <div class='ocr_carea' id='block_1_4' title="bbox 640 1474 3476 1719">
    <p class='ocr_par' dir='ltr' id='par_1_4' title="bbox 640 1474 3476 1719">
     <span class='ocr_line' id='line_1_4' title="bbox 645 1474 3472 1583; baseline -0.002 -22"><span class='ocrx_word' id='word_1_31' title='bbox 645 1478 817 1561; x_wconf 83' lang='lat' dir='ltr'>ciali</span> <span class='ocrx_word' id='word_1_32' title='bbox 867 1479 947 1559; x_wconf 93' lang='lat' dir='ltr'>in</span> <span class='ocrx_word' id='word_1_33' title='bbox 1006 1476 1586 1561; x_wconf 86' lang='lat' dir='ltr'>Strantzendorf</span> <span class='ocrx_word' id='word_1_34' title='bbox 1640 1476 1959 1558; x_wconf 92' lang='lat' dir='ltr'>mandat</span> <span class='ocrx_word' id='word_1_35' title='bbox 2011 1501 2109 1558; x_wconf 93' lang='lat' dir='ltr'>ne</span> <span class='ocrx_word' id='word_1_36' title='bbox 2153 1474 2394 1557; x_wconf 91' lang='lat' dir='ltr'>ullam</span> <span class='ocrx_word' id='word_1_37' title='bbox 2431 1474 3034 1583; x_wconf 86' lang='lat' dir='ltr'>jurisdictionem</span> <span class='ocrx_word' id='word_1_38' title='bbox 3089 1482 3219 1556; x_wconf 89' lang='lat' dir='ltr'>aut</span> <span class='ocrx_word' id='word_1_39' title='bbox 3282 1498 3472 1582; x_wconf 86' lang='lat' dir='ltr'>pro-</span> 
     </span>
     <span class='ocr_line' id='line_1_5' title="bbox 640 1604 3476 1719; baseline -0.001 -27"><span class='ocrx_word' id='word_1_40' title='bbox 640 1620 1013 1694; x_wconf 72' lang='lat' dir='ltr'>ventuum</span> <span class='ocrx_word' id='word_1_41' title='bbox 1047 1610 1552 1719; x_wconf 82' lang='lat' dir='ltr'>receptionem</span> <span class='ocrx_word' id='word_1_42' title='bbox 1596 1608 1678 1689; x_wconf 93' lang='lat' dir='ltr'>in</span> <span class='ocrx_word' id='word_1_43' title='bbox 1715 1608 2044 1718; x_wconf 89' lang='lat' dir='ltr'>praediis</span> <span class='ocrx_word' id='word_1_44' title='bbox 2081 1607 2440 1690; x_wconf 90' lang='lat' dir='ltr'>ecclesiae</span> <span class='ocrx_word' id='word_1_45' title='bbox 2486 1608 2741 1690; x_wconf 82' lang='lat' dir='ltr'>Sancti</span> <span class='ocrx_word' id='word_1_46' title='bbox 2776 1607 3084 1690; x_wconf 80' lang='lat' dir='ltr'>loannis</span> <span class='ocrx_word' id='word_1_47' title='bbox 3132 1607 3210 1687; x_wconf 93' lang='lat' dir='ltr'>in</span> <span class='ocrx_word' id='word_1_48' title='bbox 3245 1604 3476 1690; x_wconf 90' lang='lat' dir='ltr'>Wal-</span> 
     </span>
    </p>
   </div>
   <div class='ocr_carea' id='block_1_5' title="bbox 644 1739 3473 1984">
    <p class='ocr_par' dir='ltr' id='par_1_5' title="bbox 644 1739 3473 1984">
     <span class='ocr_line' id='line_1_6' title="bbox 644 1739 3473 1851; baseline -0 -26"><span class='ocrx_word' id='word_1_49' title='bbox 644 1742 921 1826; x_wconf 88' lang='lat' dir='ltr'>thusen</span> <span class='ocrx_word' id='word_1_50' title='bbox 992 1753 1259 1826; x_wconf 87' lang='lat' dir='ltr'>contra</span> <span class='ocrx_word' id='word_1_51' title='bbox 1336 1741 1823 1851; x_wconf 77' lang='lat' dir='ltr'>privilegiam</span> <span class='ocrx_word' id='word_1_52' title='bbox 1897 1768 1942 1822; x_wconf 91' lang='lat' dir='ltr'>a</span> <span class='ocrx_word' id='word_1_53' title='bbox 2003 1740 2385 1823; x_wconf 88' lang='lat' dir='ltr'>Friderico</span> <span class='ocrx_word' id='word_1_54' title='bbox 2439 1742 2832 1850; x_wconf 93' lang='lat' dir='ltr'>quondam</span> <span class='ocrx_word' id='word_1_55' title='bbox 2878 1739 3229 1822; x_wconf 87' lang='lat' dir='ltr'>Austriae</span> <span class='ocrx_word' id='word_1_56' title='bbox 3277 1741 3473 1824; x_wconf 87' lang='lat' dir='ltr'>duce</span> 
     </span>
     <span class='ocr_line' id='line_1_7' title="bbox 654 1866 3382 1984; baseline -0 -29"><span class='ocrx_word' id='word_1_57' title='bbox 654 1870 1043 1958; x_wconf 91' lang='lat' dir='ltr'>indultum</span> <span class='ocrx_word' id='word_1_58' title='bbox 1078 1874 1510 1984; x_wconf 80' lang='lat' dir='ltr'>aliqualiter</span> <span class='ocrx_word' id='word_1_59' title='bbox 1545 1872 1929 1956; x_wconf 83' lang='lat' dir='ltr'>vindicare</span> <span class='ocrx_word' id='word_1_60' title='bbox 1966 1884 2482 1982; x_wconf 87' lang='lat' dir='ltr'>praesumant.</span> <span class='ocrx_word' id='word_1_61' title='bbox 3375 1866 3382 1872; x_wconf 70' lang='grc'><strong>’</strong></span> 
     </span>
    </p>
   </div>
   <div class='ocr_carea' id='block_1_6' title="bbox 815 2078 3480 2299">
    <p class='ocr_par' dir='ltr' id='par_1_6' title="bbox 815 2078 3480 2299">
     <span class='ocr_line' id='line_1_8' title="bbox 815 2078 3480 2196; baseline 0 -20"><span class='ocrx_word' id='word_1_62' title='bbox 815 2115 1019 2196; x_wconf 85' lang='lat' dir='ltr'>(Edid.</span> <span class='ocrx_word' id='word_1_63' title='bbox 1041 2078 1237 2195; x_wconf 75' lang='lat' dir='ltr'>Kuaz‚</span> <span class='ocrx_word' id='word_1_64' title='bbox 1265 2115 1554 2195; x_wconf 77' lang='lat' dir='ltr'>Beytriiqe</span> <span class='ocrx_word' id='word_1_65' title='bbox 1572 2132 1685 2175; x_wconf 73' lang='lat' dir='ltr'>zm·</span> <span class='ocrx_word' id='word_1_66' title='bbox 1715 2112 2037 2176; x_wconf 67' lang='lat' dir='ltr'>Gescleiclzte</span> <span class='ocrx_word' id='word_1_67' title='bbox 2063 2112 2168 2175; x_wconf 80' lang='lat' dir='ltr'>der</span> <span class='ocrx_word' id='word_1_68' title='bbox 2195 2111 2361 2175; x_wconf 79' lang='lat' dir='ltr'>land.</span> <span class='ocrx_word' id='word_1_69' title='bbox 2377 2121 2612 2177; x_wconf 72' lang='lat' dir='ltr'>oesterr.</span> <span class='ocrx_word' id='word_1_70' title='bbox 2633 2113 3031 2192; x_wconf 62' lang='lat' dir='ltr'>abdet-Eum,</span> <span class='ocrx_word' id='word_1_71' title='bbox 3049 2122 3099 2178; x_wconf 91' lang='lat' dir='ltr'>t.</span> <span class='ocrx_word' id='word_1_72' title='bbox 3121 2114 3231 2195; x_wconf 88' lang='lat' dir='ltr'>IV,</span> <span class='ocrx_word' id='word_1_73' title='bbox 3251 2133 3311 2194; x_wconf 88' lang='lat' dir='ltr'>p.</span> <span class='ocrx_word' id='word_1_74' title='bbox 3339 2124 3480 2189; x_wconf 78' lang='lat'><strong>460,</strong></span> 
     </span>
     <span class='ocr_line' id='line_1_9' title="bbox 894 2220 1936 2299; baseline -0.002 -18"><span class='ocrx_word' id='word_1_75' title='bbox 894 2232 962 2281; x_wconf 84' lang='lat' dir='ltr'>n⁰</span> <span class='ocrx_word' id='word_1_76' title='bbox 989 2223 1157 2299; x_wconf 86' lang='lat' dir='ltr'>XVI,</span> <span class='ocrx_word' id='word_1_77' title='bbox 1184 2237 1262 2281; x_wconf 84' lang='lat' dir='ltr'>ex</span> <span class='ocrx_word' id='word_1_78' title='bbox 1289 2222 1424 2282; x_wconf 88' lang='lat' dir='ltr'>cod.</span> <span class='ocrx_word' id='word_1_79' title='bbox 1452 2222 1604 2282; x_wconf 85' lang='lat' dir='ltr'>trad.</span> <span class='ocrx_word' id='word_1_80' title='bbox 1633 2238 1751 2283; x_wconf 87' lang='lat' dir='ltr'>sec.</span> <span class='ocrx_word' id='word_1_81' title='bbox 1774 2220 1936 2299; x_wconf 86' lang='lat' dir='ltr'>XV.)</span> 
     </span>
    </p>
   </div>
   <div class='ocr_carea' id='block_1_7' title="bbox 656 2432 3503 3395">
    <p class='ocr_par' dir='ltr' id='par_1_7' title="bbox 656 2432 3503 3395">
     <span class='ocr_line' id='line_1_10' title="bbox 755 2432 3488 2529; baseline 0 -24"><span class='ocrx_word' id='word_1_82' title='bbox 755 2434 917 2505; x_wconf 87' lang='lat' dir='ltr'>Otto</span> <span class='ocrx_word' id='word_1_83' title='bbox 945 2454 1181 2505; x_wconf 91' lang='lat' dir='ltr'>comes</span> <span class='ocrx_word' id='word_1_84' title='bbox 1207 2434 1298 2506; x_wconf 91' lang='lat' dir='ltr'>de</span> <span class='ocrx_word' id='word_1_85' title='bbox 1330 2433 1918 2523; x_wconf 87' lang='lat' dir='ltr'>Eberstein‚sacri</span> <span class='ocrx_word' id='word_1_86' title='bbox 1954 2432 2227 2527; x_wconf 91' lang='lat' dir='ltr'>imperii</span> <span class='ocrx_word' id='word_1_87' title='bbox 2259 2453 2390 2527; x_wconf 91' lang='lat' dir='ltr'>per</span> <span class='ocrx_word' id='word_1_88' title='bbox 2418 2432 2768 2504; x_wconf 88' lang='lat' dir='ltr'>Austriam</span> <span class='ocrx_word' id='word_1_89' title='bbox 2796 2442 2867 2503; x_wconf 91' lang='lat' dir='ltr'>et</span> <span class='ocrx_word' id='word_1_90' title='bbox 2897 2434 3196 2527; x_wconf 77' lang='lat' dir='ltr'>Styriam</span> <span class='ocrx_word' id='word_1_91' title='bbox 3224 2435 3488 2529; x_wconf 79' lang='lat' dir='ltr'>capita·</span> 
     </span>
     <span class='ocr_line' id='line_1_11' title="bbox 656 2554 3491 2651; baseline 0.001 -24"><span class='ocrx_word' id='word_1_92' title='bbox 656 2577 835 2627; x_wconf 89' lang='lat' dir='ltr'>neus</span> <span class='ocrx_word' id='word_1_93' title='bbox 862 2566 933 2628; x_wconf 92' lang='lat' dir='ltr'>et</span> <span class='ocrx_word' id='word_1_94' title='bbox 958 2565 1367 2651; x_wconf 86' lang='lat' dir='ltr'>procurator</span> <span class='ocrx_word' id='word_1_95' title='bbox 1381 2554 1512 2651; x_wconf 75' lang='lat'><strong>(⁴),</strong></span> <span class='ocrx_word' id='word_1_96' title='bbox 1527 2556 1879 2647; x_wconf 88' lang='lat' dir='ltr'>judicibus</span> <span class='ocrx_word' id='word_1_97' title='bbox 1907 2556 1979 2626; x_wconf 88' lang='lat' dir='ltr'>in</span> <span class='ocrx_word' id='word_1_98' title='bbox 2009 2558 2105 2627; x_wconf 92' lang='lat' dir='ltr'>La</span> <span class='ocrx_word' id='word_1_99' title='bbox 2134 2555 2303 2626; x_wconf 89' lang='lat' dir='ltr'>etin</span> <span class='ocrx_word' id='word_1_100' title='bbox 2328 2554 2697 2630; x_wconf 87' lang='lat' dir='ltr'>Machland</span> <span class='ocrx_word' id='word_1_101' title='bbox 2727 2565 2798 2627; x_wconf 91' lang='lat' dir='ltr'>et</span> <span class='ocrx_word' id='word_1_102' title='bbox 2825 2556 3099 2629; x_wconf 89' lang='lat' dir='ltr'>officiali</span> <span class='ocrx_word' id='word_1_103' title='bbox 3123 2558 3193 2628; x_wconf 91' lang='lat' dir='ltr'>in</span> <span class='ocrx_word' id='word_1_104' title='bbox 3223 2559 3491 2630; x_wconf 74' lang='lat' dir='ltr'>Str-ant·</span> 
     </span>
     <span class='ocr_line' id='line_1_12' title="bbox 659 2679 3495 2774; baseline 0.001 -24"><span class='ocrx_word' id='word_1_105' title='bbox 659 2679 955 2751; x_wconf 78' lang='lat' dir='ltr'>zendorf</span> <span class='ocrx_word' id='word_1_106' title='bbox 990 2681 1287 2752; x_wconf 89' lang='lat' dir='ltr'>salutem</span> <span class='ocrx_word' id='word_1_107' title='bbox 1333 2689 1404 2751; x_wconf 91' lang='lat' dir='ltr'>et</span> <span class='ocrx_word' id='word_1_108' title='bbox 1449 2702 1657 2752; x_wconf 91' lang='lat' dir='ltr'>omne</span> <span class='ocrx_word' id='word_1_109' title='bbox 1706 2681 1996 2753; x_wconf 90' lang='lat' dir='ltr'>bonum.</span> <span class='ocrx_word' id='word_1_110' title='bbox 2033 2680 2446 2754; x_wconf 87' lang='lat' dir='ltr'>Mandamus</span> <span class='ocrx_word' id='word_1_111' title='bbox 2475 2680 2676 2752; x_wconf 87' lang='lat' dir='ltr'>vohis</span> <span class='ocrx_word' id='word_1_112' title='bbox 2713 2680 3122 2752; x_wconf 86' lang='lat' dir='ltr'>auctoritate</span> <span class='ocrx_word' id='word_1_113' title='bbox 3154 2680 3495 2774; x_wconf 90' lang='lat' dir='ltr'>imperiali</span> 
     </span>
     <span class='ocr_line' id='line_1_13' title="bbox 658 2803 3494 2900; baseline 0 -24"><span class='ocrx_word' id='word_1_114' title='bbox 658 2803 1125 2900; x_wconf 85' lang='lat' dir='ltr'>precipientes</span> <span class='ocrx_word' id='word_1_115' title='bbox 1158 2812 1232 2874; x_wconf 90' lang='lat' dir='ltr'>et</span> <span class='ocrx_word' id='word_1_116' title='bbox 1257 2813 1494 2875; x_wconf 87' lang='lat' dir='ltr'>nostra</span> <span class='ocrx_word' id='word_1_117' title='bbox 1524 2813 1872 2898; x_wconf 88' lang='lat' dir='ltr'>quatenus</span> <span class='ocrx_word' id='word_1_118' title='bbox 1901 2804 2102 2876; x_wconf 88' lang='lat' dir='ltr'>vohis</span> <span class='ocrx_word' id='word_1_119' title='bbox 2137 2804 2403 2875; x_wconf 88' lang='lat' dir='ltr'>nullam</span> <span class='ocrx_word' id='word_1_120' title='bbox 2437 2803 2993 2895; x_wconf 83' lang='lat' dir='ltr'>jurisdictionem</span> <span class='ocrx_word' id='word_1_121' title='bbox 3033 2812 3156 2874; x_wconf 92' lang='lat' dir='ltr'>aut</span> <span class='ocrx_word' id='word_1_122' title='bbox 3188 2825 3494 2898; x_wconf 89' lang='lat' dir='ltr'>proven·</span> 
     </span>
     <span class='ocr_line' id='line_1_14' title="bbox 665 2926 3500 3023; baseline 0.001 -26"><span class='ocrx_word' id='word_1_123' title='bbox 665 2936 862 2998; x_wconf 90' lang='lat' dir='ltr'>tuum</span> <span class='ocrx_word' id='word_1_124' title='bbox 891 2927 1362 3020; x_wconf 87' lang='lat' dir='ltr'>receptionem</span> <span class='ocrx_word' id='word_1_125' title='bbox 1390 2949 1516 2999; x_wconf 92' lang='lat' dir='ltr'>seu</span> <span class='ocrx_word' id='word_1_126' title='bbox 1546 2927 1986 2999; x_wconf 82' lang='lat' dir='ltr'>exactionem</span> <span class='ocrx_word' id='word_1_127' title='bbox 2010 2927 2083 2997; x_wconf 90' lang='lat' dir='ltr'>in</span> <span class='ocrx_word' id='word_1_128' title='bbox 2116 2926 2377 3022; x_wconf 91' lang='lat' dir='ltr'>prediis</span> <span class='ocrx_word' id='word_1_129' title='bbox 2412 2926 2702 2998; x_wconf 82' lang='lat' dir='ltr'>ecclesie</span> <span class='ocrx_word' id='word_1_130' title='bbox 2744 2926 2975 2997; x_wconf 87' lang='lat' dir='ltr'>Sancti</span> <span class='ocrx_word' id='word_1_131' title='bbox 3012 2928 3295 2999; x_wconf 80' lang='lat' dir='ltr'>Ioannis</span> <span class='ocrx_word' id='word_1_132' title='bbox 3332 2949 3500 3023; x_wconf 89' lang='lat' dir='ltr'>apo-</span> 
     </span>
     <span class='ocr_line' id='line_1_15' title="bbox 667 3030 3500 3146; baseline 0.001 -24"><span class='ocrx_word' id='word_1_133' title='bbox 667 3051 825 3123; x_wconf 90' lang='lat' dir='ltr'>stoli</span> <span class='ocrx_word' id='word_1_134' title='bbox 853 3060 924 3123; x_wconf 92' lang='lat' dir='ltr'>et</span> <span class='ocrx_word' id='word_1_135' title='bbox 948 3052 1372 3142; x_wconf 69' lang='lat' dir='ltr'>evangeliste</span> <span class='ocrx_word' id='word_1_136' title='bbox 1404 3052 1476 3124; x_wconf 90' lang='lat' dir='ltr'>in</span> <span class='ocrx_word' id='word_1_137' title='bbox 1503 3051 1915 3123; x_wconf 90' lang='lat' dir='ltr'>Walthusen</span> <span class='ocrx_word' id='word_1_138' title='bbox 1943 3052 2338 3144; x_wconf 84' lang='lat' dir='ltr'>aliqualiter</span> <span class='ocrx_word' id='word_1_139' title='bbox 2366 3052 2747 3124; x_wconf 88' lang='lat' dir='ltr'>vendicetis</span> <span class='ocrx_word' id='word_1_140' title='bbox 2770 3105 2791 3141; x_wconf 89' lang='lat'>‚</span> <span class='ocrx_word' id='word_1_141' title='bbox 2824 3030 3207 3124; x_wconf 86' lang='lat' dir='ltr'>secundum</span> <span class='ocrx_word' id='word_1_142' title='bbox 3239 3052 3431 3146; x_wconf 89' lang='lat' dir='ltr'>quod</span> <span class='ocrx_word' id='word_1_143' title='bbox 3455 3074 3500 3125; x_wconf 88' lang='lat' dir='ltr'>a</span> 
     </span>
     <span class='ocr_line' id='line_1_16' title="bbox 669 3174 3502 3273; baseline 0.001 -27"><span class='ocrx_word' id='word_1_144' title='bbox 669 3175 1027 3267; x_wconf 88' lang='lat' dir='ltr'>quondam</span> <span class='ocrx_word' id='word_1_145' title='bbox 1084 3174 1262 3246; x_wconf 89' lang='lat' dir='ltr'>duce</span> <span class='ocrx_word' id='word_1_146' title='bbox 1308 3174 1584 3247; x_wconf 88' lang='lat' dir='ltr'>Austrie</span> <span class='ocrx_word' id='word_1_147' title='bbox 1636 3175 1983 3247; x_wconf 90' lang='lat' dir='ltr'>Friderico</span> <span class='ocrx_word' id='word_1_148' title='bbox 2031 3175 2381 3249; x_wconf 87' lang='lat' dir='ltr'>indultum</span> <span class='ocrx_word' id='word_1_149' title='bbox 2420 3176 2555 3247; x_wconf 84' lang='lat' dir='ltr'>fuit</span> <span class='ocrx_word' id='word_1_150' title='bbox 2597 3176 2859 3267; x_wconf 90' lang='lat' dir='ltr'>eidem,</span> <span class='ocrx_word' id='word_1_151' title='bbox 2905 3187 3114 3271; x_wconf 90' lang='lat' dir='ltr'>prout</span> <span class='ocrx_word' id='word_1_152' title='bbox 3163 3177 3235 3247; x_wconf 87' lang='lat' dir='ltr'>in</span> <span class='ocrx_word' id='word_1_153' title='bbox 3285 3177 3502 3273; x_wconf 89' lang='lat' dir='ltr'>ipsius</span> 
     </span>
     <span class='ocr_line' id='line_1_17' title="bbox 671 3298 3503 3395; baseline 0.001 -26"><span class='ocrx_word' id='word_1_154' title='bbox 671 3298 1037 3393; x_wconf 83' lang='lat' dir='ltr'>privilegio</span> <span class='ocrx_word' id='word_1_155' title='bbox 1080 3299 1354 3393; x_wconf 89' lang='lat' dir='ltr'>plenius</span> <span class='ocrx_word' id='word_1_156' title='bbox 1405 3298 1827 3371; x_wconf 87' lang='lat' dir='ltr'>continetur.</span> <span class='ocrx_word' id='word_1_157' title='bbox 1880 3299 2014 3384; x_wconf 89' lang='lat' dir='ltr'>Qui</span> <span class='ocrx_word' id='word_1_158' title='bbox 2059 3308 2295 3370; x_wconf 89' lang='lat' dir='ltr'>autem</span> <span class='ocrx_word' id='word_1_159' title='bbox 2347 3309 2589 3372; x_wconf 87' lang='lat' dir='ltr'>contra</span> <span class='ocrx_word' id='word_1_160' title='bbox 2645 3309 2957 3372; x_wconf 89' lang='lat' dir='ltr'>tenorem</span> <span class='ocrx_word' id='word_1_161' title='bbox 3010 3300 3218 3391; x_wconf 88' lang='lat' dir='ltr'>hujus</span> <span class='ocrx_word' id='word_1_162' title='bbox 3266 3302 3503 3395; x_wconf 90' lang='lat' dir='ltr'>scripti</span> 
     </span>
    </p>
   </div>
   <div class='ocr_carea' id='block_1_8' title="bbox 670 3421 3506 3616">
    <p class='ocr_par' dir='ltr' id='par_1_8' title="bbox 670 3421 3506 3616">
     <span class='ocr_line' id='line_1_18' title="bbox 670 3421 3506 3517; baseline -0 -21"><span class='ocrx_word' id='word_1_163' title='bbox 670 3421 911 3496; x_wconf 83' lang='lat' dir='ltr'>venire</span> <span class='ocrx_word' id='word_1_164' title='bbox 939 3422 1466 3516; x_wconf 86' lang='lat' dir='ltr'>presumpserit,</span> <span class='ocrx_word' id='word_1_165' title='bbox 1491 3422 1824 3495; x_wconf 89' lang='lat' dir='ltr'>offensam</span> <span class='ocrx_word' id='word_1_166' title='bbox 1861 3422 2301 3517; x_wconf 87' lang='lat' dir='ltr'>imperatorie</span> <span class='ocrx_word' id='word_1_167' title='bbox 2334 3424 2714 3515; x_wconf 87' lang='lat' dir='ltr'>majestatis</span> <span class='ocrx_word' id='word_1_168' title='bbox 2743 3434 2813 3495; x_wconf 90' lang='lat' dir='ltr'>et</span> <span class='ocrx_word' id='word_1_169' title='bbox 2838 3434 3147 3496; x_wconf 88' lang='lat' dir='ltr'>nostram</span> <span class='ocrx_word' id='word_1_170' title='bbox 3179 3445 3254 3496; x_wconf 91' lang='lat' dir='ltr'>se</span> <span class='ocrx_word' id='word_1_171' title='bbox 3290 3444 3506 3496; x_wconf 88' lang='lat' dir='ltr'>nove·</span> 
     </span>
     <span class='ocr_line' id='line_1_19' title="bbox 672 3544 1266 3616; baseline 0 -2"><span class='ocrx_word' id='word_1_172' title='bbox 672 3544 767 3614; x_wconf 91' lang='lat' dir='ltr'>rit</span> <span class='ocrx_word' id='word_1_173' title='bbox 797 3544 1266 3616; x_wconf 90' lang='lat' dir='ltr'>incursurum.</span> 
     </span>
    </p>
   </div>
   <div class='ocr_carea' id='block_1_9' title="bbox 676 3629 3501 3882">
    <p class='ocr_par' dir='ltr' id='par_1_9' title="bbox 676 3629 3501 3882">
     <span class='ocr_line' id='line_1_20' title="bbox 771 3629 3501 3763; baseline 0.001 -23"><span class='ocrx_word' id='word_1_174' title='bbox 771 3670 1026 3740; x_wconf 88' lang='lat' dir='ltr'>Datum</span> <span class='ocrx_word' id='word_1_175' title='bbox 1072 3678 1243 3763; x_wconf 90' lang='lat' dir='ltr'>aput</span> <span class='ocrx_word' id='word_1_176' title='bbox 1282 3668 1568 3759; x_wconf 76' lang='lat' dir='ltr'>CremiS‚</span> <span class='ocrx_word' id='word_1_177' title='bbox 1603 3690 1791 3741; x_wconf 90' lang='lat' dir='ltr'>anno</span> <span class='ocrx_word' id='word_1_178' title='bbox 1831 3629 2108 3741; x_wconf 84' lang='lat' dir='ltr'>Domini</span> <span class='ocrx_word' id='word_1_179' title='bbox 2146 3670 2242 3741; x_wconf 89' lang='lat' dir='ltr'>M.</span> <span class='ocrx_word' id='word_1_180' title='bbox 2273 3670 2395 3743; x_wconf 91' lang='lat' dir='ltr'>CC.</span> <span class='ocrx_word' id='word_1_181' title='bbox 2424 3671 2687 3760; x_wconf 88' lang='lat' dir='ltr'><strong>XLVII,</strong></span> <span class='ocrx_word' id='word_1_182' title='bbox 2728 3672 2796 3743; x_wconf 92' lang='lat' dir='ltr'>X</span> <span class='ocrx_word' id='word_1_183' title='bbox 2839 3669 3174 3743; x_wconf 83' lang='lat' dir='ltr'>kalendas</span> <span class='ocrx_word' id='word_1_184' title='bbox 3213 3693 3501 3743; x_wconf 88' lang='lat' dir='ltr'>novem·</span> 
     </span>
     <span class='ocr_line' id='line_1_21' title="bbox 676 3791 1426 3882; baseline 0 -20"><span class='ocrx_word' id='word_1_185' title='bbox 676 3791 847 3882; x_wconf 89' lang='lat' dir='ltr'>bris,</span> <span class='ocrx_word' id='word_1_186' title='bbox 884 3792 974 3863; x_wconf 85' lang='lat' dir='ltr'>VI</span> <span class='ocrx_word' id='word_1_187' title='bbox 1002 3791 1426 3862; x_wconf 78' lang='lat' dir='ltr'>indictionis,</span> 
     </span>
    </p>
   </div>
   <div class='ocr_carea' id='block_1_10' title="bbox 681 4095 3506 4559">
    <p class='ocr_par' dir='ltr' id='par_1_10' title="bbox 681 4095 3506 4559">
     <span class='ocr_line' id='line_1_22' title="bbox 740 4095 3501 4171; baseline 0.003 -21"><span class='ocrx_word' id='word_1_188' title='bbox 740 4095 810 4168; x_wconf 83' lang='grc'>(4)</span> <span class='ocrx_word' id='word_1_189' title='bbox 842 4095 955 4153; x_wconf 77' lang='lat' dir='ltr'>Hoc</span> <span class='ocrx_word' id='word_1_190' title='bbox 980 4097 1171 4153; x_wconf 88' lang='lat' dir='ltr'>eodem</span> <span class='ocrx_word' id='word_1_191' title='bbox 1197 4095 1387 4160; x_wconf 82' lang='lat' dir='ltr'>officio,</span> <span class='ocrx_word' id='word_1_192' title='bbox 1420 4111 1558 4153; x_wconf 90' lang='lat' dir='ltr'>anno</span> <span class='ocrx_word' id='word_1_193' title='bbox 1584 4097 1830 4169; x_wconf 83' lang='lat' dir='ltr'>sequenti</span> <span class='ocrx_word' id='word_1_194' title='bbox 1856 4098 1993 4153; x_wconf 76' lang='grc'><strong>4248</strong></span> <span class='ocrx_word' id='word_1_195' title='bbox 2019 4102 2138 4168; x_wconf 88' lang='lat' dir='ltr'>post</span> <span class='ocrx_word' id='word_1_196' title='bbox 2159 4096 2372 4169; x_wconf 58' lang='lat' dir='ltr'>,iunium</span> <span class='ocrx_word' id='word_1_197' title='bbox 2398 4111 2659 4167; x_wconf 83' lang='lat' dir='ltr'>mensem,</span> <span class='ocrx_word' id='word_1_198' title='bbox 2685 4096 2791 4152; x_wconf 86' lang='lat' dir='ltr'>dux</span> <span class='ocrx_word' id='word_1_199' title='bbox 2818 4096 2932 4169; x_wconf 89' lang='lat' dir='ltr'>ipse</span> <span class='ocrx_word' id='word_1_200' title='bbox 2954 4099 3211 4154; x_wconf 84' lang='lat' dir='ltr'>Bavariae</span> <span class='ocrx_word' id='word_1_201' title='bbox 3240 4098 3501 4171; x_wconf 79' lang='lat' dir='ltr'>fungeba-</span> 
     </span>
     <span class='ocr_line' id='line_1_23' title="bbox 681 4192 3503 4271; baseline 0.001 -22"><span class='ocrx_word' id='word_1_202' title='bbox 681 4197 790 4265; x_wconf 85' lang='lat' dir='ltr'>tur,</span> <span class='ocrx_word' id='word_1_203' title='bbox 817 4192 959 4249; x_wconf 84' lang='lat' dir='ltr'>sicut</span> <span class='ocrx_word' id='word_1_204' title='bbox 983 4208 1052 4248; x_wconf 84' lang='lat' dir='ltr'>ex</span> <span class='ocrx_word' id='word_1_205' title='bbox 1076 4192 1242 4249; x_wconf 82' lang='lat' dir='ltr'>variis</span> <span class='ocrx_word' id='word_1_206' title='bbox 1278 4192 1614 4250; x_wconf 80' lang='lat' dir='ltr'>documentis</span> <span class='ocrx_word' id='word_1_207' title='bbox 1646 4192 2027 4266; x_wconf 85' lang='lat' dir='ltr'>comperimus.</span> <span class='ocrx_word' id='word_1_208' title='bbox 2062 4193 2300 4263; x_wconf 90' lang='lat' dir='ltr'>Quorum</span> <span class='ocrx_word' id='word_1_209' title='bbox 2342 4208 2507 4247; x_wconf 89' lang='lat' dir='ltr'>unum</span> <span class='ocrx_word' id='word_1_210' title='bbox 2544 4192 2708 4248; x_wconf 78' lang='lat' dir='ltr'>refert</span> <span class='ocrx_word' id='word_1_211' title='bbox 2737 4192 2941 4264; x_wconf 69' lang='lat' dir='ltr'>Srutz,</span> <span class='ocrx_word' id='word_1_212' title='bbox 2982 4196 3039 4250; x_wconf 85' lang='lat' dir='ltr'><strong><em>K</em></strong></span> <span class='ocrx_word' id='word_1_213' title='bbox 3039 4193 3158 4250; x_wconf 74' lang='lat' dir='ltr'>lost.</span> <span class='ocrx_word' id='word_1_214' title='bbox 3204 4195 3503 4271; x_wconf 70' lang='lat' dir='ltr'>Wilherinq</span> 
     </span>
     <span class='ocr_line' id='line_1_24' title="bbox 683 4288 3506 4363; baseline 0.002 -18"><span class='ocrx_word' id='word_1_215' title='bbox 683 4288 948 4361; x_wconf 67' lang='lat' dir='ltr'>urkund„</span> <span class='ocrx_word' id='word_1_216' title='bbox 978 4298 1043 4345; x_wconf 75' lang='lat'>11⁰</span> <span class='ocrx_word' id='word_1_217' title='bbox 1067 4291 1159 4360; x_wconf 70' lang='lat'>42,</span> <span class='ocrx_word' id='word_1_218' title='bbox 1186 4289 1377 4346; x_wconf 88' lang='lat' dir='ltr'>datum</span> <span class='ocrx_word' id='word_1_219' title='bbox 1404 4290 1544 4363; x_wconf 87' lang='lat' dir='ltr'>apud</span> <span class='ocrx_word' id='word_1_220' title='bbox 1572 4288 1726 4360; x_wconf 89' lang='lat' dir='ltr'>Linz,</span> <span class='ocrx_word' id='word_1_221' title='bbox 1759 4292 1827 4347; x_wconf 76' lang='grc'>42</span> <span class='ocrx_word' id='word_1_222' title='bbox 1856 4289 2157 4346; x_wconf 87' lang='lat' dir='ltr'>decembris</span> <span class='ocrx_word' id='word_1_223' title='bbox 2185 4291 2347 4360; x_wconf 75' lang='grc'><strong>4248,</strong></span> <span class='ocrx_word' id='word_1_224' title='bbox 2377 4305 2484 4361; x_wconf 88' lang='lat' dir='ltr'>quo</span> <span class='ocrx_word' id='word_1_225' title='bbox 2513 4290 2622 4346; x_wconf 83' lang='lat' dir='ltr'>dux</span> <span class='ocrx_word' id='word_1_226' title='bbox 2654 4289 2782 4347; x_wconf 88' lang='lat' dir='ltr'>Otto</span> <span class='ocrx_word' id='word_1_227' title='bbox 2812 4290 3072 4363; x_wconf 86' lang='lat' dir='ltr'>praecipit</span> <span class='ocrx_word' id='word_1_228' title='bbox 3099 4292 3352 4350; x_wconf 89' lang='lat' dir='ltr'>omnibus</span> <span class='ocrx_word' id='word_1_229' title='bbox 3376 4309 3506 4351; x_wconf 85' lang='lat' dir='ltr'>mu-</span> 
     </span>
     <span class='ocr_line' id='line_1_25' title="bbox 685 4386 3504 4465; baseline 0.002 -23"><span class='ocrx_word' id='word_1_230' title='bbox 685 4386 909 4443; x_wconf 85' lang='lat' dir='ltr'>tenariis</span> <span class='ocrx_word' id='word_1_231' title='bbox 935 4391 990 4444; x_wconf 88' lang='lat' dir='ltr'>et</span> <span class='ocrx_word' id='word_1_232' title='bbox 1027 4386 1367 4444; x_wconf 85' lang='lat' dir='ltr'>theloneariis</span> <span class='ocrx_word' id='word_1_233' title='bbox 1403 4387 1460 4444; x_wconf 88' lang='lat' dir='ltr'>in</span> <span class='ocrx_word' id='word_1_234' title='bbox 1488 4386 1733 4459; x_wconf 85' lang='lat' dir='ltr'>partibus</span> <span class='ocrx_word' id='word_1_235' title='bbox 1769 4394 1941 4444; x_wconf 89' lang='lat' dir='ltr'>terrae</span> <span class='ocrx_word' id='word_1_236' title='bbox 1975 4387 2225 4443; x_wconf 87' lang='lat' dir='ltr'>Austriae</span> <span class='ocrx_word' id='word_1_237' title='bbox 2260 4393 2322 4443; x_wconf 91' lang='lat' dir='ltr'>ut</span> <span class='ocrx_word' id='word_1_238' title='bbox 2355 4386 2483 4442; x_wconf 85' lang='lat' dir='ltr'>nihil</span> <span class='ocrx_word' id='word_1_239' title='bbox 2525 4386 2743 4459; x_wconf 81' lang='lat' dir='ltr'>exigant</span> <span class='ocrx_word' id='word_1_240' title='bbox 2781 4393 2967 4445; x_wconf 86' lang='lat' dir='ltr'>contra</span> <span class='ocrx_word' id='word_1_241' title='bbox 3004 4394 3244 4447; x_wconf 86' lang='lat' dir='ltr'>tenorem</span> <span class='ocrx_word' id='word_1_242' title='bbox 3280 4391 3504 4465; x_wconf 86' lang='lat' dir='ltr'>privile·</span> 
     </span>
     <span class='ocr_line' id='line_1_26' title="bbox 687 4481 3195 4559; baseline 0.001 -18"><span class='ocrx_word' id='word_1_243' title='bbox 687 4481 897 4554; x_wconf 87' lang='lat' dir='ltr'>giorum</span> <span class='ocrx_word' id='word_1_244' title='bbox 922 4483 995 4541; x_wconf 85' lang='lat' dir='ltr'>ab</span> <span class='ocrx_word' id='word_1_245' title='bbox 1016 4484 1343 4559; x_wconf 85' lang='lat' dir='ltr'>imperatore</span> <span class='ocrx_word' id='word_1_246' title='bbox 1367 4483 1639 4543; x_wconf 85' lang='lat' dir='ltr'>Friderico</span> <span class='ocrx_word' id='word_1_247' title='bbox 1665 4491 1720 4542; x_wconf 89' lang='lat' dir='ltr'>et</span> <span class='ocrx_word' id='word_1_248' title='bbox 1741 4500 1777 4543; x_wconf 87' lang='lat' dir='ltr'>a</span> <span class='ocrx_word' id='word_1_249' title='bbox 1804 4485 2034 4542; x_wconf 87' lang='lat' dir='ltr'>ducibus</span> <span class='ocrx_word' id='word_1_250' title='bbox 2056 4485 2308 4544; x_wconf 81' lang='lat' dir='ltr'>Austriae</span> <span class='ocrx_word' id='word_1_251' title='bbox 2336 4484 2513 4544; x_wconf 86' lang='lat' dir='ltr'>eidem</span> <span class='ocrx_word' id='word_1_252' title='bbox 2537 4485 2821 4545; x_wconf 85' lang='lat' dir='ltr'>conventui</span> <span class='ocrx_word' id='word_1_253' title='bbox 2849 4485 3195 4545; x_wconf 88' lang='lat' dir='ltr'>indultorum.</span> 
     </span>
    </p>
   </div>
   <div class='ocr_carea' id='block_1_11' title="bbox 2078 4749 2103 4782">
    <p class='ocr_par' dir='ltr' id='par_1_11' title="bbox 2078 4749 2103 4782">
     <span class='ocr_line' id='line_1_27' title="bbox 2078 4749 2103 4782; baseline 0 0"><span class='ocrx_word' id='word_1_254' title='bbox 2078 4749 2103 4782; x_wconf 67' lang='lat' dir='ltr'>f</span> 
     </span>
    </p>
   </div>
   <div class='ocr_carea' id='block_1_12' title="bbox 850 4805 3187 4878">
    <p class='ocr_par' dir='ltr' id='par_1_12' title="bbox 850 4805 3187 4878">
     <span class='ocr_line' id='line_1_28' title="bbox 850 4805 3187 4878; baseline 0.004 -10"><span class='ocrx_word' id='word_1_255' title='bbox 850 4805 960 4869; x_wconf 87' lang='lat' dir='ltr'>VI.</span> <span class='ocrx_word' id='word_1_256' title='bbox 1000 4821 1113 4868; x_wconf 66' lang='lat' dir='ltr'>Pan</span> <span class='ocrx_word' id='word_1_257' title='bbox 1132 4827 1177 4869; x_wconf 80' lang='lat'>2.</span> <span class='ocrx_word' id='word_1_258' title='bbox 3111 4823 3187 4878; x_wconf 78' lang='lat'>&#39;78</span> 
     </span>
    </p>
   </div>
  </div>
 </body>
</html>
