<?xml version="1.0" encoding="UTF-8"?>
<!DOCTYPE html PUBLIC "-//W3C//DTD XHTML 1.0 Transitional//EN"
    "http://www.w3.org/TR/xhtml1/DTD/xhtml1-transitional.dtd">
<html xmlns="http://www.w3.org/1999/xhtml" xml:lang="en" lang="en">
 <head>
  <title>
</title>
<meta http-equiv="Content-Type" content="text/html;charset=utf-8" />
  <meta name='ocr-system' content='tesseract 3.04.00' />
  <meta name='ocr-capabilities' content='ocr_page ocr_carea ocr_par ocr_line ocrx_word'/>
</head>
<body>
  <div class='ocr_page' id='page_1' title='image "./historiadiploma01empegoog_0488.png"; bbox 0 0 4525 6031; ppageno 0'>
   <div class='ocr_carea' id='block_1_1' title="bbox 891 558 1047 621">
    <p class='ocr_par' dir='ltr' id='par_1_1' title="bbox 891 558 1047 621">
     <span class='ocr_line' id='line_1_1' title="bbox 891 558 1047 621; baseline 0.013 -1"><span class='ocrx_word' id='word_1_1' title='bbox 891 558 1047 621; x_wconf 81' lang='lat'><strong>1030</strong></span> 
     </span>
    </p>
   </div>
   <div class='ocr_carea' id='block_1_2' title="bbox 872 686 2316 4775">
    <p class='ocr_par' dir='ltr' id='par_1_2' title="bbox 881 686 2308 1342">
     <span class='ocr_line' id='line_1_2' title="bbox 887 686 2043 762; baseline 0.001 -15"><span class='ocrx_word' id='word_1_2' title='bbox 887 688 1219 762; x_wconf 73' lang='lat' dir='ltr'><strong><em>Stephanus,</em></strong></span> <span class='ocrx_word' id='word_1_3' title='bbox 1247 686 1531 761; x_wconf 75' lang='lat' dir='ltr'>presbiter,</span> <span class='ocrx_word' id='word_1_4' title='bbox 1555 688 1888 761; x_wconf 78' lang='lat' dir='ltr'><strong><em>peregrinus,</em></strong></span> <span class='ocrx_word' id='word_1_5' title='bbox 1916 691 2043 748; x_wconf 99' lang='grc'><strong>786.</strong></span> 
     </span>
     <span class='ocr_line' id='line_1_3' title="bbox 881 770 1736 845; baseline -0.005 -15"><span class='ocrx_word' id='word_1_6' title='bbox 881 772 1209 845; x_wconf 72' lang='lat' dir='ltr'><strong><em>Stephanus,</em></strong></span> <span class='ocrx_word' id='word_1_7' title='bbox 1244 770 1579 844; x_wconf 81' lang='lat' dir='ltr'><strong><em>peregrinus,</em></strong></span> <span class='ocrx_word' id='word_1_8' title='bbox 1610 773 1736 827; x_wconf 92' lang='grc'><strong>787.</strong></span> 
     </span>
     <span class='ocr_line' id='line_1_4' title="bbox 883 854 2307 930; baseline 0.002 -18"><span class='ocrx_word' id='word_1_9' title='bbox 883 854 1189 929; x_wconf 70' lang='lat' dir='ltr'><strong><em>Stephanus</em></strong></span> <span class='ocrx_word' id='word_1_10' title='bbox 1228 854 1293 911; x_wconf 82' lang='lat' dir='ltr'><strong><em>de</em></strong></span> <span class='ocrx_word' id='word_1_11' title='bbox 1337 856 1452 912; x_wconf 85' lang='lat' dir='ltr'><strong><em>Bar</em></strong></span> <span class='ocrx_word' id='word_1_12' title='bbox 1490 871 1652 928; x_wconf 86' lang='lat' dir='ltr'><strong><em>super</em></strong></span> <span class='ocrx_word' id='word_1_13' title='bbox 1705 855 1922 927; x_wconf 81' lang='lat' dir='ltr'><strong><em>Albam,</em></strong></span> <span class='ocrx_word' id='word_1_14' title='bbox 1972 856 2307 930; x_wconf 85' lang='lat' dir='ltr'><strong><em>peregrinus,</em></strong></span> 
     </span>
     <span class='ocr_line' id='line_1_5' title="bbox 881 1021 2308 1098; baseline 0.004 -19"><span class='ocrx_word' id='word_1_15' title='bbox 881 1022 1188 1096; x_wconf 75' lang='lat' dir='ltr'><strong><em>Stephanus</em></strong></span> <span class='ocrx_word' id='word_1_16' title='bbox 1217 1021 1332 1078; x_wconf 87' lang='lat' dir='ltr'><strong><em>sive</em></strong></span> <span class='ocrx_word' id='word_1_17' title='bbox 1368 1021 1678 1094; x_wconf 85' lang='lat' dir='ltr'><strong><em>Stephieius</em></strong></span> <span class='ocrx_word' id='word_1_18' title='bbox 1721 1025 2005 1096; x_wconf 79' lang='lat' dir='ltr'><strong><em>laquintii</em></strong></span> <span class='ocrx_word' id='word_1_19' title='bbox 2037 1025 2099 1083; x_wconf 77' lang='lat' dir='ltr'><strong><em>de</em></strong></span> <span class='ocrx_word' id='word_1_20' title='bbox 2142 1026 2308 1098; x_wconf 85' lang='lat' dir='ltr'><strong><em>Baro,</em></strong></span> 
     </span>
     <span class='ocr_line' id='line_1_6' title="bbox 953 1106 2202 1180; baseline 0 -16"><span class='ocrx_word' id='word_1_21' title='bbox 953 1107 1211 1180; x_wconf 75' lang='lat' dir='ltr'><strong><em>magister</em></strong></span> <span class='ocrx_word' id='word_1_22' title='bbox 1235 1106 1566 1163; x_wconf 86' lang='lat' dir='ltr'><strong><em>camerarius</em></strong></span> <span class='ocrx_word' id='word_1_23' title='bbox 1596 1112 1773 1163; x_wconf 89' lang='lat' dir='ltr'><strong><em>terrae</em></strong></span> <span class='ocrx_word' id='word_1_24' title='bbox 1801 1107 2044 1180; x_wconf 84' lang='lat' dir='ltr'><strong><em>Ydrunti,</em></strong></span> <span class='ocrx_word' id='word_1_25' title='bbox 2077 1112 2202 1166; x_wconf 93' lang='grc'><strong>620.</strong></span> 
     </span>
     <span class='ocr_line' id='line_1_7' title="bbox 882 1188 2306 1264; baseline 0.003 -18"><span class='ocrx_word' id='word_1_26' title='bbox 882 1188 1187 1263; x_wconf 76' lang='lat' dir='ltr'><strong><em>Stephanus</em></strong></span> <span class='ocrx_word' id='word_1_27' title='bbox 1217 1189 1408 1262; x_wconf 80' lang='lat' dir='ltr'><strong><em>Capud</em></strong></span> <span class='ocrx_word' id='word_1_28' title='bbox 1434 1188 1496 1246; x_wconf 78' lang='lat' dir='ltr'><strong><em>de</em></strong></span> <span class='ocrx_word' id='word_1_29' title='bbox 1525 1192 1692 1246; x_wconf 82' lang='lat' dir='ltr'><strong><em>Pieza</em></strong></span> <span class='ocrx_word' id='word_1_30' title='bbox 1710 1190 1773 1248; x_wconf 88' lang='lat' dir='ltr'><strong><em>de</em></strong></span> <span class='ocrx_word' id='word_1_31' title='bbox 1794 1192 1997 1249; x_wconf 88' lang='lat' dir='ltr'><strong><em>Sancte</em></strong></span> <span class='ocrx_word' id='word_1_32' title='bbox 2015 1192 2306 1264; x_wconf 84' lang='lat' dir='ltr'><strong><em>Germane,</em></strong></span> 
     </span>
     <span class='ocr_line' id='line_1_8' title="bbox 953 1274 1230 1342; baseline -0.011 -12"><span class='ocrx_word' id='word_1_33' title='bbox 953 1274 1080 1342; x_wconf 93' lang='grc'><strong>757,</strong></span> <span class='ocrx_word' id='word_1_34' title='bbox 1102 1274 1230 1329; x_wconf 88' lang='grc'><strong>758.</strong></span> 
     </span>
    </p>

    <p class='ocr_par' dir='ltr' id='par_1_3' title="bbox 881 1354 2313 1511">
     <span class='ocr_line' id='line_1_9' title="bbox 881 1354 2313 1432; baseline 0.002 -20"><span class='ocrx_word' id='word_1_35' title='bbox 881 1354 1186 1427; x_wconf 74' lang='lat' dir='ltr'><strong><em>Stephanus</em></strong></span> <span class='ocrx_word' id='word_1_36' title='bbox 1220 1354 1283 1410; x_wconf 84' lang='lat' dir='ltr'><strong><em>de</em></strong></span> <span class='ocrx_word' id='word_1_37' title='bbox 1326 1355 1516 1412; x_wconf 79' lang='lat' dir='ltr'><strong><em>Cer-bei</em></strong></span> <span class='ocrx_word' id='word_1_38' title='bbox 1549 1362 1606 1412; x_wconf 85' lang='lat' dir='ltr'><strong><em>et</em></strong></span> <span class='ocrx_word' id='word_1_39' title='bbox 1650 1358 1789 1429; x_wconf 70' lang='lat' dir='ltr'><strong><em>Ray,</em></strong></span> <span class='ocrx_word' id='word_1_40' title='bbox 1834 1373 1970 1414; x_wconf 85' lang='lat' dir='ltr'><strong><em>uxor</em></strong></span> <span class='ocrx_word' id='word_1_41' title='bbox 1996 1358 2131 1430; x_wconf 86' lang='lat' dir='ltr'><strong><em>ejus,</em></strong></span> <span class='ocrx_word' id='word_1_42' title='bbox 2157 1372 2313 1432; x_wconf 83' lang='lat' dir='ltr'><strong><em>pere-</em></strong></span> 
     </span>
     <span class='ocr_line' id='line_1_10' title="bbox 950 1437 1420 1511; baseline 0.002 -18"><span class='ocrx_word' id='word_1_43' title='bbox 950 1437 1107 1511; x_wconf 75' lang='lat' dir='ltr'><strong><em>grini,</em></strong></span> <span class='ocrx_word' id='word_1_44' title='bbox 1139 1440 1267 1508; x_wconf 88' lang='grc'><strong>736,</strong></span> <span class='ocrx_word' id='word_1_45' title='bbox 1292 1440 1420 1495; x_wconf 88' lang='grc'><strong>737.</strong></span> 
     </span>
    </p>

    <p class='ocr_par' dir='ltr' id='par_1_4' title="bbox 881 1520 1924 1595">
     <span class='ocr_line' id='line_1_11' title="bbox 881 1520 1924 1595; baseline 0 -18"><span class='ocrx_word' id='word_1_46' title='bbox 881 1520 1188 1594; x_wconf 78' lang='lat' dir='ltr'><strong><em>Stephanus</em></strong></span> <span class='ocrx_word' id='word_1_47' title='bbox 1216 1522 1414 1592; x_wconf 89' lang='lat' dir='ltr'><strong><em>Danse,</em></strong></span> <span class='ocrx_word' id='word_1_48' title='bbox 1441 1521 1772 1595; x_wconf 84' lang='lat' dir='ltr'><strong><em>peregrinus,</em></strong></span> <span class='ocrx_word' id='word_1_49' title='bbox 1797 1523 1924 1578; x_wconf 90' lang='grc'><strong>787.</strong></span> 
     </span>
    </p>

    <p class='ocr_par' dir='ltr' id='par_1_5' title="bbox 879 1607 2306 1682">
     <span class='ocr_line' id='line_1_12' title="bbox 879 1607 2306 1682; baseline 0.001 -18"><span class='ocrx_word' id='word_1_50' title='bbox 879 1607 1186 1681; x_wconf 77' lang='lat' dir='ltr'><strong><em>Stephanus</em></strong></span> <span class='ocrx_word' id='word_1_51' title='bbox 1216 1610 1463 1679; x_wconf 85' lang='lat' dir='ltr'><strong><em>Demera,</em></strong></span> <span class='ocrx_word' id='word_1_52' title='bbox 1502 1610 1744 1666; x_wconf 86' lang='lat' dir='ltr'><strong><em>notarius</em></strong></span> <span class='ocrx_word' id='word_1_53' title='bbox 1777 1610 1939 1666; x_wconf 84' lang='lat' dir='ltr'><strong><em>castri</em></strong></span> <span class='ocrx_word' id='word_1_54' title='bbox 1981 1609 2306 1682; x_wconf 86' lang='lat' dir='ltr'><strong><em>Ripolarum,</em></strong></span> 
     </span>
    </p>

    <p class='ocr_par' dir='ltr' id='par_1_6' title="bbox 880 1772 1960 1849">
     <span class='ocr_line' id='line_1_13' title="bbox 880 1772 1960 1849; baseline 0.002 -18"><span class='ocrx_word' id='word_1_55' title='bbox 880 1772 1187 1849; x_wconf 83' lang='lat' dir='ltr'><strong><em>Stephanus</em></strong></span> <span class='ocrx_word' id='word_1_56' title='bbox 1211 1775 1449 1846; x_wconf 81' lang='lat' dir='ltr'><strong><em>Esterdi,</em></strong></span> <span class='ocrx_word' id='word_1_57' title='bbox 1475 1777 1804 1849; x_wconf 83' lang='lat' dir='ltr'><strong><em>peregrinus,</em></strong></span> <span class='ocrx_word' id='word_1_58' title='bbox 1834 1779 1960 1833; x_wconf 89' lang='grc'><strong>788.</strong></span> 
     </span>
    </p>

    <p class='ocr_par' dir='ltr' id='par_1_7' title="bbox 879 1856 1879 1933">
     <span class='ocr_line' id='line_1_14' title="bbox 879 1856 1879 1933; baseline 0.001 -18"><span class='ocrx_word' id='word_1_59' title='bbox 879 1856 1186 1931; x_wconf 75' lang='lat' dir='ltr'><strong><em>Stephanus</em></strong></span> <span class='ocrx_word' id='word_1_60' title='bbox 1215 1860 1359 1931; x_wconf 80' lang='lat' dir='ltr'><strong><em>Filo,</em></strong></span> <span class='ocrx_word' id='word_1_61' title='bbox 1391 1860 1725 1933; x_wconf 69' lang='lat' dir='ltr'><strong><em>peregrinae,</em></strong></span> <span class='ocrx_word' id='word_1_62' title='bbox 1754 1862 1879 1917; x_wconf 86' lang='lat'><strong>788.</strong></span> 
     </span>
    </p>

    <p class='ocr_par' dir='ltr' id='par_1_8' title="bbox 881 1941 2308 2018">
     <span class='ocr_line' id='line_1_15' title="bbox 881 1941 2308 2018; baseline 0.003 -19"><span class='ocrx_word' id='word_1_63' title='bbox 881 1941 1189 2016; x_wconf 78' lang='lat' dir='ltr'><strong><em>Stephanus</em></strong></span> <span class='ocrx_word' id='word_1_64' title='bbox 1216 1945 1481 2001; x_wconf 83' lang='lat' dir='ltr'><strong><em>Henricus</em></strong></span> <span class='ocrx_word' id='word_1_65' title='bbox 1504 1944 1568 2000; x_wconf 79' lang='lat' dir='ltr'><strong><em>de</em></strong></span> <span class='ocrx_word' id='word_1_66' title='bbox 1595 1944 1797 2012; x_wconf 81' lang='lat' dir='ltr'><strong><em>Alnete,</em></strong></span> <span class='ocrx_word' id='word_1_67' title='bbox 1825 1945 2154 2018; x_wconf 81' lang='lat' dir='ltr'><strong><em>peregrinus,</em></strong></span> <span class='ocrx_word' id='word_1_68' title='bbox 2179 1948 2290 2003; x_wconf 90' lang='grc'><strong><em>787</em></strong></span> <span class='ocrx_word' id='word_1_69' title='bbox 2294 1988 2308 2003; x_wconf 94' lang='grc'><strong><em>.</em></strong></span> 
     </span>
    </p>

    <p class='ocr_par' dir='ltr' id='par_1_9' title="bbox 880 2026 2306 2102">
     <span class='ocr_line' id='line_1_16' title="bbox 880 2026 2306 2102; baseline 0 -17"><span class='ocrx_word' id='word_1_70' title='bbox 880 2026 1186 2101; x_wconf 77' lang='lat' dir='ltr'><strong><em>Stephanus</em></strong></span> <span class='ocrx_word' id='word_1_71' title='bbox 1257 2029 1321 2085; x_wconf 83' lang='lat' dir='ltr'><strong><em>de</em></strong></span> <span class='ocrx_word' id='word_1_72' title='bbox 1391 2028 1831 2101; x_wconf 75' lang='lat' dir='ltr'><strong><em>Lesannayriara</em></strong></span> <span class='ocrx_word' id='word_1_73' title='bbox 1861 2070 1874 2099; x_wconf 92' lang='lat'><strong><em>,</em></strong></span> <span class='ocrx_word' id='word_1_74' title='bbox 1959 2029 2273 2102; x_wconf 78' lang='lat' dir='ltr'><strong><em>peregrinus</em></strong></span> <span class='ocrx_word' id='word_1_75' title='bbox 2292 2071 2306 2100; x_wconf 93' lang='lat'><strong><em>,</em></strong></span> 
     </span>
    </p>

    <p class='ocr_par' dir='ltr' id='par_1_10' title="bbox 883 2195 2139 2267">
     <span class='ocr_line' id='line_1_17' title="bbox 883 2195 2139 2267; baseline 0 -15"><span class='ocrx_word' id='word_1_76' title='bbox 883 2195 1189 2267; x_wconf 82' lang='lat' dir='ltr'><strong><em>Stephanus</em></strong></span> <span class='ocrx_word' id='word_1_77' title='bbox 1215 2197 1279 2252; x_wconf 84' lang='lat' dir='ltr'><strong><em>de</em></strong></span> <span class='ocrx_word' id='word_1_78' title='bbox 1303 2196 1536 2266; x_wconf 79' lang='lat' dir='ltr'><strong><em>Matheo,</em></strong></span> <span class='ocrx_word' id='word_1_79' title='bbox 1565 2196 1826 2267; x_wconf 86' lang='lat' dir='ltr'><strong><em>notarius,</em></strong></span> <span class='ocrx_word' id='word_1_80' title='bbox 1861 2197 1986 2266; x_wconf 91' lang='grc'><strong>487,</strong></span> <span class='ocrx_word' id='word_1_81' title='bbox 2015 2198 2139 2252; x_wconf 95' lang='grc'><strong>489.</strong></span> 
     </span>
    </p>

    <p class='ocr_par' dir='ltr' id='par_1_11' title="bbox 878 2276 2028 2354">
     <span class='ocr_line' id='line_1_18' title="bbox 878 2276 2028 2354; baseline -0.001 -19"><span class='ocrx_word' id='word_1_82' title='bbox 878 2276 1185 2351; x_wconf 87' lang='lat' dir='ltr'><strong><em>Stephanus</em></strong></span> <span class='ocrx_word' id='word_1_83' title='bbox 1213 2279 1501 2354; x_wconf 79' lang='lat' dir='ltr'><strong><em>Philippus</em></strong></span> <span class='ocrx_word' id='word_1_84' title='bbox 1523 2281 1874 2351; x_wconf 81' lang='lat' dir='ltr'><strong><em>Armarinus,</em></strong></span> <span class='ocrx_word' id='word_1_85' title='bbox 1903 2283 2028 2336; x_wconf 92' lang='grc'><strong>569.</strong></span> 
     </span>
    </p>

    <p class='ocr_par' dir='ltr' id='par_1_12' title="bbox 876 2362 2086 2437">
     <span class='ocr_line' id='line_1_19' title="bbox 876 2362 2086 2437; baseline 0 -17"><span class='ocrx_word' id='word_1_86' title='bbox 876 2362 1180 2435; x_wconf 87' lang='lat' dir='ltr'><strong><em>Stephanus</em></strong></span> <span class='ocrx_word' id='word_1_87' title='bbox 1206 2364 1270 2420; x_wconf 82' lang='lat' dir='ltr'><strong><em>de</em></strong></span> <span class='ocrx_word' id='word_1_88' title='bbox 1293 2364 1558 2436; x_wconf 87' lang='lat' dir='ltr'><strong><em>Stampis,</em></strong></span> <span class='ocrx_word' id='word_1_89' title='bbox 1582 2365 1920 2437; x_wconf 83' lang='lat' dir='ltr'><strong><em>peregrinus,</em></strong></span> <span class='ocrx_word' id='word_1_90' title='bbox 1961 2365 2086 2420; x_wconf 92' lang='grc'><strong>787.</strong></span> 
     </span>
    </p>

    <p class='ocr_par' dir='ltr' id='par_1_13' title="bbox 876 2445 2308 2602">
     <span class='ocr_line' id='line_1_20' title="bbox 876 2445 2308 2520; baseline 0.001 -17"><span class='ocrx_word' id='word_1_91' title='bbox 876 2445 1181 2520; x_wconf 83' lang='lat' dir='ltr'><strong><em>Stephanus</em></strong></span> <span class='ocrx_word' id='word_1_92' title='bbox 1219 2448 1339 2504; x_wconf 83' lang='lat' dir='ltr'><strong><em>Uele</em></strong></span> <span class='ocrx_word' id='word_1_93' title='bbox 1367 2449 1683 2505; x_wconf 82' lang='lat' dir='ltr'><strong><em>Ansantelei</em></strong></span> <span class='ocrx_word' id='word_1_94' title='bbox 1707 2445 1771 2504; x_wconf 79' lang='lat' dir='ltr'><strong><em>de</em></strong></span> <span class='ocrx_word' id='word_1_95' title='bbox 1800 2449 2004 2506; x_wconf 83' lang='lat' dir='ltr'><strong><em>Sancte</em></strong></span> <span class='ocrx_word' id='word_1_96' title='bbox 2031 2448 2308 2519; x_wconf 84' lang='lat' dir='ltr'><strong><em>Dionisio,</em></strong></span> 
     </span>
     <span class='ocr_line' id='line_1_21' title="bbox 944 2531 1428 2602; baseline 0.006 -17"><span class='ocrx_word' id='word_1_97' title='bbox 944 2531 1277 2602; x_wconf 85' lang='lat' dir='ltr'><strong><em>peregrinus,</em></strong></span> <span class='ocrx_word' id='word_1_98' title='bbox 1299 2533 1428 2588; x_wconf 87' lang='grc'><strong>786.</strong></span> 
     </span>
    </p>

    <p class='ocr_par' dir='ltr' id='par_1_14' title="bbox 874 2613 1222 2684">
     <span class='ocr_line' id='line_1_22' title="bbox 874 2613 1222 2684; baseline -0.011 -12"><span class='ocrx_word' id='word_1_99' title='bbox 874 2613 1068 2684; x_wconf 85' lang='lat' dir='ltr'><strong><em>Suevi,</em></strong></span> <span class='ocrx_word' id='word_1_100' title='bbox 1100 2617 1222 2669; x_wconf 83' lang='lat'><strong>873.</strong></span> 
     </span>
    </p>

    <p class='ocr_par' dir='ltr' id='par_1_15' title="bbox 872 2694 2280 2770">
     <span class='ocr_line' id='line_1_23' title="bbox 872 2694 2280 2770; baseline -0.001 -17"><span class='ocrx_word' id='word_1_101' title='bbox 872 2694 1168 2769; x_wconf 73' lang='lat' dir='ltr'><strong><em>suffridus,</em></strong></span> <span class='ocrx_word' id='word_1_102' title='bbox 1199 2696 1364 2753; x_wconf 73' lang='lat' dir='ltr'><strong><em>frater</em></strong></span> <span class='ocrx_word' id='word_1_103' title='bbox 1391 2696 1615 2753; x_wconf 72' lang='lat' dir='ltr'><strong><em>Gerar-di</em></strong></span> <span class='ocrx_word' id='word_1_104' title='bbox 1639 2697 1706 2754; x_wconf 89' lang='lat' dir='ltr'><strong><em>de</em></strong></span> <span class='ocrx_word' id='word_1_105' title='bbox 1729 2696 1924 2770; x_wconf 82' lang='lat' dir='ltr'><strong><em>Sinzig,</em></strong></span> <span class='ocrx_word' id='word_1_106' title='bbox 1958 2698 2062 2754; x_wconf 90' lang='grc'><strong><em>872</em></strong></span> <span class='ocrx_word' id='word_1_107' title='bbox 2082 2701 2196 2753; x_wconf 87' lang='lat' dir='ltr'><strong><em>not.</em></strong></span> <span class='ocrx_word' id='word_1_108' title='bbox 2223 2701 2280 2752; x_wconf 94' lang='grc'><strong><em>4.</em></strong></span> 
     </span>
    </p>

    <p class='ocr_par' dir='ltr' id='par_1_16' title="bbox 874 2777 1810 2853">
     <span class='ocr_line' id='line_1_24' title="bbox 874 2777 1810 2853; baseline -0.001 -17"><span class='ocrx_word' id='word_1_109' title='bbox 874 2777 1190 2850; x_wconf 73' lang='lat' dir='ltr'><strong><em>Swiyqerus</em></strong></span> <span class='ocrx_word' id='word_1_110' title='bbox 1217 2778 1279 2834; x_wconf 84' lang='lat' dir='ltr'><strong><em>de</em></strong></span> <span class='ocrx_word' id='word_1_111' title='bbox 1305 2779 1655 2853; x_wconf 73' lang='lat' dir='ltr'><strong><em>Mindelberq,</em></strong></span> <span class='ocrx_word' id='word_1_112' title='bbox 1685 2782 1810 2836; x_wconf 91' lang='grc'><strong>877.</strong></span> 
     </span>
    </p>

    <p class='ocr_par' dir='ltr' id='par_1_17' title="bbox 873 2860 2310 3023">
     <span class='ocr_line' id='line_1_25' title="bbox 873 2860 2310 2935; baseline 0.001 -16"><span class='ocrx_word' id='word_1_113' title='bbox 873 2860 1062 2935; x_wconf 70' lang='lat' dir='ltr'><strong><em>Syme,</em></strong></span> <span class='ocrx_word' id='word_1_114' title='bbox 1119 2865 1225 2920; x_wconf 94' lang='grc'><strong><em>700</em></strong></span> <span class='ocrx_word' id='word_1_115' title='bbox 1267 2870 1324 2919; x_wconf 84' lang='lat' dir='ltr'><strong><em>et</em></strong></span> <span class='ocrx_word' id='word_1_116' title='bbox 1364 2868 1477 2919; x_wconf 87' lang='lat' dir='ltr'><strong><em>not.</em></strong></span> <span class='ocrx_word' id='word_1_117' title='bbox 1514 2866 1574 2934; x_wconf 88' lang='grc'><strong><em>4;</em></strong></span> <span class='ocrx_word' id='word_1_118' title='bbox 1620 2863 1841 2921; x_wconf 74' lang='lat' dir='ltr'><strong><em>forsitan</em></strong></span> <span class='ocrx_word' id='word_1_119' title='bbox 1867 2863 2036 2921; x_wconf 78' lang='lat' dir='ltr'><strong><em>frater</em></strong></span> <span class='ocrx_word' id='word_1_120' title='bbox 2060 2864 2216 2921; x_wconf 89' lang='lat' dir='ltr'><strong><em>Simo</em></strong></span> <span class='ocrx_word' id='word_1_121' title='bbox 2244 2862 2310 2920; x_wconf 80' lang='lat' dir='ltr'><strong><em>de</em></strong></span> 
     </span>
     <span class='ocr_line' id='line_1_26' title="bbox 946 2945 2011 3023; baseline 0.003 -21"><span class='ocrx_word' id='word_1_122' title='bbox 946 2945 1341 3003; x_wconf 76' lang='lat' dir='ltr'><strong><em>Mentesareule</em></strong></span> <span class='ocrx_word' id='word_1_123' title='bbox 1367 2947 1509 3020; x_wconf 86' lang='lat' dir='ltr'><strong><em>(vide</em></strong></span> <span class='ocrx_word' id='word_1_124' title='bbox 1532 2947 1602 3003; x_wconf 86' lang='lat' dir='ltr'><strong><em>ad</em></strong></span> <span class='ocrx_word' id='word_1_125' title='bbox 1626 2948 1726 3005; x_wconf 87' lang='lat' dir='ltr'><strong><em>hoc</em></strong></span> <span class='ocrx_word' id='word_1_126' title='bbox 1744 2946 2011 3023; x_wconf 83' lang='lat' dir='ltr'><strong><em>verbum).</em></strong></span> 
     </span>
    </p>

    <p class='ocr_par' dir='ltr' id='par_1_18' title="bbox 881 3028 1632 3101">
     <span class='ocr_line' id='line_1_27' title="bbox 881 3028 1632 3101; baseline 0.005 -17"><span class='ocrx_word' id='word_1_127' title='bbox 881 3028 1050 3101; x_wconf 71' lang='lat' dir='ltr'><strong><em>Syme</em></strong></span> <span class='ocrx_word' id='word_1_128' title='bbox 1073 3030 1136 3086; x_wconf 82' lang='lat' dir='ltr'><strong><em>de</em></strong></span> <span class='ocrx_word' id='word_1_129' title='bbox 1164 3031 1473 3100; x_wconf 87' lang='lat' dir='ltr'><strong><em>Guntheim,</em></strong></span> <span class='ocrx_word' id='word_1_130' title='bbox 1508 3036 1632 3090; x_wconf 88' lang='grc'><strong>866.</strong></span> 
     </span>
    </p>

    <p class='ocr_par' dir='ltr' id='par_1_19' title="bbox 878 3112 1516 3188">
     <span class='ocr_line' id='line_1_28' title="bbox 878 3112 1516 3188; baseline 0.002 -16"><span class='ocrx_word' id='word_1_131' title='bbox 878 3112 1079 3187; x_wconf 72' lang='lat' dir='ltr'><strong><em>Sybete</em></strong></span> <span class='ocrx_word' id='word_1_132' title='bbox 1104 3114 1168 3171; x_wconf 82' lang='lat' dir='ltr'><strong><em>de</em></strong></span> <span class='ocrx_word' id='word_1_133' title='bbox 1196 3117 1361 3188; x_wconf 72' lang='lat' dir='ltr'><strong><em>Haqe,</em></strong></span> <span class='ocrx_word' id='word_1_134' title='bbox 1391 3120 1516 3173; x_wconf 87' lang='grc'><strong>629.</strong></span> 
     </span>
    </p>

    <p class='ocr_par' dir='ltr' id='par_1_20' title="bbox 878 3196 1664 3272">
     <span class='ocr_line' id='line_1_29' title="bbox 878 3196 1664 3272; baseline 0.001 -16"><span class='ocrx_word' id='word_1_135' title='bbox 878 3196 1158 3272; x_wconf 73' lang='lat' dir='ltr'><strong><em>sylvester</em></strong></span> <span class='ocrx_word' id='word_1_136' title='bbox 1183 3197 1246 3255; x_wconf 80' lang='lat' dir='ltr'><strong><em>de</em></strong></span> <span class='ocrx_word' id='word_1_137' title='bbox 1274 3199 1542 3271; x_wconf 80' lang='lat' dir='ltr'><strong><em>Ledrone,</em></strong></span> <span class='ocrx_word' id='word_1_138' title='bbox 1573 3201 1664 3257; x_wconf 95' lang='grc'><strong><em>80.</em></strong></span> 
     </span>
    </p>

    <p class='ocr_par' dir='ltr' id='par_1_21' title="bbox 884 3278 2309 3353">
     <span class='ocr_line' id='line_1_30' title="bbox 884 3278 2309 3353; baseline -0.001 -14"><span class='ocrx_word' id='word_1_139' title='bbox 884 3281 1123 3340; x_wconf 73' lang='lat' dir='ltr'><strong><em>dedeus</em></strong></span> <span class='ocrx_word' id='word_1_140' title='bbox 1137 3324 1151 3351; x_wconf 94' lang='lat'><strong><em>,</em></strong></span> <span class='ocrx_word' id='word_1_141' title='bbox 1179 3296 1361 3340; x_wconf 87' lang='lat' dir='ltr'><strong><em>comes</em></strong></span> <span class='ocrx_word' id='word_1_142' title='bbox 1387 3282 1764 3340; x_wconf 78' lang='lat' dir='ltr'><strong><em>Montisferetri</em></strong></span> <span class='ocrx_word' id='word_1_143' title='bbox 1788 3287 1845 3339; x_wconf 90' lang='lat' dir='ltr'><strong><em>et</em></strong></span> <span class='ocrx_word' id='word_1_144' title='bbox 1869 3278 2060 3339; x_wconf 83' lang='lat' dir='ltr'><strong><em>Urbini</em></strong></span> <span class='ocrx_word' id='word_1_145' title='bbox 2075 3324 2091 3353; x_wconf 90' lang='lat'><strong><em>,</em></strong></span> <span class='ocrx_word' id='word_1_146' title='bbox 2127 3280 2309 3352; x_wconf 84' lang='lat' dir='ltr'><strong><em>testis,</em></strong></span> 
     </span>
    </p>

    <p class='ocr_par' dir='ltr' id='par_1_22' title="bbox 881 3447 2313 3937">
     <span class='ocr_line' id='line_1_31' title="bbox 881 3447 2313 3521; baseline -0.002 -15"><span class='ocrx_word' id='word_1_147' title='bbox 881 3447 1119 3506; x_wconf 81' lang='lat' dir='ltr'><strong><em>Taddeus</em></strong></span> <span class='ocrx_word' id='word_1_148' title='bbox 1160 3448 1223 3507; x_wconf 81' lang='lat' dir='ltr'><strong><em>de</em></strong></span> <span class='ocrx_word' id='word_1_149' title='bbox 1263 3449 1489 3518; x_wconf 84' lang='lat' dir='ltr'><strong><em>Suessa,</em></strong></span> <span class='ocrx_word' id='word_1_150' title='bbox 1533 3463 1760 3521; x_wconf 84' lang='lat' dir='ltr'><strong><em>magnae</em></strong></span> <span class='ocrx_word' id='word_1_151' title='bbox 1798 3448 2088 3520; x_wconf 85' lang='lat' dir='ltr'><strong><em>imperialis</em></strong></span> <span class='ocrx_word' id='word_1_152' title='bbox 2132 3447 2313 3505; x_wconf 87' lang='lat' dir='ltr'><strong><em>curiae</em></strong></span> 
     </span>
     <span class='ocr_line' id='line_1_32' title="bbox 943 3530 2309 3603; baseline 0 -17"><span class='ocrx_word' id='word_1_153' title='bbox 943 3530 1130 3603; x_wconf 74' lang='lat' dir='ltr'><strong><em>judex,</em></strong></span> <span class='ocrx_word' id='word_1_154' title='bbox 1155 3534 1243 3602; x_wconf 89' lang='grc'><strong><em>44,</em></strong></span> <span class='ocrx_word' id='word_1_155' title='bbox 1270 3535 1360 3598; x_wconf 91' lang='grc'><strong><em>65,</em></strong></span> <span class='ocrx_word' id='word_1_156' title='bbox 1390 3533 1481 3599; x_wconf 90' lang='grc'><strong><em>76,</em></strong></span> <span class='ocrx_word' id='word_1_157' title='bbox 1514 3535 1604 3599; x_wconf 91' lang='grc'><strong><em>82,</em></strong></span> <span class='ocrx_word' id='word_1_158' title='bbox 1632 3534 1721 3600; x_wconf 88' lang='grc'><strong><em>85,</em></strong></span> <span class='ocrx_word' id='word_1_159' title='bbox 1755 3532 1842 3601; x_wconf 89' lang='grc'><strong><em>89,</em></strong></span> <span class='ocrx_word' id='word_1_160' title='bbox 1874 3532 2001 3601; x_wconf 90' lang='grc'><strong>405,</strong></span> <span class='ocrx_word' id='word_1_161' title='bbox 2029 3533 2153 3601; x_wconf 91' lang='grc'><strong>454,</strong></span> <span class='ocrx_word' id='word_1_162' title='bbox 2184 3532 2309 3602; x_wconf 94' lang='grc'><strong>454,</strong></span> 
     </span>
     <span class='ocr_line' id='line_1_33' title="bbox 951 3614 2306 3686; baseline 0 -16"><span class='ocrx_word' id='word_1_163' title='bbox 951 3616 1076 3684; x_wconf 90' lang='grc'><strong>463,</strong></span> <span class='ocrx_word' id='word_1_164' title='bbox 1108 3617 1231 3683; x_wconf 89' lang='grc'><strong>466,</strong></span> <span class='ocrx_word' id='word_1_165' title='bbox 1264 3618 1386 3685; x_wconf 89' lang='grc'><strong>469,</strong></span> <span class='ocrx_word' id='word_1_166' title='bbox 1416 3615 1539 3686; x_wconf 90' lang='grc'><strong>476,</strong></span> <span class='ocrx_word' id='word_1_167' title='bbox 1569 3616 1693 3685; x_wconf 90' lang='grc'><strong>474,</strong></span> <span class='ocrx_word' id='word_1_168' title='bbox 1718 3615 1844 3685; x_wconf 89' lang='grc'><strong>476,</strong></span> <span class='ocrx_word' id='word_1_169' title='bbox 1877 3618 2000 3684; x_wconf 90' lang='grc'><strong>434,</strong></span> <span class='ocrx_word' id='word_1_170' title='bbox 2026 3616 2152 3685; x_wconf 90' lang='grc'><strong>496,</strong></span> <span class='ocrx_word' id='word_1_171' title='bbox 2182 3614 2306 3685; x_wconf 90' lang='grc'><strong>497,</strong></span> 
     </span>
     <span class='ocr_line' id='line_1_34' title="bbox 949 3699 2308 3770; baseline -0.001 -13"><span class='ocrx_word' id='word_1_172' title='bbox 949 3701 1076 3768; x_wconf 89' lang='grc'><strong>205,</strong></span> <span class='ocrx_word' id='word_1_173' title='bbox 1104 3700 1232 3766; x_wconf 90' lang='grc'><strong>207,</strong></span> <span class='ocrx_word' id='word_1_174' title='bbox 1261 3700 1388 3769; x_wconf 92' lang='grc'><strong>240,</strong></span> <span class='ocrx_word' id='word_1_175' title='bbox 1414 3701 1473 3755; x_wconf 90' lang='grc'><strong><em>24</em></strong></span> <span class='ocrx_word' id='word_1_176' title='bbox 1487 3703 1540 3768; x_wconf 89' lang='grc'><strong><em>8,</em></strong></span> <span class='ocrx_word' id='word_1_177' title='bbox 1561 3700 1689 3769; x_wconf 92' lang='grc'><strong>220,</strong></span> <span class='ocrx_word' id='word_1_178' title='bbox 1712 3699 1839 3770; x_wconf 91' lang='grc'><strong>257,</strong></span> <span class='ocrx_word' id='word_1_179' title='bbox 1867 3699 1993 3768; x_wconf 92' lang='grc'><strong>263,</strong></span> <span class='ocrx_word' id='word_1_180' title='bbox 2020 3699 2146 3767; x_wconf 88' lang='grc'><strong>266,</strong></span> <span class='ocrx_word' id='word_1_181' title='bbox 2179 3700 2308 3766; x_wconf 88' lang='grc'><strong>275,</strong></span> 
     </span>
     <span class='ocr_line' id='line_1_35' title="bbox 952 3783 2306 3854; baseline 0.001 -15"><span class='ocrx_word' id='word_1_182' title='bbox 952 3784 1057 3840; x_wconf 90' lang='grc'><strong><em>277</em></strong></span> <span class='ocrx_word' id='word_1_183' title='bbox 1083 3789 1193 3839; x_wconf 90' lang='lat' dir='ltr'><strong><em>not.</em></strong></span> <span class='ocrx_word' id='word_1_184' title='bbox 1219 3787 1269 3854; x_wconf 87' lang='grc'><strong><em>4;</em></strong></span> <span class='ocrx_word' id='word_1_185' title='bbox 1305 3786 1407 3838; x_wconf 93' lang='grc'><strong><em>348</em></strong></span> <span class='ocrx_word' id='word_1_186' title='bbox 1430 3788 1487 3839; x_wconf 84' lang='lat' dir='ltr'><strong><em>et</em></strong></span> <span class='ocrx_word' id='word_1_187' title='bbox 1510 3789 1622 3840; x_wconf 87' lang='lat' dir='ltr'><strong><em>not.</em></strong></span> <span class='ocrx_word' id='word_1_188' title='bbox 1647 3785 1700 3854; x_wconf 74' lang='lat' dir='ltr'><strong><em>i,</em></strong></span> <span class='ocrx_word' id='word_1_189' title='bbox 1721 3785 1848 3853; x_wconf 91' lang='grc'><strong>324,</strong></span> <span class='ocrx_word' id='word_1_190' title='bbox 1875 3784 2001 3852; x_wconf 78' lang='grc'><strong>329,</strong></span> <span class='ocrx_word' id='word_1_191' title='bbox 2030 3783 2155 3854; x_wconf 87' lang='grc'><strong>334,</strong></span> <span class='ocrx_word' id='word_1_192' title='bbox 2179 3783 2306 3854; x_wconf 89' lang='grc'><strong>354,</strong></span> 
     </span>
     <span class='ocr_line' id='line_1_36' title="bbox 952 3867 1708 3937; baseline -0.003 -14"><span class='ocrx_word' id='word_1_193' title='bbox 952 3867 1076 3936; x_wconf 87' lang='grc'><strong>384,</strong></span> <span class='ocrx_word' id='word_1_194' title='bbox 1107 3868 1232 3934; x_wconf 91' lang='grc'><strong>524,</strong></span> <span class='ocrx_word' id='word_1_195' title='bbox 1266 3868 1393 3937; x_wconf 87' lang='grc'><strong>567,</strong></span> <span class='ocrx_word' id='word_1_196' title='bbox 1422 3870 1549 3936; x_wconf 89' lang='grc'><strong>583,</strong></span> <span class='ocrx_word' id='word_1_197' title='bbox 1581 3869 1708 3923; x_wconf 91' lang='grc'><strong>592.</strong></span> 
     </span>
    </p>

    <p class='ocr_par' dir='ltr' id='par_1_23' title="bbox 885 3947 1921 4023">
     <span class='ocr_line' id='line_1_37' title="bbox 885 3947 1921 4023; baseline -0.005 -15"><span class='ocrx_word' id='word_1_198' title='bbox 885 3947 1135 4023; x_wconf 72' lang='lat' dir='ltr'><strong><em>Tbffurus</em></strong></span> <span class='ocrx_word' id='word_1_199' title='bbox 1163 3948 1225 4004; x_wconf 83' lang='lat' dir='ltr'><strong><em>de</em></strong></span> <span class='ocrx_word' id='word_1_200' title='bbox 1245 3949 1458 4021; x_wconf 84' lang='lat' dir='ltr'><strong><em>Capua,</em></strong></span> <span class='ocrx_word' id='word_1_201' title='bbox 1478 3951 1611 4018; x_wconf 87' lang='grc'><strong>748,</strong></span> <span class='ocrx_word' id='word_1_202' title='bbox 1636 3950 1762 4019; x_wconf 90' lang='grc'><strong>749,</strong></span> <span class='ocrx_word' id='word_1_203' title='bbox 1792 3948 1921 4005; x_wconf 84' lang='grc'><strong>720.</strong></span> 
     </span>
    </p>

    <p class='ocr_par' dir='ltr' id='par_1_24' title="bbox 886 4032 1601 4104">
     <span class='ocr_line' id='line_1_38' title="bbox 886 4032 1601 4104; baseline -0.003 -14"><span class='ocrx_word' id='word_1_204' title='bbox 886 4032 1136 4104; x_wconf 79' lang='lat' dir='ltr'><strong><em>Taffurus</em></strong></span> <span class='ocrx_word' id='word_1_205' title='bbox 1158 4032 1220 4087; x_wconf 82' lang='lat' dir='ltr'><strong><em>de</em></strong></span> <span class='ocrx_word' id='word_1_206' title='bbox 1250 4032 1441 4102; x_wconf 84' lang='lat' dir='ltr'><strong><em>Vinea,</em></strong></span> <span class='ocrx_word' id='word_1_207' title='bbox 1473 4034 1601 4089; x_wconf 88' lang='grc'><strong>743.</strong></span> 
     </span>
    </p>

    <p class='ocr_par' dir='ltr' id='par_1_25' title="bbox 881 4114 1749 4186">
     <span class='ocr_line' id='line_1_39' title="bbox 881 4114 1749 4186; baseline -0.002 -12"><span class='ocrx_word' id='word_1_208' title='bbox 881 4115 1206 4186; x_wconf 83' lang='lat' dir='ltr'><strong><em>Taneredus,</em></strong></span> <span class='ocrx_word' id='word_1_209' title='bbox 1237 4132 1334 4172; x_wconf 85' lang='lat' dir='ltr'><strong><em>rex</em></strong></span> <span class='ocrx_word' id='word_1_210' title='bbox 1356 4114 1563 4172; x_wconf 82' lang='lat' dir='ltr'><strong><em>Siciliae</em></strong></span> <span class='ocrx_word' id='word_1_211' title='bbox 1578 4157 1592 4186; x_wconf 93' lang='lat'><strong><em>,</em></strong></span> <span class='ocrx_word' id='word_1_212' title='bbox 1623 4119 1749 4173; x_wconf 88' lang='grc'><strong>389.</strong></span> 
     </span>
    </p>

    <p class='ocr_par' dir='ltr' id='par_1_26' title="bbox 882 4198 2091 4274">
     <span class='ocr_line' id='line_1_40' title="bbox 882 4198 2091 4274; baseline -0.002 -17"><span class='ocrx_word' id='word_1_213' title='bbox 882 4198 1202 4270; x_wconf 77' lang='lat' dir='ltr'><strong><em>Taneredus,</em></strong></span> <span class='ocrx_word' id='word_1_214' title='bbox 1231 4198 1533 4257; x_wconf 81' lang='lat' dir='ltr'><strong><em>vicecomes</em></strong></span> <span class='ocrx_word' id='word_1_215' title='bbox 1559 4201 1627 4255; x_wconf 84' lang='lat' dir='ltr'><strong><em>de</em></strong></span> <span class='ocrx_word' id='word_1_216' title='bbox 1657 4198 1937 4274; x_wconf 79' lang='lat' dir='ltr'><strong><em>campilio,</em></strong></span> <span class='ocrx_word' id='word_1_217' title='bbox 1964 4201 2091 4256; x_wconf 78' lang='grc'><strong>234.</strong></span> 
     </span>
    </p>

    <p class='ocr_par' dir='ltr' id='par_1_27' title="bbox 887 4281 2310 4439">
     <span class='ocr_line' id='line_1_41' title="bbox 887 4281 2310 4357; baseline -0.003 -14"><span class='ocrx_word' id='word_1_218' title='bbox 887 4285 1218 4355; x_wconf 80' lang='lat' dir='ltr'><strong><em>Taneredus,</em></strong></span> <span class='ocrx_word' id='word_1_219' title='bbox 1262 4285 1502 4342; x_wconf 82' lang='lat' dir='ltr'><strong><em>notarius</em></strong></span> <span class='ocrx_word' id='word_1_220' title='bbox 1519 4327 1535 4357; x_wconf 89' lang='lat'><strong><em>,</em></strong></span> <span class='ocrx_word' id='word_1_221' title='bbox 1582 4283 1724 4341; x_wconf 84' lang='lat' dir='ltr'><strong><em>filius</em></strong></span> <span class='ocrx_word' id='word_1_222' title='bbox 1758 4285 2004 4342; x_wconf 84' lang='lat' dir='ltr'><strong><em>Andreae</em></strong></span> <span class='ocrx_word' id='word_1_223' title='bbox 2037 4281 2108 4340; x_wconf 90' lang='lat' dir='ltr'><strong><em>de</em></strong></span> <span class='ocrx_word' id='word_1_224' title='bbox 2130 4286 2310 4340; x_wconf 81' lang='lat' dir='ltr'><strong><em>castro</em></strong></span> 
     </span>
     <span class='ocr_line' id='line_1_42' title="bbox 954 4368 1397 4439; baseline -0.005 -14"><span class='ocrx_word' id='word_1_225' title='bbox 954 4368 1240 4439; x_wconf 75' lang='lat' dir='ltr'><strong><em>Abbatiae,</em></strong></span> <span class='ocrx_word' id='word_1_226' title='bbox 1273 4369 1397 4423; x_wconf 90' lang='grc'><strong>420.</strong></span> 
     </span>
    </p>

    <p class='ocr_par' dir='ltr' id='par_1_28' title="bbox 885 4450 1741 4523">
     <span class='ocr_line' id='line_1_43' title="bbox 885 4450 1741 4523; baseline -0.004 -12"><span class='ocrx_word' id='word_1_227' title='bbox 885 4451 1186 4511; x_wconf 78' lang='lat' dir='ltr'><strong><em>Tancredus</em></strong></span> <span class='ocrx_word' id='word_1_228' title='bbox 1213 4451 1276 4508; x_wconf 80' lang='lat' dir='ltr'><strong><em>de</em></strong></span> <span class='ocrx_word' id='word_1_229' title='bbox 1299 4450 1587 4523; x_wconf 75' lang='lat' dir='ltr'><strong><em>Attaoitta,</em></strong></span> <span class='ocrx_word' id='word_1_230' title='bbox 1616 4452 1741 4510; x_wconf 90' lang='grc'><strong>477.</strong></span> 
     </span>
    </p>

    <p class='ocr_par' dir='ltr' id='par_1_29' title="bbox 886 4536 2316 4689">
     <span class='ocr_line' id='line_1_44' title="bbox 886 4536 2316 4607; baseline -0.003 -13"><span class='ocrx_word' id='word_1_231' title='bbox 886 4536 1138 4606; x_wconf 82' lang='lat' dir='ltr'><strong><em>Tartari,</em></strong></span> <span class='ocrx_word' id='word_1_232' title='bbox 1181 4538 1232 4605; x_wconf 86' lang='grc'><strong><em>4,</em></strong></span> <span class='ocrx_word' id='word_1_233' title='bbox 1274 4537 1344 4592; x_wconf 87' lang='grc'><strong><em>47</em></strong></span> <span class='ocrx_word' id='word_1_234' title='bbox 1380 4540 1491 4593; x_wconf 87' lang='lat' dir='ltr'><strong><em>not.</em></strong></span> <span class='ocrx_word' id='word_1_235' title='bbox 1533 4538 1584 4607; x_wconf 87' lang='grc'><strong><em>4;</em></strong></span> <span class='ocrx_word' id='word_1_236' title='bbox 1628 4536 1757 4607; x_wconf 87' lang='grc'><strong>247,</strong></span> <span class='ocrx_word' id='word_1_237' title='bbox 1790 4537 1923 4606; x_wconf 91' lang='grc'><strong>257,</strong></span> <span class='ocrx_word' id='word_1_238' title='bbox 1962 4537 2088 4605; x_wconf 91' lang='grc'><strong>344,</strong></span> <span class='ocrx_word' id='word_1_239' title='bbox 2118 4536 2223 4593; x_wconf 87' lang='grc'><strong><em>345</em></strong></span> <span class='ocrx_word' id='word_1_240' title='bbox 2257 4538 2316 4590; x_wconf 83' lang='lat' dir='ltr'><strong><em>et</em></strong></span> 
     </span>
     <span class='ocr_line' id='line_1_45' title="bbox 952 4620 1299 4689; baseline -0.006 -14"><span class='ocrx_word' id='word_1_241' title='bbox 952 4625 1067 4675; x_wconf 87' lang='lat' dir='ltr'><strong><em>not.</em></strong></span> <span class='ocrx_word' id='word_1_242' title='bbox 1088 4621 1142 4689; x_wconf 89' lang='grc'><strong><em>4;</em></strong></span> <span class='ocrx_word' id='word_1_243' title='bbox 1174 4620 1299 4676; x_wconf 88' lang='grc'><strong>902.</strong></span> 
     </span>
    </p>

    <p class='ocr_par' dir='ltr' id='par_1_30' title="bbox 889 4700 2083 4775">
     <span class='ocr_line' id='line_1_46' title="bbox 889 4700 2083 4775; baseline -0.002 -16"><span class='ocrx_word' id='word_1_244' title='bbox 889 4702 1193 4772; x_wconf 71' lang='lat' dir='ltr'><strong><em>Tar-visini,</em></strong></span> <span class='ocrx_word' id='word_1_245' title='bbox 1222 4700 1451 4760; x_wconf 79' lang='lat' dir='ltr'><strong><em>rebelles</em></strong></span> <span class='ocrx_word' id='word_1_246' title='bbox 1471 4701 1803 4775; x_wconf 82' lang='lat' dir='ltr'><strong><em>imperatori,</em></strong></span> <span class='ocrx_word' id='word_1_247' title='bbox 1834 4703 1924 4774; x_wconf 87' lang='grc'><strong><em>84,</em></strong></span> <span class='ocrx_word' id='word_1_248' title='bbox 1954 4703 2083 4757; x_wconf 87' lang='grc'><strong>433.</strong></span> 
     </span>
    </p>
   </div>
   <div class='ocr_carea' id='block_1_3' title="bbox 2048 561 2749 624">
    <p class='ocr_par' dir='ltr' id='par_1_31' title="bbox 2048 561 2749 624">
     <span class='ocr_line' id='line_1_47' title="bbox 2048 561 2749 624; baseline 0.003 -5"><span class='ocrx_word' id='word_1_249' title='bbox 2048 561 2302 623; x_wconf 79' lang='lat' dir='ltr'><strong>INDEX</strong></span> <span class='ocrx_word' id='word_1_250' title='bbox 2349 561 2749 624; x_wconf 71' lang='lat' dir='ltr'><strong>NOMINUM.</strong></span> 
     </span>
    </p>
   </div>
   <div class='ocr_carea' id='block_1_4' title="bbox 2398 688 3448 769">
    <p class='ocr_par' dir='ltr' id='par_1_32' title="bbox 2398 688 3448 769">
     <span class='ocr_line' id='line_1_48' title="bbox 2398 688 3448 769; baseline -0.008 -15"><span class='ocrx_word' id='word_1_251' title='bbox 2398 698 2407 769; x_wconf 89' lang='grc' dir='ltr'>Ι</span> <span class='ocrx_word' id='word_1_252' title='bbox 2478 693 2781 763; x_wconf 82' lang='lat' dir='ltr'><strong><em>Tattedeus,</em></strong></span> <span class='ocrx_word' id='word_1_253' title='bbox 2811 688 2950 746; x_wconf 81' lang='lat' dir='ltr'><strong><em>filius</em></strong></span> <span class='ocrx_word' id='word_1_254' title='bbox 2973 688 3290 760; x_wconf 75' lang='lat' dir='ltr'><strong><em>Renovardi‚</em></strong></span> <span class='ocrx_word' id='word_1_255' title='bbox 3319 690 3448 747; x_wconf 89' lang='grc'><strong>725.</strong></span> 
     </span>
    </p>
   </div>
   <div class='ocr_carea' id='block_1_5' title="bbox 2399 769 3276 844">
    <p class='ocr_par' dir='ltr' id='par_1_33' title="bbox 2399 769 3276 844">
     <span class='ocr_line' id='line_1_49' title="bbox 2399 769 3276 844; baseline -0.005 -12"><span class='ocrx_word' id='word_1_256' title='bbox 2399 779 2405 798; x_wconf 81' lang='grc'><em>·</em></span> <span class='ocrx_word' id='word_1_257' title='bbox 2485 769 2703 834; x_wconf 69' lang='grc' dir='ltr'><strong><em>Τιίυοηα</em></strong></span> <span class='ocrx_word' id='word_1_258' title='bbox 2737 774 2985 844; x_wconf 82' lang='lat' dir='ltr'><strong><em>Tolemei,</em></strong></span> <span class='ocrx_word' id='word_1_259' title='bbox 3017 773 3193 843; x_wconf 79' lang='lat' dir='ltr'><strong><em>testie,</em></strong></span> <span class='ocrx_word' id='word_1_260' title='bbox 3224 777 3276 829; x_wconf 96' lang='grc'><strong><em>8.</em></strong></span> 
     </span>
    </p>
   </div>
   <div class='ocr_carea' id='block_1_6' title="bbox 2484 856 3907 931">
    <p class='ocr_par' dir='ltr' id='par_1_34' title="bbox 2484 856 3907 931">
     <span class='ocr_line' id='line_1_50' title="bbox 2484 856 3907 931; baseline -0.001 -15"><span class='ocrx_word' id='word_1_261' title='bbox 2484 860 2709 917; x_wconf 79' lang='lat' dir='ltr'><strong><em>Teatdus</em></strong></span> <span class='ocrx_word' id='word_1_262' title='bbox 2737 860 2801 916; x_wconf 80' lang='lat' dir='ltr'><strong><em>de</em></strong></span> <span class='ocrx_word' id='word_1_263' title='bbox 2823 856 3150 926; x_wconf 71' lang='lat' dir='ltr'><strong><em>Cui-tesana,</em></strong></span> <span class='ocrx_word' id='word_1_264' title='bbox 3186 857 3420 930; x_wconf 80' lang='lat' dir='ltr'><strong><em>piscator</em></strong></span> <span class='ocrx_word' id='word_1_265' title='bbox 3444 856 3516 913; x_wconf 86' lang='lat' dir='ltr'><strong><em>de</em></strong></span> <span class='ocrx_word' id='word_1_266' title='bbox 3550 857 3708 931; x_wconf 81' lang='lat' dir='ltr'><strong><em>Papia</em></strong></span> <span class='ocrx_word' id='word_1_267' title='bbox 3727 900 3741 928; x_wconf 90' lang='lat'><strong><em>,</em></strong></span> <span class='ocrx_word' id='word_1_268' title='bbox 3781 859 3907 915; x_wconf 89' lang='grc'><strong>688.</strong></span> 
     </span>
    </p>
   </div>
   <div class='ocr_carea' id='block_1_7' title="bbox 2400 923 3909 1018">
    <p class='ocr_par' dir='ltr' id='par_1_35' title="bbox 2400 923 3909 1018">
     <span class='ocr_line' id='line_1_51' title="bbox 2400 923 3909 1018; baseline 0 -18"><span class='ocrx_word' id='word_1_269' title='bbox 2400 923 2407 1018; x_wconf 60' lang='lat' dir='ltr'><strong><em>l</em></strong></span> <span class='ocrx_word' id='word_1_270' title='bbox 2483 943 2740 1000; x_wconf 81' lang='lat' dir='ltr'><strong><em>Tebaldus</em></strong></span> <span class='ocrx_word' id='word_1_271' title='bbox 2767 943 2881 999; x_wconf 88' lang='lat' dir='ltr'><strong><em>sive</em></strong></span> <span class='ocrx_word' id='word_1_272' title='bbox 2908 940 3234 998; x_wconf 82' lang='lat' dir='ltr'><strong><em>Theebaldus</em></strong></span> <span class='ocrx_word' id='word_1_273' title='bbox 3260 940 3323 996; x_wconf 83' lang='lat' dir='ltr'><strong><em>de</em></strong></span> <span class='ocrx_word' id='word_1_274' title='bbox 3350 942 3759 1012; x_wconf 74' lang='lat' dir='ltr'><strong><em>Menteeereene,</em></strong></span> <span class='ocrx_word' id='word_1_275' title='bbox 3782 944 3909 1004; x_wconf 86' lang='grc'><strong>642.</strong></span> 
     </span>
    </p>
   </div>
   <div class='ocr_carea' id='block_1_8' title="bbox 2482 1031 3916 4775">
    <p class='ocr_par' dir='ltr' id='par_1_36' title="bbox 2556 1031 2682 1083">
     <span class='ocr_line' id='line_1_52' title="bbox 2556 1031 2682 1083; baseline -0.008 0"><span class='ocrx_word' id='word_1_276' title='bbox 2556 1031 2682 1083; x_wconf 84' lang='grc'><strong>643.</strong></span> 
     </span>
    </p>

    <p class='ocr_par' dir='ltr' id='par_1_37' title="bbox 2482 1106 3231 1179">
     <span class='ocr_line' id='line_1_53' title="bbox 2482 1106 3231 1179; baseline -0.005 -13"><span class='ocrx_word' id='word_1_277' title='bbox 2482 1108 2746 1166; x_wconf 82' lang='lat' dir='ltr'><strong><em>Tebatdus</em></strong></span> <span class='ocrx_word' id='word_1_278' title='bbox 2773 1109 2837 1164; x_wconf 79' lang='lat' dir='ltr'><strong><em>de</em></strong></span> <span class='ocrx_word' id='word_1_279' title='bbox 2868 1106 3079 1179; x_wconf 74' lang='lat' dir='ltr'><strong><em>Padua,</em></strong></span> <span class='ocrx_word' id='word_1_280' title='bbox 3111 1109 3231 1162; x_wconf 92' lang='grc'><strong>439.</strong></span> 
     </span>
    </p>

    <p class='ocr_par' dir='ltr' id='par_1_38' title="bbox 2484 1191 3741 1266">
     <span class='ocr_line' id='line_1_54' title="bbox 2484 1191 3741 1266; baseline -0.001 -17"><span class='ocrx_word' id='word_1_281' title='bbox 2484 1195 2780 1266; x_wconf 68' lang='lat' dir='ltr'><strong><em>styrimus,</em></strong></span> <span class='ocrx_word' id='word_1_282' title='bbox 2813 1192 3097 1266; x_wconf 84' lang='lat' dir='ltr'><strong><em>palatinus,</em></strong></span> <span class='ocrx_word' id='word_1_283' title='bbox 3129 1206 3311 1248; x_wconf 84' lang='lat' dir='ltr'><strong><em>comes</em></strong></span> <span class='ocrx_word' id='word_1_284' title='bbox 3334 1191 3583 1262; x_wconf 81' lang='lat' dir='ltr'><strong><em>Tusciae,</em></strong></span> <span class='ocrx_word' id='word_1_285' title='bbox 3614 1194 3741 1248; x_wconf 86' lang='grc'><strong>229.</strong></span> 
     </span>
    </p>

    <p class='ocr_par' dir='ltr' id='par_1_39' title="bbox 2482 1275 3908 1417">
     <span class='ocr_line' id='line_1_55' title="bbox 2482 1275 3908 1350; baseline 0.002 -17"><span class='ocrx_word' id='word_1_286' title='bbox 2482 1279 2770 1348; x_wconf 71' lang='lat' dir='ltr'><strong><em>Teyrinus,</em></strong></span> <span class='ocrx_word' id='word_1_287' title='bbox 2800 1292 3010 1346; x_wconf 87' lang='lat' dir='ltr'><strong><em>comes,</em></strong></span> <span class='ocrx_word' id='word_1_288' title='bbox 3042 1276 3203 1332; x_wconf 80' lang='lat' dir='ltr'><strong><em>frater</em></strong></span> <span class='ocrx_word' id='word_1_289' title='bbox 3228 1276 3489 1333; x_wconf 87' lang='lat' dir='ltr'><strong><em>Gnidonis</em></strong></span> <span class='ocrx_word' id='word_1_290' title='bbox 3509 1275 3757 1350; x_wconf 82' lang='lat' dir='ltr'><strong><em>palatini,</em></strong></span> <span class='ocrx_word' id='word_1_291' title='bbox 3784 1278 3908 1343; x_wconf 87' lang='grc'><strong>522,</strong></span> 
     </span>
     <span class='ocr_line' id='line_1_56' title="bbox 2554 1363 2679 1417; baseline -0.008 -1"><span class='ocrx_word' id='word_1_292' title='bbox 2554 1363 2679 1417; x_wconf 90' lang='grc'><strong>523.</strong></span> 
     </span>
    </p>

    <p class='ocr_par' dir='ltr' id='par_1_40' title="bbox 2486 1443 3446 1518">
     <span class='ocr_line' id='line_1_57' title="bbox 2486 1443 3446 1518; baseline -0.003 -17"><span class='ocrx_word' id='word_1_293' title='bbox 2486 1444 2817 1518; x_wconf 87' lang='lat' dir='ltr'><strong><em>Temptarii,</em></strong></span> <span class='ocrx_word' id='word_1_294' title='bbox 2848 1445 2975 1514; x_wconf 88' lang='grc'><strong>254,</strong></span> <span class='ocrx_word' id='word_1_295' title='bbox 3008 1444 3133 1511; x_wconf 91' lang='grc'><strong>256,</strong></span> <span class='ocrx_word' id='word_1_296' title='bbox 3164 1443 3290 1512; x_wconf 89' lang='grc'><strong>324,</strong></span> <span class='ocrx_word' id='word_1_297' title='bbox 3321 1445 3446 1501; x_wconf 88' lang='grc'><strong>338.</strong></span> 
     </span>
    </p>

    <p class='ocr_par' dir='ltr' id='par_1_41' title="bbox 2486 1527 3172 1596">
     <span class='ocr_line' id='line_1_58' title="bbox 2486 1527 3172 1596; baseline -0.007 -12"><span class='ocrx_word' id='word_1_298' title='bbox 2486 1527 2858 1596; x_wconf 70' lang='lat' dir='ltr'><strong><em>Terdonmm,</em></strong></span> <span class='ocrx_word' id='word_1_299' title='bbox 2896 1528 3019 1593; x_wconf 88' lang='grc'><strong>363,</strong></span> <span class='ocrx_word' id='word_1_300' title='bbox 3048 1528 3172 1580; x_wconf 92' lang='grc'><strong>669.</strong></span> 
     </span>
    </p>

    <p class='ocr_par' dir='ltr' id='par_1_42' title="bbox 2482 1607 3905 1682">
     <span class='ocr_line' id='line_1_59' title="bbox 2482 1607 3905 1682; baseline -0.001 -14"><span class='ocrx_word' id='word_1_301' title='bbox 2482 1614 2731 1668; x_wconf 86' lang='lat' dir='ltr'><strong><em>Terricus</em></strong></span> <span class='ocrx_word' id='word_1_302' title='bbox 2778 1610 3151 1680; x_wconf 85' lang='lat' dir='ltr'><strong><em>Theetenieus,</em></strong></span> <span class='ocrx_word' id='word_1_303' title='bbox 3194 1607 3545 1682; x_wconf 85' lang='lat' dir='ltr'><strong><em>peregrinus,</em></strong></span> <span class='ocrx_word' id='word_1_304' title='bbox 3582 1609 3718 1678; x_wconf 85' lang='grc'><strong>784,</strong></span> <span class='ocrx_word' id='word_1_305' title='bbox 3766 1610 3905 1679; x_wconf 91' lang='grc'><strong>785,</strong></span> 
     </span>
    </p>

    <p class='ocr_par' dir='ltr' id='par_1_43' title="bbox 2482 1776 3508 1852">
     <span class='ocr_line' id='line_1_60' title="bbox 2482 1776 3508 1852; baseline -0.005 -14"><span class='ocrx_word' id='word_1_306' title='bbox 2482 1781 2579 1838; x_wconf 79' lang='grc'><strong>174.</strong></span> <span class='ocrx_word' id='word_1_307' title='bbox 2612 1777 3013 1852; x_wconf 77' lang='lat' dir='ltr'><strong><em>Herbipolensis</em></strong></span> <span class='ocrx_word' id='word_1_308' title='bbox 3038 1776 3351 1848; x_wconf 83' lang='lat' dir='ltr'><strong><em>canonicus,</em></strong></span> <span class='ocrx_word' id='word_1_309' title='bbox 3384 1780 3508 1834; x_wconf 84' lang='grc'><strong>832.</strong></span> 
     </span>
    </p>

    <p class='ocr_par' dir='ltr' id='par_1_44' title="bbox 2485 1863 3060 1930">
     <span class='ocr_line' id='line_1_61' title="bbox 2485 1863 3060 1930; baseline -0.009 -9"><span class='ocrx_word' id='word_1_310' title='bbox 2485 1863 2906 1930; x_wconf 86' lang='lat' dir='ltr'><strong><em>Thaurinenses,</em></strong></span> <span class='ocrx_word' id='word_1_311' title='bbox 2937 1864 3060 1918; x_wconf 90' lang='grc'><strong>585.</strong></span> 
     </span>
    </p>

    <p class='ocr_par' dir='ltr' id='par_1_45' title="bbox 2484 1942 3911 2346">
     <span class='ocr_line' id='line_1_62' title="bbox 2484 1942 3911 2017; baseline -0.002 -13"><span class='ocrx_word' id='word_1_312' title='bbox 2484 1944 2813 2004; x_wconf 82' lang='lat' dir='ltr'><strong><em>Theebatdus</em></strong></span> <span class='ocrx_word' id='word_1_313' title='bbox 2841 1960 2937 2000; x_wconf 88' lang='lat' dir='ltr'><strong><em>seu</em></strong></span> <span class='ocrx_word' id='word_1_314' title='bbox 2967 1942 3226 2001; x_wconf 78' lang='lat' dir='ltr'><strong><em>Tebaldus</em></strong></span> <span class='ocrx_word' id='word_1_315' title='bbox 3251 1942 3597 2013; x_wconf 85' lang='lat' dir='ltr'><strong><em>Franeiseus,</em></strong></span> <span class='ocrx_word' id='word_1_316' title='bbox 3625 1943 3777 2017; x_wconf 83' lang='lat' dir='ltr'><strong><em>regni</em></strong></span> <span class='ocrx_word' id='word_1_317' title='bbox 3801 1958 3911 2002; x_wconf 87' lang='lat' dir='ltr'><strong><em>ma-</em></strong></span> 
     </span>
     <span class='ocr_line' id='line_1_63' title="bbox 2555 2032 3906 2101; baseline -0.002 -12"><span class='ocrx_word' id='word_1_318' title='bbox 2555 2032 2831 2100; x_wconf 88' lang='lat' dir='ltr'><strong><em>riscalcus,</em></strong></span> <span class='ocrx_word' id='word_1_319' title='bbox 2861 2034 2951 2101; x_wconf 89' lang='grc'><strong><em>65,</em></strong></span> <span class='ocrx_word' id='word_1_320' title='bbox 2984 2034 3073 2098; x_wconf 91' lang='grc'><strong><em>85,</em></strong></span> <span class='ocrx_word' id='word_1_321' title='bbox 3101 2034 3201 2100; x_wconf 87' lang='grc'><strong><em>88,</em></strong></span> <span class='ocrx_word' id='word_1_322' title='bbox 3227 2032 3357 2100; x_wconf 85' lang='grc'><strong>434,</strong></span> <span class='ocrx_word' id='word_1_323' title='bbox 3394 2033 3496 2086; x_wconf 89' lang='grc'><strong><em>439</em></strong></span> <span class='ocrx_word' id='word_1_324' title='bbox 3524 2035 3638 2085; x_wconf 85' lang='lat' dir='ltr'><strong><em>not.</em></strong></span> <span class='ocrx_word' id='word_1_325' title='bbox 3681 2033 3747 2100; x_wconf 85' lang='grc'><strong><em>2;</em></strong></span> <span class='ocrx_word' id='word_1_326' title='bbox 3784 2032 3906 2099; x_wconf 91' lang='grc'><strong>466,</strong></span> 
     </span>
     <span class='ocr_line' id='line_1_64' title="bbox 2558 2113 3907 2185; baseline -0.001 -17"><span class='ocrx_word' id='word_1_327' title='bbox 2558 2117 2681 2180; x_wconf 89' lang='grc'><strong>484,</strong></span> <span class='ocrx_word' id='word_1_328' title='bbox 2724 2115 2848 2181; x_wconf 84' lang='grc'><strong>497,</strong></span> <span class='ocrx_word' id='word_1_329' title='bbox 2884 2113 3011 2182; x_wconf 87' lang='grc'><strong>227,</strong></span> <span class='ocrx_word' id='word_1_330' title='bbox 3046 2115 3180 2181; x_wconf 85' lang='grc'><strong>229;</strong></span> <span class='ocrx_word' id='word_1_331' title='bbox 3221 2117 3459 2185; x_wconf 82' lang='lat' dir='ltr'><strong><em>potestas</em></strong></span> <span class='ocrx_word' id='word_1_332' title='bbox 3487 2113 3742 2181; x_wconf 82' lang='lat' dir='ltr'><strong><em>Parmae,</em></strong></span> <span class='ocrx_word' id='word_1_333' title='bbox 3784 2114 3907 2182; x_wconf 88' lang='grc'><strong>352,</strong></span> 
     </span>
     <span class='ocr_line' id='line_1_65' title="bbox 2560 2196 3909 2268; baseline -0.001 -17"><span class='ocrx_word' id='word_1_334' title='bbox 2560 2201 2682 2266; x_wconf 79' lang='grc'><strong>353,</strong></span> <span class='ocrx_word' id='word_1_335' title='bbox 2716 2198 2842 2264; x_wconf 77' lang='grc'><strong>393,</strong></span> <span class='ocrx_word' id='word_1_336' title='bbox 2866 2196 2989 2261; x_wconf 88' lang='grc'><strong>396,</strong></span> <span class='ocrx_word' id='word_1_337' title='bbox 3023 2197 3143 2265; x_wconf 89' lang='grc'><strong>463,</strong></span> <span class='ocrx_word' id='word_1_338' title='bbox 3175 2198 3297 2268; x_wconf 90' lang='grc'><strong>444,</strong></span> <span class='ocrx_word' id='word_1_339' title='bbox 3326 2198 3448 2265; x_wconf 85' lang='grc'><strong>443,</strong></span> <span class='ocrx_word' id='word_1_340' title='bbox 3474 2198 3599 2266; x_wconf 89' lang='grc'><strong>433,</strong></span> <span class='ocrx_word' id='word_1_341' title='bbox 3628 2197 3751 2267; x_wconf 88' lang='grc'><strong>439,</strong></span> <span class='ocrx_word' id='word_1_342' title='bbox 3784 2197 3909 2264; x_wconf 85' lang='grc'><strong>446,</strong></span> 
     </span>
     <span class='ocr_line' id='line_1_66' title="bbox 2558 2278 2833 2346; baseline -0.004 -14"><span class='ocrx_word' id='word_1_343' title='bbox 2558 2278 2681 2346; x_wconf 91' lang='grc'><strong>444,</strong></span> <span class='ocrx_word' id='word_1_344' title='bbox 2712 2278 2833 2334; x_wconf 88' lang='grc'><strong>458.</strong></span> 
     </span>
    </p>

    <p class='ocr_par' dir='ltr' id='par_1_46' title="bbox 2489 2359 3347 2433">
     <span class='ocr_line' id='line_1_67' title="bbox 2489 2359 3347 2433; baseline 0 -17"><span class='ocrx_word' id='word_1_345' title='bbox 2489 2359 2831 2430; x_wconf 79' lang='lat' dir='ltr'><strong><em>Theebatdus,</em></strong></span> <span class='ocrx_word' id='word_1_346' title='bbox 2857 2361 3191 2433; x_wconf 84' lang='lat' dir='ltr'><strong><em>peregrinus,</em></strong></span> <span class='ocrx_word' id='word_1_347' title='bbox 3221 2363 3347 2418; x_wconf 90' lang='grc'><strong>787.</strong></span> 
     </span>
    </p>

    <p class='ocr_par' dir='ltr' id='par_1_47' title="bbox 2487 2443 3908 2517">
     <span class='ocr_line' id='line_1_68' title="bbox 2487 2443 3908 2517; baseline 0.002 -18"><span class='ocrx_word' id='word_1_348' title='bbox 2487 2443 2783 2514; x_wconf 81' lang='lat' dir='ltr'><strong><em>Theodora,</em></strong></span> <span class='ocrx_word' id='word_1_349' title='bbox 2813 2460 2947 2501; x_wconf 83' lang='lat' dir='ltr'><strong><em>uxor</em></strong></span> <span class='ocrx_word' id='word_1_350' title='bbox 2984 2444 3228 2517; x_wconf 82' lang='lat' dir='ltr'><strong><em>Henrici,</em></strong></span> <span class='ocrx_word' id='word_1_351' title='bbox 3268 2444 3422 2501; x_wconf 87' lang='lat' dir='ltr'><strong><em>ducis</em></strong></span> <span class='ocrx_word' id='word_1_352' title='bbox 3461 2443 3733 2515; x_wconf 79' lang='lat' dir='ltr'><strong><em>Austriae,</em></strong></span> <span class='ocrx_word' id='word_1_353' title='bbox 3777 2448 3908 2513; x_wconf 89' lang='grc'><strong>292,</strong></span> 
     </span>
    </p>

    <p class='ocr_par' dir='ltr' id='par_1_48' title="bbox 2487 2610 3748 2681">
     <span class='ocr_line' id='line_1_69' title="bbox 2487 2610 3748 2681; baseline -0.001 -13"><span class='ocrx_word' id='word_1_354' title='bbox 2487 2610 2782 2681; x_wconf 78' lang='lat' dir='ltr'><strong><em>Theodora,</em></strong></span> <span class='ocrx_word' id='word_1_355' title='bbox 2810 2626 2947 2668; x_wconf 83' lang='lat' dir='ltr'><strong><em>uxor</em></strong></span> <span class='ocrx_word' id='word_1_356' title='bbox 2970 2610 3240 2668; x_wconf 83' lang='lat' dir='ltr'><strong><em>Guillelmi</em></strong></span> <span class='ocrx_word' id='word_1_357' title='bbox 3262 2610 3331 2667; x_wconf 87' lang='lat' dir='ltr'><strong><em>de</em></strong></span> <span class='ocrx_word' id='word_1_358' title='bbox 3357 2610 3595 2680; x_wconf 85' lang='lat' dir='ltr'><strong><em>Tribino,</em></strong></span> <span class='ocrx_word' id='word_1_359' title='bbox 3623 2611 3748 2667; x_wconf 91' lang='grc'><strong>477.</strong></span> 
     </span>
    </p>

    <p class='ocr_par' dir='ltr' id='par_1_49' title="bbox 2486 2695 3910 2849">
     <span class='ocr_line' id='line_1_70' title="bbox 2486 2695 3910 2769; baseline 0.001 -17"><span class='ocrx_word' id='word_1_360' title='bbox 2486 2695 2874 2765; x_wconf 81' lang='lat' dir='ltr'><strong><em>Theodericus,</em></strong></span> <span class='ocrx_word' id='word_1_361' title='bbox 2919 2696 3204 2752; x_wconf 83' lang='lat' dir='ltr'><strong><em>Ravennas</em></strong></span> <span class='ocrx_word' id='word_1_362' title='bbox 3258 2696 3721 2769; x_wconf 82' lang='lat' dir='ltr'><strong><em>archiepiscopus,</em></strong></span> <span class='ocrx_word' id='word_1_363' title='bbox 3776 2696 3910 2765; x_wconf 85' lang='grc'><strong>284,</strong></span> 
     </span>
     <span class='ocr_line' id='line_1_71' title="bbox 2557 2780 3191 2849; baseline 0 -15"><span class='ocrx_word' id='word_1_364' title='bbox 2557 2781 2680 2845; x_wconf 87' lang='grc'><strong>373,</strong></span> <span class='ocrx_word' id='word_1_365' title='bbox 2712 2781 2814 2835; x_wconf 86' lang='grc'><strong><em>379</em></strong></span> <span class='ocrx_word' id='word_1_366' title='bbox 2837 2785 2950 2836; x_wconf 80' lang='lat' dir='ltr'><strong><em>not.</em></strong></span> <span class='ocrx_word' id='word_1_367' title='bbox 2980 2783 3033 2849; x_wconf 86' lang='grc'><strong><em>4;</em></strong></span> <span class='ocrx_word' id='word_1_368' title='bbox 3070 2780 3191 2836; x_wconf 92' lang='grc'><strong>476.</strong></span> 
     </span>
    </p>

    <p class='ocr_par' dir='ltr' id='par_1_50' title="bbox 2485 2860 3907 3014">
     <span class='ocr_line' id='line_1_72' title="bbox 2485 2860 3907 2935; baseline 0.001 -18"><span class='ocrx_word' id='word_1_369' title='bbox 2485 2860 2870 2932; x_wconf 71' lang='lat' dir='ltr'><strong><em>Theodericus,</em></strong></span> <span class='ocrx_word' id='word_1_370' title='bbox 2902 2860 3249 2919; x_wconf 78' lang='lat' dir='ltr'><strong><em>Treverensis</em></strong></span> <span class='ocrx_word' id='word_1_371' title='bbox 3279 2861 3744 2935; x_wconf 80' lang='lat' dir='ltr'><strong><em>archiepiscopus,</em></strong></span> <span class='ocrx_word' id='word_1_372' title='bbox 3782 2863 3907 2931; x_wconf 90' lang='grc'><strong>576,</strong></span> 
     </span>
     <span class='ocr_line' id='line_1_73' title="bbox 2555 2947 2836 3014; baseline 0.004 -14"><span class='ocrx_word' id='word_1_373' title='bbox 2555 2947 2680 3014; x_wconf 91' lang='grc'><strong>827,</strong></span> <span class='ocrx_word' id='word_1_374' title='bbox 2712 2949 2836 3001; x_wconf 85' lang='grc'><strong>829.</strong></span> 
     </span>
    </p>

    <p class='ocr_par' dir='ltr' id='par_1_51' title="bbox 2488 3027 3907 3102">
     <span class='ocr_line' id='line_1_74' title="bbox 2488 3027 3907 3102; baseline -0.001 -16"><span class='ocrx_word' id='word_1_375' title='bbox 2488 3028 2861 3100; x_wconf 72' lang='lat' dir='ltr'><strong><em>Theodericus,</em></strong></span> <span class='ocrx_word' id='word_1_376' title='bbox 2880 3028 3046 3086; x_wconf 76' lang='lat' dir='ltr'><strong><em>frater</em></strong></span> <span class='ocrx_word' id='word_1_377' title='bbox 3060 3028 3284 3086; x_wconf 82' lang='lat' dir='ltr'><strong><em>Gerardi</em></strong></span> <span class='ocrx_word' id='word_1_378' title='bbox 3300 3028 3369 3086; x_wconf 89' lang='lat' dir='ltr'><strong><em>de</em></strong></span> <span class='ocrx_word' id='word_1_379' title='bbox 3383 3027 3581 3102; x_wconf 80' lang='lat' dir='ltr'><strong><em>Sinzig,</em></strong></span> <span class='ocrx_word' id='word_1_380' title='bbox 3601 3029 3705 3086; x_wconf 89' lang='grc'><strong><em>872</em></strong></span> <span class='ocrx_word' id='word_1_381' title='bbox 3722 3034 3834 3085; x_wconf 82' lang='lat' dir='ltr'><strong><em>not.</em></strong></span> <span class='ocrx_word' id='word_1_382' title='bbox 3854 3033 3879 3085; x_wconf 90' lang='grc'><strong><em>4</em></strong></span> <span class='ocrx_word' id='word_1_383' title='bbox 3890 3070 3907 3085; x_wconf 93' lang='grc'><strong><em>.</em></strong></span> 
     </span>
    </p>

    <p class='ocr_par' dir='ltr' id='par_1_52' title="bbox 2487 3111 3912 3270">
     <span class='ocr_line' id='line_1_75' title="bbox 2487 3111 3912 3185; baseline -0.001 -15"><span class='ocrx_word' id='word_1_384' title='bbox 2487 3112 2842 3170; x_wconf 79' lang='lat' dir='ltr'><strong><em>Theodericus</em></strong></span> <span class='ocrx_word' id='word_1_385' title='bbox 2882 3112 2945 3168; x_wconf 81' lang='lat' dir='ltr'><strong><em>de</em></strong></span> <span class='ocrx_word' id='word_1_386' title='bbox 2995 3112 3351 3185; x_wconf 71' lang='lat' dir='ltr'><strong><em>Orleuesberq</em></strong></span> <span class='ocrx_word' id='word_1_387' title='bbox 3365 3154 3379 3183; x_wconf 93' lang='lat'><strong><em>,</em></strong></span> <span class='ocrx_word' id='word_1_388' title='bbox 3438 3111 3662 3170; x_wconf 82' lang='lat' dir='ltr'><strong><em>nuntius</em></strong></span> <span class='ocrx_word' id='word_1_389' title='bbox 3710 3112 3912 3169; x_wconf 83' lang='lat' dir='ltr'><strong><em>civium</em></strong></span> 
     </span>
     <span class='ocr_line' id='line_1_76' title="bbox 2554 3198 3074 3270; baseline -0.004 -15"><span class='ocrx_word' id='word_1_390' title='bbox 2554 3198 2915 3270; x_wconf 83' lang='lat' dir='ltr'><strong><em>Aquensium,</em></strong></span> <span class='ocrx_word' id='word_1_391' title='bbox 2947 3201 3074 3255; x_wconf 87' lang='grc'><strong>223.</strong></span> 
     </span>
    </p>

    <p class='ocr_par' dir='ltr' id='par_1_53' title="bbox 2489 3279 3914 3438">
     <span class='ocr_line' id='line_1_77' title="bbox 2489 3279 3914 3348; baseline -0.001 -9"><span class='ocrx_word' id='word_1_392' title='bbox 2489 3281 2846 3339; x_wconf 73' lang='lat' dir='ltr'><strong><em>Theodericus</em></strong></span> <span class='ocrx_word' id='word_1_393' title='bbox 2870 3283 2935 3337; x_wconf 78' lang='lat' dir='ltr'><strong><em>de</em></strong></span> <span class='ocrx_word' id='word_1_394' title='bbox 2966 3281 3311 3348; x_wconf 77' lang='lat' dir='ltr'><strong><em>Rodenstedt,</em></strong></span> <span class='ocrx_word' id='word_1_395' title='bbox 3343 3279 3673 3338; x_wconf 81' lang='lat' dir='ltr'><strong><em>camerarius</em></strong></span> <span class='ocrx_word' id='word_1_396' title='bbox 3699 3280 3914 3337; x_wconf 76' lang='lat' dir='ltr'><strong><em>Hem-ici</em></strong></span> 
     </span>
     <span class='ocr_line' id='line_1_78' title="bbox 2555 3365 3359 3438; baseline -0.001 -17"><span class='ocrx_word' id='word_1_397' title='bbox 2555 3365 2834 3438; x_wconf 76' lang='lat' dir='ltr'><strong><em>lantgravii</em></strong></span> <span class='ocrx_word' id='word_1_398' title='bbox 2862 3365 3201 3437; x_wconf 84' lang='lat' dir='ltr'><strong><em>Thuringiae,</em></strong></span> <span class='ocrx_word' id='word_1_399' title='bbox 3234 3369 3359 3422; x_wconf 95' lang='grc'><strong>400.</strong></span> 
     </span>
    </p>

    <p class='ocr_par' dir='ltr' id='par_1_54' title="bbox 2483 3446 3810 3521">
     <span class='ocr_line' id='line_1_79' title="bbox 2483 3446 3810 3521; baseline -0.002 -17"><span class='ocrx_word' id='word_1_400' title='bbox 2483 3447 2835 3504; x_wconf 80' lang='lat' dir='ltr'><strong><em>Theodericus</em></strong></span> <span class='ocrx_word' id='word_1_401' title='bbox 2856 3447 2918 3503; x_wconf 80' lang='lat' dir='ltr'><strong><em>de</em></strong></span> <span class='ocrx_word' id='word_1_402' title='bbox 2948 3447 3286 3518; x_wconf 78' lang='lat' dir='ltr'><strong><em>Vindiberdi,</em></strong></span> <span class='ocrx_word' id='word_1_403' title='bbox 3316 3446 3653 3521; x_wconf 83' lang='lat' dir='ltr'><strong><em>peregrinus,</em></strong></span> <span class='ocrx_word' id='word_1_404' title='bbox 3682 3447 3810 3505; x_wconf 90' lang='grc'><strong>785.</strong></span> 
     </span>
    </p>

    <p class='ocr_par' dir='ltr' id='par_1_55' title="bbox 2489 3531 3272 3601">
     <span class='ocr_line' id='line_1_80' title="bbox 2489 3531 3272 3601; baseline -0.003 -13"><span class='ocrx_word' id='word_1_405' title='bbox 2489 3531 2789 3588; x_wconf 83' lang='lat' dir='ltr'><strong><em>Theodorus</em></strong></span> <span class='ocrx_word' id='word_1_406' title='bbox 2817 3532 3093 3589; x_wconf 87' lang='lat' dir='ltr'><strong><em>Cumanus</em></strong></span> <span class='ocrx_word' id='word_1_407' title='bbox 3109 3577 3122 3601; x_wconf 93' lang='lat'><strong><em>,</em></strong></span> <span class='ocrx_word' id='word_1_408' title='bbox 3147 3532 3272 3587; x_wconf 89' lang='grc'><strong>607.</strong></span> 
     </span>
    </p>

    <p class='ocr_par' dir='ltr' id='par_1_56' title="bbox 2486 3616 2977 3685">
     <span class='ocr_line' id='line_1_81' title="bbox 2486 3616 2977 3685; baseline -0.004 -12"><span class='ocrx_word' id='word_1_409' title='bbox 2486 3616 2822 3685; x_wconf 80' lang='lat' dir='ltr'><strong><em>Theotonici,</em></strong></span> <span class='ocrx_word' id='word_1_410' title='bbox 2853 3619 2977 3671; x_wconf 84' lang='grc'><strong>363.</strong></span> 
     </span>
    </p>

    <p class='ocr_par' dir='ltr' id='par_1_57' title="bbox 2484 3699 3224 3773">
     <span class='ocr_line' id='line_1_82' title="bbox 2484 3699 3224 3773; baseline -0.001 -17"><span class='ocrx_word' id='word_1_411' title='bbox 2484 3699 2775 3773; x_wconf 64' lang='lat' dir='ltr'><strong><em>Ther-polus</em></strong></span> <span class='ocrx_word' id='word_1_412' title='bbox 2805 3699 3066 3771; x_wconf 86' lang='lat' dir='ltr'><strong><em>Comitis,</em></strong></span> <span class='ocrx_word' id='word_1_413' title='bbox 3098 3702 3224 3755; x_wconf 88' lang='grc'><strong>643.</strong></span> 
     </span>
    </p>

    <p class='ocr_par' dir='ltr' id='par_1_58' title="bbox 2486 3782 3505 3855">
     <span class='ocr_line' id='line_1_83' title="bbox 2486 3782 3505 3855; baseline -0.002 -16"><span class='ocrx_word' id='word_1_414' title='bbox 2486 3782 2774 3839; x_wconf 82' lang='lat' dir='ltr'><strong><em>Thibeldus</em></strong></span> <span class='ocrx_word' id='word_1_415' title='bbox 2801 3782 2864 3838; x_wconf 78' lang='lat' dir='ltr'><strong><em>de</em></strong></span> <span class='ocrx_word' id='word_1_416' title='bbox 2891 3783 3161 3855; x_wconf 72' lang='lat' dir='ltr'><strong><em>Draqone,</em></strong></span> <span class='ocrx_word' id='word_1_417' title='bbox 3188 3784 3276 3853; x_wconf 94' lang='grc'><strong><em>36,</em></strong></span> <span class='ocrx_word' id='word_1_418' title='bbox 3307 3786 3421 3837; x_wconf 86' lang='lat' dir='ltr'><strong><em>not.</em></strong></span> <span class='ocrx_word' id='word_1_419' title='bbox 3450 3784 3505 3840; x_wconf 88' lang='grc'><strong><em>2.</em></strong></span> 
     </span>
    </p>

    <p class='ocr_par' dir='ltr' id='par_1_59' title="bbox 2486 3866 3484 3939">
     <span class='ocr_line' id='line_1_84' title="bbox 2486 3866 3484 3939; baseline -0.002 -16"><span class='ocrx_word' id='word_1_420' title='bbox 2486 3866 2736 3937; x_wconf 86' lang='lat' dir='ltr'><strong><em>Thomas,</em></strong></span> <span class='ocrx_word' id='word_1_421' title='bbox 2764 3866 2953 3928; x_wconf 76' lang='lat' dir='ltr'><strong><em>frater.</em></strong></span> <span class='ocrx_word' id='word_1_422' title='bbox 2981 3866 3327 3939; x_wconf 82' lang='lat' dir='ltr'><strong><em>peregrinus,</em></strong></span> <span class='ocrx_word' id='word_1_423' title='bbox 3356 3867 3484 3922; x_wconf 92' lang='grc'><strong>786.</strong></span> 
     </span>
    </p>

    <p class='ocr_par' dir='ltr' id='par_1_60' title="bbox 2491 3948 3414 4020">
     <span class='ocr_line' id='line_1_85' title="bbox 2491 3948 3414 4020; baseline -0.003 -13"><span class='ocrx_word' id='word_1_424' title='bbox 2491 3950 2717 4007; x_wconf 86' lang='lat' dir='ltr'><strong><em>Thomas</em></strong></span> <span class='ocrx_word' id='word_1_425' title='bbox 2740 3948 2974 4020; x_wconf 80' lang='lat' dir='ltr'><strong><em>Alberti,</em></strong></span> <span class='ocrx_word' id='word_1_426' title='bbox 3003 3950 3263 4018; x_wconf 83' lang='lat' dir='ltr'><strong><em>notarius,</em></strong></span> <span class='ocrx_word' id='word_1_427' title='bbox 3292 3952 3414 4007; x_wconf 88' lang='grc'><strong>569.</strong></span> 
     </span>
    </p>

    <p class='ocr_par' dir='ltr' id='par_1_61' title="bbox 2493 4033 3535 4107">
     <span class='ocr_line' id='line_1_86' title="bbox 2493 4033 3535 4107; baseline -0.003 -16"><span class='ocrx_word' id='word_1_428' title='bbox 2493 4035 2720 4092; x_wconf 85' lang='lat' dir='ltr'><strong><em>Thomas</em></strong></span> <span class='ocrx_word' id='word_1_429' title='bbox 2742 4033 3018 4105; x_wconf 71' lang='lat' dir='ltr'><strong><em>Anytieus,</em></strong></span> <span class='ocrx_word' id='word_1_430' title='bbox 3048 4033 3381 4107; x_wconf 83' lang='lat' dir='ltr'><strong><em>peregrinus,</em></strong></span> <span class='ocrx_word' id='word_1_431' title='bbox 3407 4034 3535 4088; x_wconf 91' lang='grc'><strong>786.</strong></span> 
     </span>
    </p>

    <p class='ocr_par' dir='ltr' id='par_1_62' title="bbox 2490 4112 3916 4440">
     <span class='ocr_line' id='line_1_87' title="bbox 2490 4112 3916 4189; baseline -0.001 -17"><span class='ocrx_word' id='word_1_432' title='bbox 2490 4116 2720 4173; x_wconf 77' lang='lat' dir='ltr'><strong><em>Thomas</em></strong></span> <span class='ocrx_word' id='word_1_433' title='bbox 2737 4113 2799 4171; x_wconf 79' lang='lat' dir='ltr'><strong><em>de</em></strong></span> <span class='ocrx_word' id='word_1_434' title='bbox 2818 4116 3049 4189; x_wconf 79' lang='lat' dir='ltr'><strong><em>Aquino,</em></strong></span> <span class='ocrx_word' id='word_1_435' title='bbox 3080 4116 3233 4188; x_wconf 83' lang='lat' dir='ltr'><strong><em>regni</em></strong></span> <span class='ocrx_word' id='word_1_436' title='bbox 3260 4113 3725 4189; x_wconf 76' lang='lat' dir='ltr'><strong><em>Hierosolymitani</em></strong></span> <span class='ocrx_word' id='word_1_437' title='bbox 3743 4112 3916 4171; x_wconf 77' lang='lat' dir='ltr'><strong><em>balius</em></strong></span> 
     </span>
     <span class='ocr_line' id='line_1_88' title="bbox 2558 4198 3911 4273; baseline 0 -17"><span class='ocrx_word' id='word_1_438' title='bbox 2558 4204 2613 4257; x_wconf 86' lang='lat' dir='ltr'><strong><em>et</em></strong></span> <span class='ocrx_word' id='word_1_439' title='bbox 2645 4200 2853 4273; x_wconf 83' lang='lat' dir='ltr'><strong><em>imperii</em></strong></span> <span class='ocrx_word' id='word_1_440' title='bbox 2900 4200 3103 4272; x_wconf 83' lang='lat' dir='ltr'><strong><em>legatus</em></strong></span> <span class='ocrx_word' id='word_1_441' title='bbox 3139 4200 3197 4255; x_wconf 89' lang='lat' dir='ltr'><strong><em>in</em></strong></span> <span class='ocrx_word' id='word_1_442' title='bbox 3244 4199 3487 4273; x_wconf 80' lang='lat' dir='ltr'><strong><em>partibus</em></strong></span> <span class='ocrx_word' id='word_1_443' title='bbox 3525 4198 3911 4266; x_wconf 79' lang='lat' dir='ltr'><strong><em>transmarinis,</em></strong></span> 
     </span>
     <span class='ocr_line' id='line_1_89' title="bbox 2560 4284 3909 4355; baseline -0.002 -15"><span class='ocrx_word' id='word_1_444' title='bbox 2560 4287 2692 4355; x_wconf 87' lang='grc'><strong>446,</strong></span> <span class='ocrx_word' id='word_1_445' title='bbox 2728 4286 2831 4339; x_wconf 90' lang='grc'><strong><em>447</em></strong></span> <span class='ocrx_word' id='word_1_446' title='bbox 2855 4292 2912 4341; x_wconf 84' lang='lat' dir='ltr'><strong><em>et</em></strong></span> <span class='ocrx_word' id='word_1_447' title='bbox 2938 4290 3052 4341; x_wconf 82' lang='lat' dir='ltr'><strong><em>net.</em></strong></span> <span class='ocrx_word' id='word_1_448' title='bbox 3087 4288 3141 4355; x_wconf 87' lang='grc'><strong><em>4;</em></strong></span> <span class='ocrx_word' id='word_1_449' title='bbox 3169 4299 3353 4341; x_wconf 87' lang='lat' dir='ltr'><strong><em>comes</em></strong></span> <span class='ocrx_word' id='word_1_450' title='bbox 3385 4285 3739 4355; x_wconf 76' lang='lat' dir='ltr'><strong><em>Acerrarmn,</em></strong></span> <span class='ocrx_word' id='word_1_451' title='bbox 3783 4284 3909 4354; x_wconf 84' lang='grc'><strong>323,</strong></span> 
     </span>
     <span class='ocr_line' id='line_1_90' title="bbox 2557 4371 2838 4440; baseline -0.004 -16"><span class='ocrx_word' id='word_1_452' title='bbox 2557 4372 2681 4440; x_wconf 70' lang='lat' dir='ltr'><strong><em>sss,</em></strong></span> <span class='ocrx_word' id='word_1_453' title='bbox 2713 4371 2838 4425; x_wconf 90' lang='grc'><strong>943.</strong></span> 
     </span>
    </p>

    <p class='ocr_par' dir='ltr' id='par_1_63' title="bbox 2487 4449 3552 4524">
     <span class='ocr_line' id='line_1_91' title="bbox 2487 4449 3552 4524; baseline -0.002 -17"><span class='ocrx_word' id='word_1_454' title='bbox 2487 4450 2717 4508; x_wconf 88' lang='lat' dir='ltr'><strong><em>Thomas</em></strong></span> <span class='ocrx_word' id='word_1_455' title='bbox 2745 4451 2810 4508; x_wconf 78' lang='lat' dir='ltr'><strong><em>de</em></strong></span> <span class='ocrx_word' id='word_1_456' title='bbox 2843 4451 3061 4524; x_wconf 87' lang='lat' dir='ltr'><strong><em>Capua,</em></strong></span> <span class='ocrx_word' id='word_1_457' title='bbox 3090 4449 3395 4523; x_wconf 79' lang='lat' dir='ltr'><strong><em>cardinalia,</em></strong></span> <span class='ocrx_word' id='word_1_458' title='bbox 3427 4453 3552 4509; x_wconf 83' lang='grc'><strong>245.</strong></span> 
     </span>
    </p>

    <p class='ocr_par' dir='ltr' id='par_1_64' title="bbox 2488 4533 3539 4607">
     <span class='ocr_line' id='line_1_92' title="bbox 2488 4533 3539 4607; baseline -0.001 -18"><span class='ocrx_word' id='word_1_459' title='bbox 2488 4533 2714 4591; x_wconf 66' lang='lat' dir='ltr'><strong><em>Thomas</em></strong></span> <span class='ocrx_word' id='word_1_460' title='bbox 2740 4533 2803 4591; x_wconf 88' lang='lat' dir='ltr'><strong><em>de</em></strong></span> <span class='ocrx_word' id='word_1_461' title='bbox 2836 4534 3015 4605; x_wconf 81' lang='lat' dir='ltr'><strong><em>Ceuli,</em></strong></span> <span class='ocrx_word' id='word_1_462' title='bbox 3046 4535 3378 4607; x_wconf 68' lang='lat' dir='ltr'><strong><em>peregrinum,</em></strong></span> <span class='ocrx_word' id='word_1_463' title='bbox 3408 4536 3539 4591; x_wconf 90' lang='grc'><strong>786.</strong></span> 
     </span>
    </p>

    <p class='ocr_par' dir='ltr' id='par_1_65' title="bbox 2488 4617 3609 4693">
     <span class='ocr_line' id='line_1_93' title="bbox 2488 4617 3609 4693; baseline 0 -20"><span class='ocrx_word' id='word_1_464' title='bbox 2488 4617 2719 4675; x_wconf 72' lang='grc'><strong>17464663</strong></span> <span class='ocrx_word' id='word_1_465' title='bbox 2748 4617 2811 4673; x_wconf 82' lang='lat' dir='ltr'><strong><em>de</em></strong></span> <span class='ocrx_word' id='word_1_466' title='bbox 2838 4617 3086 4693; x_wconf 80' lang='lat' dir='ltr'><strong><em>Dinand,</em></strong></span> <span class='ocrx_word' id='word_1_467' title='bbox 3116 4618 3451 4691; x_wconf 79' lang='lat' dir='ltr'><strong><em>peregrinus,</em></strong></span> <span class='ocrx_word' id='word_1_468' title='bbox 3480 4618 3609 4675; x_wconf 90' lang='grc'><strong>787.</strong></span> 
     </span>
    </p>

    <p class='ocr_par' dir='ltr' id='par_1_66' title="bbox 2484 4699 3528 4775">
     <span class='ocr_line' id='line_1_94' title="bbox 2484 4699 3528 4775; baseline -0.002 -18"><span class='ocrx_word' id='word_1_469' title='bbox 2484 4699 2713 4758; x_wconf 88' lang='lat' dir='ltr'><strong><em>Thomas</em></strong></span> <span class='ocrx_word' id='word_1_470' title='bbox 2741 4702 3012 4773; x_wconf 84' lang='lat' dir='ltr'><strong><em>Licamer,</em></strong></span> <span class='ocrx_word' id='word_1_471' title='bbox 3037 4701 3371 4775; x_wconf 84' lang='lat' dir='ltr'><strong><em>peregrinus,</em></strong></span> <span class='ocrx_word' id='word_1_472' title='bbox 3402 4700 3528 4757; x_wconf 90' lang='grc'><strong>787.</strong></span> 
     </span>
    </p>
   </div>
  </div>
 </body>
</html>
