<?xml version="1.0" encoding="UTF-8"?>
<!DOCTYPE html PUBLIC "-//W3C//DTD XHTML 1.0 Transitional//EN"
    "http://www.w3.org/TR/xhtml1/DTD/xhtml1-transitional.dtd">
<html xmlns="http://www.w3.org/1999/xhtml" xml:lang="en" lang="en">
 <head>
  <title>
</title>
<meta http-equiv="Content-Type" content="text/html;charset=utf-8" />
  <meta name='ocr-system' content='tesseract 3.04.00' />
  <meta name='ocr-capabilities' content='ocr_page ocr_carea ocr_par ocr_line ocrx_word'/>
</head>
<body>
  <div class='ocr_page' id='page_1' title='image "./historiadiploma01empegoog_0061.png"; bbox 0 0 4525 6031; ppageno 0'>
   <div class='ocr_carea' id='block_1_1' title="bbox 748 626 3574 707">
    <p class='ocr_par' dir='ltr' id='par_1_1' title="bbox 748 626 3574 707">
     <span class='ocr_line' id='line_1_1' title="bbox 748 626 3574 707; baseline 0.001 -19"><span class='ocrx_word' id='word_1_1' title='bbox 748 631 949 688; x_wconf 72' lang='lat' dir='ltr'>lxmcr.</span> <span class='ocrx_word' id='word_1_2' title='bbox 981 628 1075 707; x_wconf 92' lang='grc'>6.]</span> <span class='ocrx_word' id='word_1_3' title='bbox 1656 626 2050 689; x_wconf 84' lang='lat' dir='ltr'>HISTORIA</span> <span class='ocrx_word' id='word_1_4' title='bbox 2103 628 2700 692; x_wconf 80' lang='lat' dir='ltr'><strong>DIPLOMATICA.</strong></span> <span class='ocrx_word' id='word_1_5' title='bbox 3460 628 3574 691; x_wconf 88' lang='lat'>601</span> 
     </span>
    </p>
   </div>
   <div class='ocr_carea' id='block_1_2' title="bbox 742 762 3586 3841">
    <p class='ocr_par' dir='ltr' id='par_1_2' title="bbox 742 762 3586 3841">
     <span class='ocr_line' id='line_1_2' title="bbox 747 762 3584 862; baseline 0 -26"><span class='ocrx_word' id='word_1_6' title='bbox 747 765 990 836; x_wconf 86' lang='lat' dir='ltr'>stolica</span> <span class='ocrx_word' id='word_1_7' title='bbox 1016 765 1217 837; x_wconf 90' lang='lat' dir='ltr'>vobis</span> <span class='ocrx_word' id='word_1_8' title='bbox 1244 765 1501 860; x_wconf 81' lang='lat' dir='ltr'>scripta</span> <span class='ocrx_word' id='word_1_9' title='bbox 1529 762 1820 837; x_wconf 85' lang='lat' dir='ltr'>firmiter</span> <span class='ocrx_word' id='word_1_10' title='bbox 1841 766 2286 858; x_wconf 80' lang='lat' dir='ltr'>injungentes</span> <span class='ocrx_word' id='word_1_11' title='bbox 2303 776 2648 860; x_wconf 85' lang='lat' dir='ltr'>quatenus</span> <span class='ocrx_word' id='word_1_12' title='bbox 2665 766 3182 838; x_wconf 81' lang='lat' dir='ltr'>considerantes</span> <span class='ocrx_word' id='word_1_13' title='bbox 3199 766 3584 862; x_wconf 89' lang='lat' dir='ltr'>prudenter</span> 
     </span>
     <span class='ocr_line' id='line_1_3' title="bbox 748 888 3579 987; baseline 0.001 -28"><span class='ocrx_word' id='word_1_14' title='bbox 748 888 955 959; x_wconf 87' lang='lat' dir='ltr'>nimis</span> <span class='ocrx_word' id='word_1_15' title='bbox 988 901 1188 983; x_wconf 85' lang='lat' dir='ltr'>turpe</span> <span class='ocrx_word' id='word_1_16' title='bbox 1226 910 1377 960; x_wconf 86' lang='lat' dir='ltr'>esse</span> <span class='ocrx_word' id='word_1_17' title='bbox 1419 910 1579 960; x_wconf 94' lang='lat' dir='ltr'>cum</span> <span class='ocrx_word' id='word_1_18' title='bbox 1627 910 1740 960; x_wconf 89' lang='lat' dir='ltr'>res</span> <span class='ocrx_word' id='word_1_19' title='bbox 1779 910 2123 961; x_wconf 91' lang='lat' dir='ltr'>annorum</span> <span class='ocrx_word' id='word_1_20' title='bbox 2159 892 2537 962; x_wconf 85' lang='lat' dir='ltr'>multorum</span> <span class='ocrx_word' id='word_1_21' title='bbox 2570 900 2885 987; x_wconf 85' lang='lat' dir='ltr'>promota</span> <span class='ocrx_word' id='word_1_22' title='bbox 2919 892 3272 963; x_wconf 85' lang='lat' dir='ltr'>laboribus</span> <span class='ocrx_word' id='word_1_23' title='bbox 3303 893 3579 964; x_wconf 87' lang='lat' dir='ltr'>culmen</span> 
     </span>
     <span class='ocr_line' id='line_1_4' title="bbox 747 1013 3586 1111; baseline 0.001 -26"><span class='ocrx_word' id='word_1_24' title='bbox 747 1013 1025 1106; x_wconf 87' lang='lat' dir='ltr'>attingit</span> <span class='ocrx_word' id='word_1_25' title='bbox 1054 1014 1145 1085; x_wconf 91' lang='lat' dir='ltr'>ab</span> <span class='ocrx_word' id='word_1_26' title='bbox 1177 1013 1490 1093; x_wconf 78' lang='lat' dir='ltr'>instanti.</span> <span class='ocrx_word' id='word_1_27' title='bbox 1522 1035 1651 1109; x_wconf 90' lang='lat' dir='ltr'>per</span> <span class='ocrx_word' id='word_1_28' title='bbox 1680 1014 2000 1085; x_wconf 91' lang='lat' dir='ltr'>inertiam</span> <span class='ocrx_word' id='word_1_29' title='bbox 2028 1016 2359 1104; x_wconf 84' lang='lat' dir='ltr'>relaxari,</span> <span class='ocrx_word' id='word_1_30' title='bbox 2396 1016 2467 1085; x_wconf 93' lang='lat' dir='ltr'>in</span> <span class='ocrx_word' id='word_1_31' title='bbox 2504 1015 2906 1086; x_wconf 86' lang='lat' dir='ltr'>defensione</span> <span class='ocrx_word' id='word_1_32' title='bbox 2937 1015 3235 1087; x_wconf 85' lang='lat' dir='ltr'>civitatis</span> <span class='ocrx_word' id='word_1_33' title='bbox 3271 1015 3586 1111; x_wconf 88' lang='lat' dir='ltr'>predicte</span> 
     </span>
     <span class='ocr_line' id='line_1_5' title="bbox 748 1137 3581 1234; baseline 0.001 -26"><span class='ocrx_word' id='word_1_34' title='bbox 748 1138 836 1208; x_wconf 91' lang='lat' dir='ltr'>de</span> <span class='ocrx_word' id='word_1_35' title='bbox 863 1159 1004 1230; x_wconf 89' lang='lat' dir='ltr'>qua</span> <span class='ocrx_word' id='word_1_36' title='bbox 1035 1137 1295 1233; x_wconf 89' lang='lat' dir='ltr'>pendet</span> <span class='ocrx_word' id='word_1_37' title='bbox 1325 1138 1758 1233; x_wconf 86' lang='lat' dir='ltr'>potissimum</span> <span class='ocrx_word' id='word_1_38' title='bbox 1790 1140 2126 1211; x_wconf 84' lang='lat' dir='ltr'>relevatio</span> <span class='ocrx_word' id='word_1_39' title='bbox 2159 1149 2381 1211; x_wconf 85' lang='lat' dir='ltr'>status</span> <span class='ocrx_word' id='word_1_40' title='bbox 2397 1140 2828 1229; x_wconf 92' lang='lat' dir='ltr'>Italie,nullo</span> <span class='ocrx_word' id='word_1_41' title='bbox 2857 1137 3086 1210; x_wconf 84' lang='lat' dir='ltr'>velitis</span> <span class='ocrx_word' id='word_1_42' title='bbox 3115 1147 3427 1234; x_wconf 92' lang='lat' dir='ltr'>tempore</span> <span class='ocrx_word' id='word_1_43' title='bbox 3456 1139 3581 1211; x_wconf 93' lang='lat' dir='ltr'>de·</span> 
     </span>
     <span class='ocr_line' id='line_1_6' title="bbox 749 1260 3584 1358; baseline 0.001 -26"><span class='ocrx_word' id='word_1_44' title='bbox 749 1260 955 1334; x_wconf 85' lang='lat' dir='ltr'>ficere</span> <span class='ocrx_word' id='word_1_45' title='bbox 999 1264 1113 1334; x_wconf 87' lang='lat' dir='ltr'>vel</span> <span class='ocrx_word' id='word_1_46' title='bbox 1158 1261 1453 1352; x_wconf 81' lang='lat' dir='ltr'>remitti,</span> <span class='ocrx_word' id='word_1_47' title='bbox 1489 1261 1802 1355; x_wconf 90' lang='lat' dir='ltr'>quinimo</span> <span class='ocrx_word' id='word_1_48' title='bbox 1852 1272 2185 1355; x_wconf 87' lang='lat' dir='ltr'>tanquam</span> <span class='ocrx_word' id='word_1_49' title='bbox 2231 1263 2362 1334; x_wconf 89' lang='lat' dir='ltr'>viri</span> <span class='ocrx_word' id='word_1_50' title='bbox 2403 1262 2668 1335; x_wconf 89' lang='lat' dir='ltr'>strenui</span> <span class='ocrx_word' id='word_1_51' title='bbox 2714 1263 3049 1354; x_wconf 91' lang='lat' dir='ltr'>majorem</span> <span class='ocrx_word' id='word_1_52' title='bbox 3093 1284 3188 1333; x_wconf 85' lang='lat' dir='ltr'>ex</span> <span class='ocrx_word' id='word_1_53' title='bbox 3232 1263 3584 1358; x_wconf 84' lang='lat' dir='ltr'>prosperis</span> 
     </span>
     <span class='ocr_line' id='line_1_7' title="bbox 747 1384 3585 1481; baseline 0.001 -25"><span class='ocrx_word' id='word_1_54' title='bbox 747 1386 1181 1457; x_wconf 76' lang='lat' dir='ltr'>successibus</span> <span class='ocrx_word' id='word_1_55' title='bbox 1210 1386 1520 1458; x_wconf 92' lang='lat' dir='ltr'>animum</span> <span class='ocrx_word' id='word_1_56' title='bbox 1549 1386 1944 1477; x_wconf 78' lang='lat' dir='ltr'>induenteS,</span> <span class='ocrx_word' id='word_1_57' title='bbox 1974 1384 2206 1457; x_wconf 91' lang='lat' dir='ltr'>adhuc</span> <span class='ocrx_word' id='word_1_58' title='bbox 2234 1385 2653 1458; x_wconf 83' lang='lat' dir='ltr'>laudabilius</span> <span class='ocrx_word' id='word_1_59' title='bbox 2678 1386 3008 1457; x_wconf 88' lang='lat' dir='ltr'>insistatis</span> <span class='ocrx_word' id='word_1_60' title='bbox 3040 1387 3131 1457; x_wconf 94' lang='lat' dir='ltr'>ad</span> <span class='ocrx_word' id='word_1_61' title='bbox 3159 1408 3585 1481; x_wconf 89' lang='lat' dir='ltr'>consequen·</span> 
     </span>
     <span class='ocr_line' id='line_1_8' title="bbox 748 1511 3577 1606; baseline 0.001 -25"><span class='ocrx_word' id='word_1_62' title='bbox 748 1511 915 1581; x_wconf 91' lang='lat' dir='ltr'>dum</span> <span class='ocrx_word' id='word_1_63' title='bbox 965 1511 1227 1583; x_wconf 90' lang='lat' dir='ltr'>ibidem</span> <span class='ocrx_word' id='word_1_64' title='bbox 1273 1512 1560 1605; x_wconf 90' lang='lat' dir='ltr'>plenum</span> <span class='ocrx_word' id='word_1_65' title='bbox 1601 1511 1692 1583; x_wconf 91' lang='lat' dir='ltr'>de</span> <span class='ocrx_word' id='word_1_66' title='bbox 1742 1521 2037 1606; x_wconf 80' lang='lat' dir='ltr'>tyranno</span> <span class='ocrx_word' id='word_1_67' title='bbox 2083 1511 2487 1606; x_wconf 88' lang='lat' dir='ltr'>tropheum,</span> <span class='ocrx_word' id='word_1_68' title='bbox 2526 1512 2646 1583; x_wconf 92' lang='lat' dir='ltr'>ubi</span> <span class='ocrx_word' id='word_1_69' title='bbox 2686 1521 2829 1583; x_wconf 87' lang='lat' dir='ltr'>tota</span> <span class='ocrx_word' id='word_1_70' title='bbox 2874 1512 3175 1605; x_wconf 83' lang='lat' dir='ltr'>resurgit</span> <span class='ocrx_word' id='word_1_71' title='bbox 3215 1513 3577 1585; x_wconf 89' lang='lat' dir='ltr'>vobiscum</span> 
     </span>
     <span class='ocr_line' id='line_1_9' title="bbox 745 1632 3578 1731; baseline 0.002 -27"><span class='ocrx_word' id='word_1_72' title='bbox 745 1632 1055 1707; x_wconf 89' lang='lat' dir='ltr'>fidelium</span> <span class='ocrx_word' id='word_1_73' title='bbox 1096 1635 1514 1707; x_wconf 87' lang='lat' dir='ltr'>universitas</span> <span class='ocrx_word' id='word_1_74' title='bbox 1551 1636 1606 1706; x_wconf 91' lang='lat' dir='ltr'>si</span> <span class='ocrx_word' id='word_1_75' title='bbox 1646 1635 1864 1707; x_wconf 91' lang='lat' dir='ltr'>hostis</span> <span class='ocrx_word' id='word_1_76' title='bbox 1905 1635 2047 1707; x_wconf 88' lang='lat' dir='ltr'>illic</span> <span class='ocrx_word' id='word_1_77' title='bbox 2086 1632 2387 1707; x_wconf 87' lang='lat' dir='ltr'>finaliter</span> <span class='ocrx_word' id='word_1_78' title='bbox 2423 1644 2815 1730; x_wconf 90' lang='lat' dir='ltr'>superetur,</span> <span class='ocrx_word' id='word_1_79' title='bbox 2853 1658 3013 1707; x_wconf 91' lang='lat' dir='ltr'>cum</span> <span class='ocrx_word' id='word_1_80' title='bbox 3047 1638 3260 1708; x_wconf 90' lang='lat' dir='ltr'>semel</span> <span class='ocrx_word' id='word_1_81' title='bbox 3295 1637 3578 1731; x_wconf 91' lang='lat' dir='ltr'>quidem</span> 
     </span>
     <span class='ocr_line' id='line_1_10' title="bbox 746 1759 3583 1854; baseline 0.002 -25"><span class='ocrx_word' id='word_1_82' title='bbox 746 1759 1035 1831; x_wconf 90' lang='lat' dir='ltr'>allisisse</span> <span class='ocrx_word' id='word_1_83' title='bbox 1067 1780 1212 1831; x_wconf 94' lang='lat' dir='ltr'>non</span> <span class='ocrx_word' id='word_1_84' title='bbox 1245 1759 1498 1831; x_wconf 89' lang='lat' dir='ltr'>sufficit</span> <span class='ocrx_word' id='word_1_85' title='bbox 1533 1759 1702 1831; x_wconf 92' lang='lat' dir='ltr'>dum</span> <span class='ocrx_word' id='word_1_86' title='bbox 1734 1760 1941 1851; x_wconf 89' lang='lat' dir='ltr'>gestit</span> <span class='ocrx_word' id='word_1_87' title='bbox 1971 1760 2420 1854; x_wconf 91' lang='lat' dir='ltr'>pertinaciter</span> <span class='ocrx_word' id='word_1_88' title='bbox 2441 1760 2513 1829; x_wconf 93' lang='lat' dir='ltr'>in</span> <span class='ocrx_word' id='word_1_89' title='bbox 2539 1760 2863 1850; x_wconf 78' lang='lat' dir='ltr'>victoreS,</span> <span class='ocrx_word' id='word_1_90' title='bbox 2904 1760 3069 1854; x_wconf 91' lang='lat' dir='ltr'>quia</span> <span class='ocrx_word' id='word_1_91' title='bbox 3098 1762 3321 1833; x_wconf 91' lang='lat' dir='ltr'>victor</span> <span class='ocrx_word' id='word_1_92' title='bbox 3345 1763 3583 1835; x_wconf 89' lang='lat' dir='ltr'>incau-</span> 
     </span>
     <span class='ocr_line' id='line_1_11' title="bbox 750 1882 3576 1978; baseline 0.002 -26"><span class='ocrx_word' id='word_1_93' title='bbox 750 1893 858 1954; x_wconf 88' lang='lat' dir='ltr'>tus</span> <span class='ocrx_word' id='word_1_94' title='bbox 890 1904 932 1954; x_wconf 92' lang='lat' dir='ltr'>a</span> <span class='ocrx_word' id='word_1_95' title='bbox 963 1883 1150 1955; x_wconf 89' lang='lat' dir='ltr'>victo</span> <span class='ocrx_word' id='word_1_96' title='bbox 1204 1904 1370 1978; x_wconf 89' lang='lat' dir='ltr'>sepe</span> <span class='ocrx_word' id='word_1_97' title='bbox 1418 1882 1798 1954; x_wconf 88' lang='lat' dir='ltr'>revincitur</span> <span class='ocrx_word' id='word_1_98' title='bbox 1836 1884 1894 1954; x_wconf 90' lang='lat' dir='ltr'>si</span> <span class='ocrx_word' id='word_1_99' title='bbox 1941 1884 2183 1955; x_wconf 88' lang='lat' dir='ltr'>militie</span> <span class='ocrx_word' id='word_1_100' title='bbox 2239 1885 2596 1975; x_wconf 82' lang='lat' dir='ltr'>cingulum</span> <span class='ocrx_word' id='word_1_101' title='bbox 2648 1884 2855 1955; x_wconf 87' lang='lat' dir='ltr'>solvit</span> <span class='ocrx_word' id='word_1_102' title='bbox 2901 1886 3013 1956; x_wconf 93' lang='lat' dir='ltr'>vel</span> <span class='ocrx_word' id='word_1_103' title='bbox 3055 1907 3130 1955; x_wconf 91' lang='lat' dir='ltr'>se</span> <span class='ocrx_word' id='word_1_104' title='bbox 3175 1888 3461 1959; x_wconf 88' lang='lat' dir='ltr'>resolvit</span> <span class='ocrx_word' id='word_1_105' title='bbox 3506 1888 3576 1959; x_wconf 92' lang='lat' dir='ltr'>in</span> 
     </span>
     <span class='ocr_line' id='line_1_12' title="bbox 746 2007 3578 2105; baseline 0.002 -28"><span class='ocrx_word' id='word_1_106' title='bbox 746 2007 1051 2100; x_wconf 88' lang='lat' dir='ltr'>quietem</span> <span class='ocrx_word' id='word_1_107' title='bbox 1096 2008 1499 2103; x_wconf 88' lang='lat' dir='ltr'>priusquam</span> <span class='ocrx_word' id='word_1_108' title='bbox 1535 2008 1740 2080; x_wconf 92' lang='lat' dir='ltr'>cedat</span> <span class='ocrx_word' id='word_1_109' title='bbox 1779 2009 2165 2080; x_wconf 88' lang='lat' dir='ltr'>adversitas</span> <span class='ocrx_word' id='word_1_110' title='bbox 2203 2010 2634 2081; x_wconf 79' lang='lat' dir='ltr'>reluctantis,</span> <span class='ocrx_word' id='word_1_111' title='bbox 2678 2010 2889 2081; x_wconf 90' lang='lat' dir='ltr'>Porro</span> <span class='ocrx_word' id='word_1_112' title='bbox 2927 2031 3017 2080; x_wconf 94' lang='lat' dir='ltr'>ne</span> <span class='ocrx_word' id='word_1_113' title='bbox 3050 2031 3298 2105; x_wconf 91' lang='lat' dir='ltr'>parum</span> <span class='ocrx_word' id='word_1_114' title='bbox 3332 2012 3578 2087; x_wconf 77' lang='lat' dir='ltr'>sit-vos</span> 
     </span>
     <span class='ocr_line' id='line_1_13' title="bbox 746 2130 3575 2233; baseline 0.002 -31"><span class='ocrx_word' id='word_1_115' title='bbox 746 2130 1007 2233; x_wconf 76' lang='lat' dir='ltr'>hortari</span> <span class='ocrx_word' id='word_1_116' title='bbox 1039 2154 1168 2226; x_wconf 90' lang='lat' dir='ltr'>per</span> <span class='ocrx_word' id='word_1_117' title='bbox 1197 2132 1461 2203; x_wconf 89' lang='lat' dir='ltr'>litteras</span> <span class='ocrx_word' id='word_1_118' title='bbox 1495 2131 1588 2204; x_wconf 93' lang='lat' dir='ltr'>ad</span> <span class='ocrx_word' id='word_1_119' title='bbox 1623 2141 1762 2203; x_wconf 87' lang='lat' dir='ltr'>tam</span> <span class='ocrx_word' id='word_1_120' title='bbox 1790 2134 2259 2204; x_wconf 89' lang='lat' dir='ltr'>necessarium</span> <span class='ocrx_word' id='word_1_121' title='bbox 2292 2133 2650 2225; x_wconf 79' lang='lat' dir='ltr'>negotium</span> <span class='ocrx_word' id='word_1_122' title='bbox 2674 2135 3326 2226; x_wconf 90' lang='lat' dir='ltr'>consummandum,</span> <span class='ocrx_word' id='word_1_123' title='bbox 3359 2135 3575 2210; x_wconf 86' lang='lat' dir='ltr'>dilec-</span> 
     </span>
     <span class='ocr_line' id='line_1_14' title="bbox 751 2254 3577 2351; baseline 0.003 -26"><span class='ocrx_word' id='word_1_124' title='bbox 751 2265 894 2325; x_wconf 88' lang='lat' dir='ltr'>tum</span> <span class='ocrx_word' id='word_1_125' title='bbox 924 2254 1143 2326; x_wconf 87' lang='lat' dir='ltr'>filium</span> <span class='ocrx_word' id='word_1_126' title='bbox 1178 2256 1583 2348; x_wconf 84' lang='lat' dir='ltr'>magistrum</span> <span class='ocrx_word' id='word_1_127' title='bbox 1612 2256 1984 2329; x_wconf 86' lang='lat' dir='ltr'>Martinum</span> <span class='ocrx_word' id='word_1_128' title='bbox 2008 2258 2448 2351; x_wconf 89' lang='lat' dir='ltr'>capellanum</span> <span class='ocrx_word' id='word_1_129' title='bbox 2487 2257 3070 2344; x_wconf 82' lang='lat' dir='ltr'>nostrum,virum</span> <span class='ocrx_word' id='word_1_130' title='bbox 3103 2259 3479 2331; x_wconf 87' lang='lat' dir='ltr'>litteratum</span> <span class='ocrx_word' id='word_1_131' title='bbox 3507 2272 3577 2333; x_wconf 89' lang='lat' dir='ltr'>et</span> 
     </span>
     <span class='ocr_line' id='line_1_15' title="bbox 746 2378 3572 2480; baseline 0.002 -30"><span class='ocrx_word' id='word_1_132' title='bbox 746 2378 1043 2474; x_wconf 90' lang='lat' dir='ltr'>probum</span> <span class='ocrx_word' id='word_1_133' title='bbox 1078 2387 1151 2451; x_wconf 89' lang='lat' dir='ltr'>et</span> <span class='ocrx_word' id='word_1_134' title='bbox 1179 2379 1381 2452; x_wconf 89' lang='lat' dir='ltr'>nobis</span> <span class='ocrx_word' id='word_1_135' title='bbox 1409 2392 1480 2451; x_wconf 90' lang='lat' dir='ltr'>et</span> <span class='ocrx_word' id='word_1_136' title='bbox 1510 2380 1839 2451; x_wconf 81' lang='lat' dir='ltr'>fratribus</span> <span class='ocrx_word' id='word_1_137' title='bbox 1861 2380 2115 2451; x_wconf 86' lang='lat' dir='ltr'>nostris</span> <span class='ocrx_word' id='word_1_138' title='bbox 2149 2380 2220 2449; x_wconf 93' lang='lat' dir='ltr'>in</span> <span class='ocrx_word' id='word_1_139' title='bbox 2253 2380 2570 2474; x_wconf 89' lang='lat' dir='ltr'>pluribus</span> <span class='ocrx_word' id='word_1_140' title='bbox 2601 2382 3092 2476; x_wconf 90' lang='lat' dir='ltr'>approbatum,</span> <span class='ocrx_word' id='word_1_141' title='bbox 3125 2383 3213 2454; x_wconf 92' lang='lat' dir='ltr'>de</span> <span class='ocrx_word' id='word_1_142' title='bbox 3246 2406 3388 2477; x_wconf 87' lang='lat' dir='ltr'>quo</span> <span class='ocrx_word' id='word_1_143' title='bbox 3419 2387 3572 2480; x_wconf 93' lang='lat' dir='ltr'>ple-</span> 
     </span>
     <span class='ocr_line' id='line_1_16' title="bbox 744 2501 3571 2598; baseline 0.003 -25"><span class='ocrx_word' id='word_1_144' title='bbox 744 2523 907 2573; x_wconf 92' lang='lat' dir='ltr'>nam</span> <span class='ocrx_word' id='word_1_145' title='bbox 946 2502 1019 2572; x_wconf 93' lang='lat' dir='ltr'>in</span> <span class='ocrx_word' id='word_1_146' title='bbox 1059 2503 1355 2575; x_wconf 92' lang='lat' dir='ltr'>Domino</span> <span class='ocrx_word' id='word_1_147' title='bbox 1389 2501 1716 2574; x_wconf 86' lang='lat' dir='ltr'>fiduciam</span> <span class='ocrx_word' id='word_1_148' title='bbox 1749 2503 2171 2592; x_wconf 88' lang='lat' dir='ltr'>obtinemus,</span> <span class='ocrx_word' id='word_1_149' title='bbox 2208 2503 2303 2573; x_wconf 92' lang='lat' dir='ltr'>ad</span> <span class='ocrx_word' id='word_1_150' title='bbox 2343 2513 2470 2573; x_wconf 78' lang='lat' dir='ltr'>vos</span> <span class='ocrx_word' id='word_1_151' title='bbox 2516 2513 2803 2598; x_wconf 89' lang='lat' dir='ltr'>propter</span> <span class='ocrx_word' id='word_1_152' title='bbox 2830 2504 2963 2576; x_wconf 91' lang='lat' dir='ltr'>hoc</span> <span class='ocrx_word' id='word_1_153' title='bbox 2996 2505 3326 2579; x_wconf 86' lang='lat' dir='ltr'>duximus</span> <span class='ocrx_word' id='word_1_154' title='bbox 3356 2509 3571 2581; x_wconf 89' lang='lat' dir='ltr'>desti-</span> 
     </span>
     <span class='ocr_line' id='line_1_17' title="bbox 746 2626 3573 2722; baseline 0.003 -27"><span class='ocrx_word' id='word_1_155' title='bbox 746 2626 1082 2717; x_wconf 90' lang='lat' dir='ltr'>nandum,</span> <span class='ocrx_word' id='word_1_156' title='bbox 1117 2648 1243 2721; x_wconf 88' lang='lat' dir='ltr'>per</span> <span class='ocrx_word' id='word_1_157' title='bbox 1276 2627 1655 2721; x_wconf 88' lang='lat' dir='ltr'>apostolica</span> <span class='ocrx_word' id='word_1_158' title='bbox 1683 2626 1938 2721; x_wconf 89' lang='lat' dir='ltr'>scripta</span> <span class='ocrx_word' id='word_1_159' title='bbox 1969 2626 2378 2697; x_wconf 87' lang='lat' dir='ltr'>mandantes</span> <span class='ocrx_word' id='word_1_160' title='bbox 2408 2635 2753 2718; x_wconf 90' lang='lat' dir='ltr'>quatenus</span> <span class='ocrx_word' id='word_1_161' title='bbox 2785 2649 2996 2722; x_wconf 88' lang='lat' dir='ltr'>super</span> <span class='ocrx_word' id='word_1_162' title='bbox 3031 2627 3164 2699; x_wconf 91' lang='lat' dir='ltr'>hiis</span> <span class='ocrx_word' id='word_1_163' title='bbox 3197 2651 3336 2721; x_wconf 89' lang='lat' dir='ltr'>que</span> <span class='ocrx_word' id='word_1_164' title='bbox 3372 2632 3573 2704; x_wconf 90' lang='lat' dir='ltr'>vobis</span> 
     </span>
     <span class='ocr_line' id='line_1_18' title="bbox 746 2744 3570 2846; baseline 0.003 -25"><span class='ocrx_word' id='word_1_165' title='bbox 746 2771 838 2821; x_wconf 84' lang='lat' dir='ltr'>ex</span> <span class='ocrx_word' id='word_1_166' title='bbox 860 2760 1057 2844; x_wconf 86' lang='lat' dir='ltr'>parte</span> <span class='ocrx_word' id='word_1_167' title='bbox 1080 2759 1319 2822; x_wconf 88' lang='lat' dir='ltr'>nostra</span> <span class='ocrx_word' id='word_1_168' title='bbox 1338 2750 1596 2822; x_wconf 85' lang='lat' dir='ltr'>dixerit</span> <span class='ocrx_word' id='word_1_169' title='bbox 1621 2744 1988 2822; x_wconf 90' lang='lat' dir='ltr'>credentes</span> <span class='ocrx_word' id='word_1_170' title='bbox 2015 2749 2270 2839; x_wconf 92' lang='lat' dir='ltr'>eidem,</span> <span class='ocrx_word' id='word_1_171' title='bbox 2286 2768 2379 2821; x_wconf 77' lang='lat' dir='ltr'>ea¹</span> <span class='ocrx_word' id='word_1_172' title='bbox 2392 2750 2648 2821; x_wconf 89' lang='lat' dir='ltr'>curetis</span> <span class='ocrx_word' id='word_1_173' title='bbox 2677 2762 2995 2846; x_wconf 90' lang='lat' dir='ltr'>prompto</span> <span class='ocrx_word' id='word_1_174' title='bbox 3019 2752 3269 2825; x_wconf 85' lang='lat' dir='ltr'>affectu</span> <span class='ocrx_word' id='word_1_175' title='bbox 3299 2755 3570 2829; x_wconf 85' lang='lat' dir='ltr'>effectui</span> 
     </span>
     <span class='ocr_line' id='line_1_19' title="bbox 745 2872 3572 2970; baseline 0.004 -26"><span class='ocrx_word' id='word_1_176' title='bbox 745 2875 954 2946; x_wconf 91' lang='lat' dir='ltr'>celeri</span> <span class='ocrx_word' id='word_1_177' title='bbox 986 2875 1419 2969; x_wconf 86' lang='lat' dir='ltr'>mancipare,</span> <span class='ocrx_word' id='word_1_178' title='bbox 1455 2874 1551 2953; x_wconf 87' lang='lat' dir='ltr'>ita</span> <span class='ocrx_word' id='word_1_179' title='bbox 1586 2873 1778 2967; x_wconf 90' lang='lat' dir='ltr'>quod</span> <span class='ocrx_word' id='word_1_180' title='bbox 1814 2873 2072 2945; x_wconf 81' lang='lat' dir='ltr'>exinde</span> <span class='ocrx_word' id='word_1_181' title='bbox 2106 2872 2563 2945; x_wconf 89' lang='lat' dir='ltr'>devocionem</span> <span class='ocrx_word' id='word_1_182' title='bbox 2590 2884 2894 2946; x_wconf 88' lang='lat' dir='ltr'>vestram</span> <span class='ocrx_word' id='word_1_183' title='bbox 2921 2875 3148 2970; x_wconf 90' lang='lat' dir='ltr'>dignis</span> <span class='ocrx_word' id='word_1_184' title='bbox 3181 2879 3252 2948; x_wconf 92' lang='lat' dir='ltr'>in</span> <span class='ocrx_word' id='word_1_185' title='bbox 3279 2882 3572 2955; x_wconf 93' lang='lat' dir='ltr'>Domino</span> 
     </span>
     <span class='ocr_line' id='line_1_20' title="bbox 744 2996 3571 3096; baseline 0.004 -28"><span class='ocrx_word' id='word_1_186' title='bbox 744 2997 1068 3071; x_wconf 91' lang='lat' dir='ltr'>laudibus</span> <span class='ocrx_word' id='word_1_187' title='bbox 1090 2997 1684 3070; x_wconf 89' lang='lat' dir='ltr'>commendemus.</span> <span class='ocrx_word' id='word_1_188' title='bbox 1717 2998 1859 3069; x_wconf 88' lang='lat' dir='ltr'>Nos</span> <span class='ocrx_word' id='word_1_189' title='bbox 1884 3007 2120 3069; x_wconf 86' lang='lat' dir='ltr'>autem</span> <span class='ocrx_word' id='word_1_190' title='bbox 2151 2996 2272 3090; x_wconf 79' lang='lat' dir='ltr'>qui</span> <span class='ocrx_word' id='word_1_191' title='bbox 2303 2996 2626 3070; x_wconf 87' lang='lat' dir='ltr'>fidelibus</span> <span class='ocrx_word' id='word_1_192' title='bbox 2655 2998 2960 3071; x_wconf 89' lang='lat' dir='ltr'>Ecclesie</span> <span class='ocrx_word' id='word_1_193' title='bbox 2989 3024 3210 3096; x_wconf 88' lang='lat' dir='ltr'>usque</span> <span class='ocrx_word' id='word_1_194' title='bbox 3242 3003 3334 3077; x_wconf 91' lang='lat' dir='ltr'>ad</span> <span class='ocrx_word' id='word_1_195' title='bbox 3360 3002 3571 3078; x_wconf 86' lang='lat' dir='ltr'>finem</span> 
     </span>
     <span class='ocr_line' id='line_1_21' title="bbox 742 3121 3570 3220; baseline 0.003 -25"><span class='ocrx_word' id='word_1_196' title='bbox 742 3121 988 3195; x_wconf 88' lang='lat' dir='ltr'>adesse</span> <span class='ocrx_word' id='word_1_197' title='bbox 1011 3123 1494 3218; x_wconf 89' lang='lat' dir='ltr'>proponimus,</span> <span class='ocrx_word' id='word_1_198' title='bbox 1513 3121 1691 3194; x_wconf 90' lang='lat' dir='ltr'>sicut</span> <span class='ocrx_word' id='word_1_199' title='bbox 1725 3121 2172 3216; x_wconf 81' lang='lat' dir='ltr'>procedentia</span> <span class='ocrx_word' id='word_1_200' title='bbox 2204 3122 2294 3194; x_wconf 90' lang='lat' dir='ltr'>de</span> <span class='ocrx_word' id='word_1_201' title='bbox 2323 3123 2774 3215; x_wconf 89' lang='lat' dir='ltr'>sequentibus</span> <span class='ocrx_word' id='word_1_202' title='bbox 2798 3125 3238 3220; x_wconf 90' lang='lat' dir='ltr'>pollicentur,</span> <span class='ocrx_word' id='word_1_203' title='bbox 3258 3130 3356 3201; x_wconf 91' lang='lat' dir='ltr'>sic</span> <span class='ocrx_word' id='word_1_204' title='bbox 3387 3132 3570 3204; x_wconf 87' lang='lat' dir='ltr'>circa</span> 
     </span>
     <span class='ocr_line' id='line_1_22' title="bbox 744 3245 3570 3347; baseline 0.004 -30"><span class='ocrx_word' id='word_1_205' title='bbox 744 3267 826 3317; x_wconf 93' lang='lat' dir='ltr'>ea</span> <span class='ocrx_word' id='word_1_206' title='bbox 864 3266 1004 3340; x_wconf 89' lang='lat' dir='ltr'>que</span> <span class='ocrx_word' id='word_1_207' title='bbox 1050 3246 1142 3318; x_wconf 89' lang='lat' dir='ltr'>ad</span> <span class='ocrx_word' id='word_1_208' title='bbox 1186 3267 1429 3318; x_wconf 90' lang='lat' dir='ltr'>eorum</span> <span class='ocrx_word' id='word_1_209' title='bbox 1476 3245 1818 3316; x_wconf 80' lang='lat' dir='ltr'>auxilium</span> <span class='ocrx_word' id='word_1_210' title='bbox 1864 3245 2202 3340; x_wconf 86' lang='lat' dir='ltr'>expedire</span> <span class='ocrx_word' id='word_1_211' title='bbox 2243 3255 2653 3336; x_wconf 88' lang='lat' dir='ltr'>noscuntur,</span> <span class='ocrx_word' id='word_1_212' title='bbox 2707 3246 3132 3321; x_wconf 90' lang='lat' dir='ltr'>intendimus</span> <span class='ocrx_word' id='word_1_213' title='bbox 3180 3264 3570 3347; x_wconf 91' lang='lat' dir='ltr'>opportune</span> 
     </span>
     <span class='ocr_line' id='line_1_23' title="bbox 743 3369 3565 3472; baseline 0.003 -30"><span class='ocrx_word' id='word_1_214' title='bbox 743 3369 934 3462; x_wconf 88' lang='lat' dir='ltr'>quod</span> <span class='ocrx_word' id='word_1_215' title='bbox 985 3371 1342 3465; x_wconf 81' lang='lat' dir='ltr'>profectus</span> <span class='ocrx_word' id='word_1_216' title='bbox 1390 3369 1768 3465; x_wconf 89' lang='lat' dir='ltr'>apostolice</span> <span class='ocrx_word' id='word_1_217' title='bbox 1823 3369 2305 3442; x_wconf 89' lang='lat' dir='ltr'>sollicitudinis</span> <span class='ocrx_word' id='word_1_218' title='bbox 2361 3380 2646 3442; x_wconf 84' lang='lat' dir='ltr'>auctore</span> <span class='ocrx_word' id='word_1_219' title='bbox 2697 3372 2993 3444; x_wconf 93' lang='lat' dir='ltr'>Domino</span> <span class='ocrx_word' id='word_1_220' title='bbox 3047 3377 3565 3472; x_wconf 91' lang='lat' dir='ltr'>comprobabit,</span> 
     </span>
     <span class='ocr_line' id='line_1_24' title="bbox 746 3496 3573 3599; baseline 0.004 -30"><span class='ocrx_word' id='word_1_221' title='bbox 746 3497 1126 3570; x_wconf 92' lang='lat' dir='ltr'>dummodo</span> <span class='ocrx_word' id='word_1_222' title='bbox 1160 3519 1407 3568; x_wconf 89' lang='lat' dir='ltr'>manus</span> <span class='ocrx_word' id='word_1_223' title='bbox 1431 3506 1663 3569; x_wconf 91' lang='lat' dir='ltr'>vestre</span> <span class='ocrx_word' id='word_1_224' title='bbox 1694 3498 1766 3567; x_wconf 90' lang='lat' dir='ltr'>in</span> <span class='ocrx_word' id='word_1_225' title='bbox 1796 3496 2268 3569; x_wconf 86' lang='lat' dir='ltr'>defensionem</span> <span class='ocrx_word' id='word_1_226' title='bbox 2301 3498 2637 3569; x_wconf 89' lang='lat' dir='ltr'>libertatis</span> <span class='ocrx_word' id='word_1_227' title='bbox 2665 3500 3054 3572; x_wconf 90' lang='lat' dir='ltr'>communis</span> <span class='ocrx_word' id='word_1_228' title='bbox 3085 3510 3157 3572; x_wconf 90' lang='lat' dir='ltr'>et</span> <span class='ocrx_word' id='word_1_229' title='bbox 3185 3505 3462 3599; x_wconf 90' lang='lat' dir='ltr'>proprie</span> <span class='ocrx_word' id='word_1_230' title='bbox 3488 3528 3573 3581; x_wconf 91' lang='lat' dir='ltr'>ac</span> 
     </span>
     <span class='ocr_line' id='line_1_25' title="bbox 745 3621 3573 3718; baseline 0.002 -23"><span class='ocrx_word' id='word_1_231' title='bbox 745 3633 964 3695; x_wconf 84' lang='lat' dir='ltr'>status</span> <span class='ocrx_word' id='word_1_232' title='bbox 1016 3621 1375 3718; x_wconf 85' lang='lat' dir='ltr'>provincie</span> <span class='ocrx_word' id='word_1_233' title='bbox 1421 3621 1836 3694; x_wconf 91' lang='lat' dir='ltr'>Lombardie</span> <span class='ocrx_word' id='word_1_234' title='bbox 1892 3621 2293 3692; x_wconf 90' lang='lat' dir='ltr'>nullatenus</span> <span class='ocrx_word' id='word_1_235' title='bbox 2340 3621 2842 3715; x_wconf 90' lang='lat' dir='ltr'>dissolvantur,</span> <span class='ocrx_word' id='word_1_236' title='bbox 2897 3624 3025 3697; x_wconf 89' lang='lat' dir='ltr'>sed</span> <span class='ocrx_word' id='word_1_237' title='bbox 3076 3625 3573 3701; x_wconf 88' lang='lat' dir='ltr'>confirmentur</span> 
     </span>
     <span class='ocr_line' id='line_1_26' title="bbox 748 3744 2735 3841; baseline -0.001 -23"><span class='ocrx_word' id='word_1_238' title='bbox 748 3769 932 3818; x_wconf 91' lang='lat' dir='ltr'>nunc</span> <span class='ocrx_word' id='word_1_239' title='bbox 965 3746 1221 3841; x_wconf 91' lang='lat' dir='ltr'>potius,</span> <span class='ocrx_word' id='word_1_240' title='bbox 1262 3767 1421 3817; x_wconf 90' lang='lat' dir='ltr'>cum</span> <span class='ocrx_word' id='word_1_241' title='bbox 1453 3744 1702 3837; x_wconf 88' lang='lat' dir='ltr'>majori</span> <span class='ocrx_word' id='word_1_242' title='bbox 1734 3744 2045 3816; x_wconf 91' lang='lat' dir='ltr'>noscitur</span> <span class='ocrx_word' id='word_1_243' title='bbox 2073 3745 2325 3816; x_wconf 92' lang='lat' dir='ltr'>robore</span> <span class='ocrx_word' id='word_1_244' title='bbox 2353 3766 2530 3838; x_wconf 89' lang='lat' dir='ltr'>opus</span> <span class='ocrx_word' id='word_1_245' title='bbox 2557 3766 2735 3817; x_wconf 85' lang='lat' dir='ltr'>esse.</span> 
     </span>
    </p>
   </div>
   <div class='ocr_carea' id='block_1_3' title="bbox 670 4310 3569 4561">
    <p class='ocr_par' dir='ltr' id='par_1_3' title="bbox 670 4310 3569 4561">
     <span class='ocr_line' id='line_1_27' title="bbox 846 4310 3569 4429; baseline 0.005 -38"><span class='ocrx_word' id='word_1_246' title='bbox 846 4310 1395 4422; x_wconf 86' lang='lat' dir='ltr'>Fragmentum</span> <span class='ocrx_word' id='word_1_247' title='bbox 1426 4315 1740 4399; x_wconf 86' lang='lat' dir='ltr'>alterius</span> <span class='ocrx_word' id='word_1_248' title='bbox 1767 4317 2127 4425; x_wconf 85' lang='lat' dir='ltr'>epistolae</span> <span class='ocrx_word' id='word_1_249' title='bbox 2167 4318 2583 4401; x_wconf 91' lang='lat' dir='ltr'>Innocentii</span> <span class='ocrx_word' id='word_1_250' title='bbox 2610 4345 2851 4428; x_wconf 86' lang='lat' dir='ltr'>papae</span> <span class='ocrx_word' id='word_1_251' title='bbox 2872 4319 3226 4429; x_wconf 79' lang='lat' dir='ltr'>(forsitan</span> <span class='ocrx_word' id='word_1_252' title='bbox 3248 4323 3348 4405; x_wconf 85' lang='lat' dir='ltr'>ad</span> <span class='ocrx_word' id='word_1_253' title='bbox 3368 4323 3569 4407; x_wconf 87' lang='lat' dir='ltr'>Man-</span> 
     </span>
     <span class='ocr_line' id='line_1_28' title="bbox 670 4446 3482 4561; baseline 0.005 -37"><span class='ocrx_word' id='word_1_254' title='bbox 670 4472 677 4482; x_wconf 30' lang='lat' dir='ltr'>‘f</span> <span class='ocrx_word' id='word_1_255' title='bbox 746 4446 1052 4551; x_wconf 87' lang='lat' dir='ltr'>tuanos)</span> <span class='ocrx_word' id='word_1_256' title='bbox 1094 4456 1180 4528; x_wconf 91' lang='lat' dir='ltr'>ut</span> <span class='ocrx_word' id='word_1_257' title='bbox 1213 4446 1757 4531; x_wconf 87' lang='lat' dir='ltr'>Parmensibus</span> <span class='ocrx_word' id='word_1_258' title='bbox 1794 4448 2046 4532; x_wconf 85' lang='lat' dir='ltr'>inedia</span> <span class='ocrx_word' id='word_1_259' title='bbox 2081 4451 2556 4560; x_wconf 87' lang='lat' dir='ltr'>consumptis</span> <span class='ocrx_word' id='word_1_260' title='bbox 2595 4451 2932 4533; x_wconf 86' lang='lat' dir='ltr'>celeriter</span> <span class='ocrx_word' id='word_1_261' title='bbox 2967 4453 3482 4561; x_wconf 88' lang='lat' dir='ltr'>provideatur.</span> 
     </span>
    </p>
   </div>
   <div class='ocr_carea' id='block_1_4' title="bbox 908 4656 3443 4760">
    <p class='ocr_par' dir='ltr' id='par_1_4' title="bbox 908 4656 3443 4760">
     <span class='ocr_line' id='line_1_29' title="bbox 908 4656 3443 4760; baseline 0.006 -41"><span class='ocrx_word' id='word_1_262' title='bbox 908 4656 1160 4760; x_wconf 68' lang='lat' dir='ltr'>(Inedit.</span> <span class='ocrx_word' id='word_1_263' title='bbox 1188 4678 1266 4722; x_wconf 86' lang='lat' dir='ltr'>ex</span> <span class='ocrx_word' id='word_1_264' title='bbox 1293 4664 1425 4726; x_wconf 87' lang='lat' dir='ltr'>cod.</span> <span class='ocrx_word' id='word_1_265' title='bbox 1452 4663 1607 4725; x_wconf 75' lang='lat' dir='ltr'>Bibl.</span> <span class='ocrx_word' id='word_1_266' title='bbox 1640 4664 1837 4726; x_wconf 74' lang='lat' dir='ltr'>Cesar.</span> <span class='ocrx_word' id='word_1_267' title='bbox 1868 4665 2130 4726; x_wconf 77' lang='lat' dir='ltr'>vindob.</span> <span class='ocrx_word' id='word_1_268' title='bbox 2162 4668 2325 4728; x_wconf 82' lang='lat' dir='ltr'>dicto</span> <span class='ocrx_word' id='word_1_269' title='bbox 2351 4667 2717 4747; x_wconf 84' lang='lat' dir='ltr'>Philologus,</span> <span class='ocrx_word' id='word_1_270' title='bbox 2738 4678 2804 4728; x_wconf 84' lang='lat' dir='ltr'>n⁰</span> <span class='ocrx_word' id='word_1_271' title='bbox 2826 4677 2965 4743; x_wconf 80' lang='grc'><strong>305,</strong></span> <span class='ocrx_word' id='word_1_272' title='bbox 2996 4669 3103 4731; x_wconf 78' lang='lat' dir='ltr'>fol.</span> <span class='ocrx_word' id='word_1_273' title='bbox 3136 4679 3212 4731; x_wconf 81' lang='grc'>64</span> <span class='ocrx_word' id='word_1_274' title='bbox 3232 4673 3443 4752; x_wconf 86' lang='lat' dir='ltr'>recto.)</span> 
     </span>
    </p>
   </div>
   <div class='ocr_carea' id='block_1_5' title="bbox 3692 4327 3915 4378">
    <p class='ocr_par' dir='ltr' id='par_1_5' title="bbox 3692 4327 3915 4378">
     <span class='ocr_line' id='line_1_30' title="bbox 3692 4327 3915 4378; baseline 0.004 -7"><span class='ocrx_word' id='word_1_275' title='bbox 3692 4327 3915 4378; x_wconf 53' lang='lat' dir='ltr'>[Martia]</span> 
     </span>
    </p>
   </div>
  </div>
 </body>
</html>
