4525 6031
1071 679 1192 742 *176
2066 680 2497 746 FRmmucl
2544 683 2892 746 SECUNDI
3518 683 3682 761 [Arm.
3720 683 3896 746 1250.

1073 813 1280 885 castri
1303 813 1649 885 Tolentini
1675 813 2178 887 Camerinensis
2206 816 2546 890 dioecesis
2575 820 2868 891 salutem
2899 827 2971 888 et
2997 816 3450 911 apostolicam
3473 817 3899 889 benedictio-

1074 957 1264 1008 nem.
1321 936 1717 1031 Apostolice
1764 938 1961 1009 Sedis
2002 939 2443 1033 providentia
2483 952 2816 1013 consueta
2862 939 3299 1012 subditorum
3345 938 3590 1010 merita
3634 940 3903 1011 solertis

1075 1060 1593 1133 deliberationis
1657 1061 1977 1132 examine
2029 1062 2335 1155 discutit,
2388 1074 2459 1136 et
2502 1085 2639 1158 que
2684 1063 2968 1135 rationis
3010 1062 3276 1155 judicio
3304 1061 3572 1157 potiora
3611 1062 3896 1154 diffinit,

1078 1184 1501 1280 premiorum
1562 1194 1960 1256 remunerat
2027 1186 2481 1258 retributione
2542 1189 2920 1279 maj0rum,
2991 1185 3431 1257 uberioribus
3485 1186 3603 1258 illa
3662 1207 3902 1280 prose-

1080 1308 1361 1403 quendo
1393 1308 1748 1379 favoribus
1786 1318 1857 1379 et
1890 1307 2244 1381 beneficiis
2276 1311 2706 1405 plenioribus
2736 1309 3147 1382 attollendo.
3185 1310 3360 1381 Hinc
3402 1319 3509 1381 est
3551 1309 3742 1402 quod
3776 1331 3903 1381 nos

1078 1431 1518 1503 attendentes
1569 1429 1958 1502 devotionis
2017 1432 2339 1505 ardorem
2380 1456 2521 1529 quo
2561 1455 2727 1526 erga
2782 1436 3163 1506 Romanam
3205 1432 3587 1504 Ecclesiam
3635 1432 3902 1504 fervere

1081 1555 1474 1643 noscimini,
1507 1565 1877 1649 eapropter
1904 1556 2220 1628 volentes
2251 1567 2333 1628 ut
2362 1558 2611 1629 Sedem
2640 1558 3111 1653 Apostolicam
3144 1556 3343 1628 vobis
3374 1556 3684 1627 sentiatis
3718 1558 3905 1628 favo-

1081 1678 1372 1749 rabilem
1413 1688 1483 1748 et
1529 1678 1905 1770 benignam
1934 1731 1954 1767 ,
1991 1680 2241 1751 vestris
2282 1681 2905 1775 supplicationibus
2935 1680 3273 1771 inclinati,
3307 1691 3607 1751 castrum
3642 1680 3901 1771 Petini,

1081 1801 1552 1897 possessiones
1584 1823 1665 1872 ac
1696 1801 1830 1872 alia
1867 1802 2052 1874 bona
2084 1813 2157 1874 et
2179 1805 2343 1895 jura
2377 1804 2468 1875 ad
2501 1813 2803 1874 castrum
2837 1802 3179 1875 Tolentini
3213 1803 3302 1875 de
3327 1804 3486 1895 jure
3522 1802 3902 1897 spectantia

1082 1947 1242 1997 cum
1284 1911 1719 2019 pertinentiis
1752 1927 2154 1999 eorumdem
2182 1981 2202 2018 ,
2239 1929 2404 2000 licet
2454 1929 2682 2000 forsan
2724 1928 3132 2000 Fredericus
3161 1927 3515 2019 quondam
3562 1926 3904 1998 Romano-

1084 2072 1240 2120 rum
1275 2050 1651 2144 imperator
1675 2051 1789 2120 vel
1812 2050 2234 2144 quicumque
2264 2052 2441 2124 alius
2473 2074 2600 2146 pro
2633 2074 2757 2123 sue
2787 2072 2915 2124 vos
2941 2052 3076 2123 illis
3108 2050 3485 2123 voluntatis
3519 2049 3715 2121 libito
3750 2070 3904 2144 spo-

1084 2173 1352 2262 liarint,
1388 2173 1586 2244 vobis
1625 2173 2046 2244 restituimus
2084 2173 2172 2245 de
2209 2175 2436 2266 gratia
2461 2176 2768 2270 speciali.
2818 2176 3003 2247 Nulli
3035 2196 3202 2268 ergo
3234 2173 3518 2246 omnino
3547 2173 3903 2244 hominum

1085 2297 1292 2368 liceat
1326 2295 1508 2367 hanc
1537 2296 1859 2389 paginam
1905 2308 2140 2369 nostre
2168 2299 2621 2371 restitutionis
2653 2300 3027 2392 infringere
3064 2300 3178 2370 vel
3207 2299 3272 2369 ei
3316 2319 3491 2369 ausu
3538 2297 3904 2369 temerario

1084 2421 1456 2494 contraire.
1516 2420 1588 2491 Si
1641 2421 1799 2513 quis
1848 2400 2080 2492 autem
2124 2422 2260 2495 hoc
2311 2432 2728 2519 attemptare
2765 2423 3301 2519 presumpserit,
3358 2421 3906 2514 indignationem

1086 2543 1577 2639 omnipotentis
1635 2544 1764 2615 Dei
1825 2554 1896 2615 et
1960 2544 2328 2617 beatorum
2385 2546 2571 2618 Petri
2627 2557 2700 2618 et
2754 2547 2945 2619 Pauli
2993 2546 3466 2641 apostolomm
3515 2568 3590 2618 se
3633 2544 3907 2618 noverit

1085 2691 1548 2743 incursurum.

1182 2794 1432 2864 Datum
1461 2792 1824 2884 Lugduni,
1859 2793 1946 2865 III
1976 2814 2198 2865 nonas
2217 2795 2397 2886 junii
2416 2847 2437 2885 ,
2476 2793 2921 2889 pontificatus
2950 2795 3167 2868 nostri
3194 2816 3381 2867 anno
3415 2796 3734 2890 septimo.

1518 3072 2015 3082 m*

716 3312 984 3461 ἑιέἒέῒ
1193 3313 1513 3396 Jacobus
1552 3316 1853 3423 Capuae
1893 3313 2168 3423 juderi,
2218 3317 2317 3397 ad
2366 3316 2803 3425 petitionem
2851 3314 3105 3399 fratris
3164 3314 3495 3398 Simonis
3550 3317 3904 3398 monachi

753 3449 990 3525 manu!
1094 3445 1560 3553 Casinensis,
1602 3473 1742 3553 pro
1777 3459 1992 3554 parte
2041 3449 2478 3530 monasterii
2516 3449 2859 3557 ejusdem
2903 3449 2984 3530 in
3025 3448 3422 3557 publicum
3467 3450 3902 3532 documen-

1091 3587 1259 3660 tum
1294 3578 1694 3661 transcribi
1731 3577 1911 3660 facit
1957 3580 2408 3661 mandatum
2459 3579 2849 3689 imperiale
2896 3579 3112 3663 fratri
3167 3580 3573 3664 Benedicto
3621 3608 3909 3691 procu-

1090 3710 1326 3792 ratori
1361 3709 1737 3793 bonorum
1774 3711 2162 3820 quondam
2202 3710 2403 3794 Petri
2439 3712 2535 3794 de
2574 3713 2808 3796 Vinea
2852 3713 3259 3821 proditoris
3299 3713 3709 3816 directum,
3752 3741 3907 3823 quo

1085 3840 1399 3951 jubetur
1443 3852 1527 3924 ut
1563 3842 1824 3951 vigore
1860 3843 2201 3925 mandati
2238 3843 2512 3950 prioris
2548 3855 2623 3926 et
2656 3845 3139 3927 instrumenti
3191 3870 3239 3926 a
3274 3844 3582 3928 Nicolao
3626 3846 3908 3931 Rufulo

1091 3974 1388 4056 dudum
1442 3974 1809 4083 magistro
1868 3974 2284 4057 camerario
2339 3975 2811 4085 Principatus
2872 3986 2946 4059 et
3004 3976 3278 4058 Terrae
3336 3976 3647 4059 Laboris
3699 4002 3905 4058 con-

1089 4106 1302 4215 fecti,
1345 4107 1893 4190 monasterium
1942 4105 2257 4190 Casinen
2268 4133 2350 4190 se
2397 4134 2551 4191 non
2603 4109 2917 4217 impetat
2974 4134 3113 4190 nec
3148 4107 3538 4216 perturbet
3584 4108 3664 4189 in
3720 4134 3911 4217 pos—

1094 4238 1424 4322 sessione
1459 4238 1578 4349 cuj
1587 4241 1859 4321 usdam
1895 4238 2138 4348 petiae
2175 4247 2418 4322 terrae
2454 4239 2641 4322 sitae
2676 4240 2755 4320 in
2791 4240 3262 4348 pertinentiis
3303 4239 3642 4349 Capuae,
3670 4266 3908 4351 quam

1092 4371 1641 4453 monasterium
1675 4371 1929 4480 ipsum
1966 4371 2350 4479 praedicto
2387 4371 2752 4480 proditori
2790 4380 3288 4454 concesserat.

1251 4581 1495 4661 (Inedlt.
1532 4599 1611 4644 ex
1630 4582 1870 4644 archivo
1896 4582 2121 4643 Montis
2148 4582 2399 4657 Casslnl,
2427 4583 2666 4662 Regest.
2692 4584 2909 4645 Thom.
2940 4583 3178 4656 decant,
3209 4582 3314 4644 fol.
3340 4591 3422 4645 ‘36
3453 4599 3646 4657 verso,
3676 4591 3742 4644 n⁶
3772 4582 3900 4661 53.)

1185 4768 1265 4839 111
1294 4767 1573 4841 nomine
1602 4767 1873 4839 Domini
1908 4766 2126 4839 nostri
2145 4766 2355 4839 Jhesu
2384 4765 2655 4861 Christi,
2683 4789 2869 4842 anno
2899 4769 2992 4840 ab
3011 4768 3487 4841 incarnatione
3516 4768 3667 4860 ejus
3679 4766 3904 4839 mille-
