4525 6031
588 2575 937 2596 000000000

697 3882 844 3934 [Circa

614 3934 925 3985 februarium-1

982 611 1102 672 533
1988 602 2419 666 ramatum
2469 603 2819 667 saeuum
3436 603 3602 688 [An.
3637 605 3816 668 1248.

982 743 1372 819 dilectionis
1402 740 1739 813 eximium
1766 739 2057 833 pignus,
2093 739 2394 812 libenter
2421 752 2492 813 et
2521 742 2775 813 devote
2809 741 3177 835 suscipite3
3215 752 3289 814 et
3318 742 3486 833 sibi,
3526 743 3722 815 velut
3746 742 3818 813 in

981 890 1195 965 quem
1229 864 1778 939 transfundimus
1805 872 2039 933 nostre
2067 863 2576 956 plenitudinem
2603 865 2993 960 potestatis,
3029 865 3101 936 in
3129 865 3456 938 omnibus
3488 876 3816 960 tanquam

987 1012 1281 1088 persone
1299 998 1537 1061 nostre
1566 986 1903 1081 promptis
1928 985 2288 1057 affectibus
2317 999 2388 1058 et
2413 987 2724 1059 hilariter
2741 987 3051 1079 obedite,
3069 997 3149 1058 ut
3179 988 3568 1061 devotionis
3588 998 3818 1061 vestre

983 1113 1447 1189 constantiam
1479 1107 1911 1183 liberalitatis
1947 1119 2242 1200 auguste
2284 1111 2625 1204 provisio,
2663 1132 2803 1203 que
2836 1110 3114 1183 servitia
3145 1111 3343 1182 novit
3375 1132 3816 1184 remunerare

986 1235 1327 1325 fidelium,
1354 1234 1586 1325 dignis
1615 1233 1909 1327 proinde
1940 1232 2565 1304 commendationis
2597 1234 2921 1305 laudibus
2949 1243 3440 1328 prosequatur-3
3466 1256 3594 1330 pro
3620 1234 3819 1308 firmo

985 1359 1225 1432 scituri
1261 1357 1451 1451 quod
1482 1356 1879 1429 obedientie
1910 1357 2146 1447 signa,
2175 1376 2315 1447 que
2350 1356 2479 1427 sibi
2512 1356 2795 1429 devotio
2821 1366 3054 1429 vestra
3096 1358 3612 1451 monstraverit,
3639 1380 3819 1455 equo

990 1484 1231 1554 favore
1263 1481 1482 1572 gratie
1524 1500 2054 1574 prosequemur,
2088 1499 2171 1550 ac
2202 1480 2261 1549 si
2294 1500 2591 1573 persone
2623 1490 2861 1551 nostre
2893 1480 3287 1575 specialiter
3313 1483 3812 1555 monstraretis.

989 1607 1078 1678 Et
1108 1607 1167 1676 si
1200 1608 1406 1694 forte,
1442 1604 1635 1696 quod
1665 1604 1951 1676 omnino
1982 1624 2126 1674 non
2157 1603 2531 1694 credimus,
2569 1613 2811 1675 contra
2845 1626 3006 1675 eum
3035 1604 3406 1699 quisquam
3439 1606 3823 1680 indevotio-

989 1731 1101 1801 nis
1128 1731 1532 1801 calcaneum
1561 1728 1893 1815 elevaret,
1929 1735 2475 1818 transgressores
2501 1726 2899 1819 hujusmodi
2927 1729 3265 1800 acerbiori
3289 1728 3556 1822 judicio
3581 1751 3819 1824 prose·

990 1875 1318 1947 quemur,
1356 1872 1568 1943 quam
1604 1850 1663 1921 si
1697 1851 1906 1922 etiam
1938 1850 2010 1920 iu
2049 1871 2420 1944 personam
2456 1861 2765 1922 nostram
2797 1849 2931 1924 hec
2961 1853 3254 1944 alicujus
3284 1855 3398 1926 vel
3431 1854 3818 1947 aliquorum

993 1976 1348 2048 temeritas
1382 1982 1780 2044 attentaret.

1103 2521 1528 2603 Fridericus
1549 2581 1572 2626 ‚
1669 2518 2192 2601 Romanorum
2268 2516 2718 2623 imperator,
2783 2512 3145 2622 praecipit
3222 2524 3308 2596 ut
3381 2511 3825 2595 Catanensis

995 2654 1354 2737 ecclesiae
1403 2653 1603 2736 bona
1648 2653 1730 2732 in
1786 2651 2114 2733 indicem
2161 2648 2636 2730 exactissime
2688 2643 3112 2729 referantur
3178 2671 3598 2755 eorumque
3640 2646 3826 2726 des-

994 2787 1263 2895 criptio
1311 2784 1637 2893 publicis
1681 2780 1965 2863 tabulis
2009 2780 2445 2861 mandetur.

1163 2998 1509 3078 (Memorat.
1538 3013 1640 3073 ap.
1673 3000 1905 3067 Ammo,
1939 2993 2169 3054 Catane
2194 2988 2518 3068 illustrata,
2549 2998 2596 3055 t.
2628 2991 2712 3074 11,
2740 3010 2801 3071 p.
2832 2991 2960 3071 75.)

1098 3189 1350 3257 Datum
1358 3231 2029 3253 .........
2051 3232 2072 3269 ,
2118 3201 2307 3253 anno
2356 3180 2702 3253 dominice
2743 3180 3237 3254 incarnationis
3271 3181 3365 3253 Μ.
3392 3180 3519 3255 CC.
3546 3182 3780 3255 XLVII
3804 3233 3826 3270 ,

1002 3330 1243 3381 mense
1270 3305 1651 3394 februario,
1686 3303 2066 3375 indictione
2096 3303 2211 3373 vl.

1414 3595 1719 3609 ..--.---

1110 3858 1432 3940 Litterae
1490 3857 1585 3937 ad
1663 3853 2134 3936 Fridericum
2193 3853 2723 3961 imperatorem
2796 3856 3289 3965 ejusdemque
3349 3854 3832 3964 imperatoris

1003 4015 1369 4100 responsa
1405 4014 1635 4096 super
1672 3985 2117 4068 liberatione
2152 3983 2276 4067 vel
2310 4000 2666 4070 excontro
2706 3986 3177 4096 captivorum
3222 3988 3431 4096 apud
3471 3985 3832 4068 Parmam

1002 4124 1083 4204 in
1118 4122 1550 4212 carceribus
1587 4119 2088 4203 inclusorum.

2404 4302 2431 4371 1

1170 4479 1418 4559 (Inedit.
1439 4494 1516 4536 ex
1543 4473 1797 4536 codich.
1825 4472 1987 4534 Brbt.
2020 4474 2282 4532 univers.
2322 4473 2602 4548 Leipzlc„
2630 4481 2697 4531 n‘·
2730 4480 2912 4546 1268,
2942 4473 3046 4534 fol.
3080 4482 3155 4535 52
3190 4471 3316 4553 (61)
3349 4480 3545 4551 recto,
3583 4480 3644 4534 et
3675 4474 3833 4536 Bibl.

1245 4600 1368 4662 reg.
1402 4581 1689 4657 Barnun„
1718 4588 1784 4638 u⁰
1816 4585 1964 4656 188,
1993 4577 2100 4637 fol.
2133 4583 2211 4635 48
2243 4573 2628 4650 verso.”Quae
2649 4576 2728 4637 ad
2754 4593 2877 4637 rem
2898 4585 3163 4640 nostram
3190 4581 3520 4657 pertinent,
3548 4594 3837 4655 superva-

1244 4693 1441 4751 caneis
1466 4687 1721 4758 omissis,
1750 4682 2168 4743 tantummodo
2192 4680 2526 4741 exhibenda
2550 4681 2912 4761 censemus.)
