4525 6031
1019 650 1139 711 714
2014 654 2446 716 FRIDERIOE
2491 653 2842 716 stamen}
3462 651 3627 734 [Anu.
3664 652 3843 716 124⁹.

1014 785 1409 881 patriarcha
1437 806 1567 880 pro
1604 807 1681 858 se
1716 796 1790 858 et
1828 787 1970 860 suis
2002 791 2516 862 successoribus
2556 800 2629 862 et
2681 788 2973 862 ecclesia
3001 786 3477 882 Aquilegiensi
3514 807 3610 859 ex
3656 796 3853 881 parte

1016 930 1158 982 uua
1179 919 1250 981 et
1275 909 1598 983 dominus
1622 910 2022 984 Mainardus
2049 933 2283 985 comes
2304 913 2571 986 Goricie
2599 934 2728 1008 pro
2751 934 2826 984 se
2855 922 2927 984 et
2952 910 3097 983 suis
3118 909 3495 983 heredibus
3519 931 3614 981 ex
3635 910 3855 983 altera

1017 1033 1645 1127 compromiserunt
1677 1034 1749 1104 in
1797 1034 2118 1109 dominos
2147 1036 2454 1108 Olricum
2500 1037 2590 1108 de
2624 1034 3042 1109 Rifenberch
3084 1035 3383 1107 electum
3421 1053 3549 1129 per
3589 1033 3853 1106 dictum

1017 1157 1379 1229 dominum
1408 1158 1732 1228 comitem
1762 1168 1834 1229 et
1855 1158 2241 1232 Iohannem
2275 1161 2365 1233 de
2388 1161 2685 1232 Cucania
2719 1161 3022 1231 electum
3045 1179 3173 1254 per
3199 1158 3462 1230 dictum
3490 1157 3854 1230 dominum

1017 1279 1480 1375 patriarcham
1539 1289 1610 1352 et
1653 1280 2014 1354 dominum
2069 1284 2396 1355 ottonem
2449 1282 2918 1358 Marchionem
2951 1281 3379 1378 prepositum
3418 1280 3848 1371 minonem,

1018 1404 1315 1475 eiectum
1348 1405 1813 1475 communiter
1842 1426 1971 1500 per
1997 1406 2262 1478 dictum
2308 1406 2667 1479 dominum
2706 1404 3174 1503 patriarcham
3217 1413 3292 1476 et
3325 1403 3590 1476 dictum
3626 1403 3853 1477 domi

1017 1548 1187 1598 num
1215 1528 1573 1619 comitem,
1601 1529 1781 1600 sicut
1812 1529 1883 1599 in
1911 1528 2208 1603 arbitros
2242 1541 2316 1602 et
2338 1531 2789 1603 arbitr-atores
2812 1539 2885 1603 et
2909 1528 3307 1601 amicabiles
3330 1527 3852 1622 compositores,

1020 1650 1111 1723 de
1148 1651 1472 1723 omnibus
1504 1651 1824 1748 dampnis
1868 1652 2051 1725 datis
2093 1664 2255 1749 post
2300 1654 2488 1727 diem
2532 1663 2828 1748 treugue
2869 1653 3131 1725 indicte
3159 1652 3346 1725 inter
3373 1650 3602 1746 ipsum
3627 1650 3854 1723 domi·

1019 1795 1189 1845 num
1239 1774 1707 1869 patriarcham
1737 1785 1807 1846 et
1837 1798 2005 1849 suos
2046 1798 2139 1848 ex
2175 1798 2316 1849 uua
2362 1787 2562 1871 parte
2604 1787 2678 1878 et
2710 1778 2974 1850 dictum
3018 1775 3382 1850 dominum
3422 1774 3757 1846 comitem
3786 1783 3859 1847 ct

1020 1917 1184 1970 suos
1219 1918 1313 1968 ex
1342 1899 1559 1970 altera
1591 1908 1749 1994 post
1783 1899 2078 1994 prelium
2111 1900 2381 1973 Goricie
2424 1921 2552 1997 per
2586 1869 2894 2005 Juonum
2926 1899 3252 1972 nuntium
3298 1897 3564 1971 domini
3593 1897 3856 1971 Guecili

1021 2021 1111 2094 de
1143 2024 1348 2095 Prata
1383 2023 1559 2094 sacri
1591 2023 1863 2118 imperii
1890 2025 2133 2096 vicarii
2159 2026 2506 2117 generalis
2537 2026 2610 2096 in
2635 2025 2939 2099 Marcbia
2968 2033 3041 2097 et
3065 2047 3108 2097 a
3135 2023 3425 2096 flumine
3449 2023 3602 2095 olei
3627 2041 3852 2114 usqne

1022 2165 1149 2239 per
1186 2154 1408 2216 totum
1441 2146 1913 2240 episcopatum
1946 2147 2428 2220 Tridentinum
2467 2159 2539 2220 et
2569 2148 2830 2221 domini
2860 2147 3125 2220 Ecelini
3157 2147 3246 2220 de
3278 2145 3634 2233 Romano,
3666 2153 3744 2216 et
3763 2144 3853 2217 de

1023 2269 1346 2342 omnibus
1373 2269 1526 2340 aliis
1547 2270 1774 2341 causis
1800 2280 1870 2342 et
1895 2271 2374 2364 questionibus
2400 2271 2654 2344 habitis
2682 2271 2862 2342 inter
2886 2271 3147 2344 dictum
3176 2268 3535 2342 dominum
3564 2268 3856 2364 patriar-

1024 2390 1228 2464 cham
1278 2401 1347 2462 et
1391 2391 1654 2462 dictum
1696 2392 2056 2464 dominum
2097 2394 2448 2485 comitem,
2489 2405 2560 2466 et
2603 2394 3021 2489 specialiter,
3060 2402 3195 2465 etc.
3236 2388 3592 2490 [Sequitur
3632 2393 3854 2464 forma

1024 2515 1502 2609 compromissi
1528 2536 1708 2608 quae
1739 2516 1969 2586 minus
1995 2538 2144 2588 rem
2172 2527 2481 2588 nostram
2512 2515 2850 2615 attingit]

1122 2639 1266 2731 Ego
1291 2637 1774 2730 Bonj0hannes
1806 2638 1895 2710 de
1922 2639 2258 2711 Omnibus
2290 2641 2557 2712 Sanctis
2583 2641 2674 2713 de
2699 2641 2934 2713 Padua
2971 2639 3237 2713 domini
3269 2637 3598 2712 Friderici
3631 2637 3851 2732 impe·

1025 2762 1270 2834 ratoris
1297 2763 1607 2833 notarius
1637 2762 1920 2833 interfui
1948 2772 2018 2833 et
2045 2774 2329 2856 rogatus
2361 2763 2626 2859 scripsi.

1132 3302 1615 3385 Innocentius
1675 3322 1874 3411 papa
1952 3302 2322 3411 episcopis
2353 3364 2376 3406 ,
2458 3303 2866 3387 abbatibus
2921 3304 3436 3413 omnibusque
3506 3304 3856 3413 personis

1027 3434 1548 3517 ecclesiasticis
1601 3461 1736 3544 per
1782 3435 2341 3518 Anconitanam
2386 3438 2809 3519 marchiam
2845 3447 2921 3519 et
2954 3436 3318 3520 ducatum
3358 3436 3854 3545 Spoletanum

1027 3568 1452 3650 constitutis
1483 3567 1822 3650 notificat
1854 3595 1933 3650 se
1959 3595 2099 3677 pro
2134 3593 2375 3679 regno
2415 3569 2712 3651 Siciliae
2739 3568 3230 3652 reformando
3257 3578 3334 3651 et
3369 3595 3415 3650 a
3450 3568 3853 3679 tyrannide

1025 3700 1383 3781 Friderici
1446 3698 1880 3804 liberando,
1938 3699 2273 3782 officium
2336 3698 2738 3808 legationis
2792 3700 3013 3784 Petro
3068 3698 3324 3784 Sancti
3386 3698 3700 3810 Georgii
3753 3699 3853 3781 ad

1025 3832 1297 3914 Velum
1336 3833 1674 3915 Aureum
1725 3833 2049 3916 diacono
2113 3833 2483 3916 cardinali
2549 3835 3025 3918 commisisse
3077 3860 3257 3918 cum
3307 3833 3625 3916 rectoria
3679 3832 3855 3916 An-

1024 3965 1419 4049 conitanae
1468 3965 1852 4049 marchiae
1899 3977 1974 4048 et
2014 3967 2340 4049 ducatus
2373 3965 2788 4074 Spoletani.

1187 4178 1440 4258 (lnedlt.
1485 4197 1562 4239 ex
1598 4180 1732 4241 cod.
1762 4180 1917 4240 Blbl.
1949 4180 2145 4242 Cesar.
2183 4181 2401 4255 Parls„
2426 4178 2758 4260 anc.sondae
2786 4177 2938 4242 latin
2960 4224 2979 4254 ,
3016 4190 3085 4242 n⁰
3126 4189 3310 4257 4039,
3363 4181 3572 4243 Litter.
3613 4171 3864 4255 curtah,

1265 4303 1408 4345 ann.
1441 4285 1549 4358 VI,
1579 4294 1645 4345 n⁰
1680 4284 1808 4365 27.)

1118 4470 1584 4561 Innocentius,
1612 4478 1780 4561 etc„
1819 4470 2184 4566 episcopis,
2225 4471 2622 4559 abbatibus,
2662 4472 3036 4566 prioribus,
3067 4472 3602 4563 archidiaconiS,
3633 4469 3855 4545 ardil-

1022 4592 1419 4687 presbiteris
1452 4602 1523 4664 et
1552 4592 1706 4664 aliis
1734 4590 2196 4664 Ecclesiarmn
2228 4595 2515 4689 prelatis
2545 4610 2820 4666 necnon
2857 4595 3105 4667 ceteris
3135 4595 3452 4691 personis
3487 4594 3870 4667 ecclesias*

1024 4716 1174 4787 ticis
1201 4722 1342 4787 tam
1366 4716 1704 4808 religiosis
1727 4736 1938 4808 quam
1961 4718 2417 4807 secularibuS,
2451 4719 2794 4813 exemptis
2816 4728 2888 4791 et
2908 4740 3052 4792 non
3077 4719 3450 4814 exemptis,
3477 4736 3605 4813 per
3615 4717 3851 4791 Anco·
