4525 6031
1076 631 1199 695 810
2089 637 2518 701 FRmEmcl
2568 635 2918 701 SECUNDI
3516 633 3676 719 [Ant.
3713 634 3890 697 1250.

1174 767 1227 856 †
1277 771 1422 862 Ego
1464 771 1799 844 Ricardus
1829 795 2062 846 comes
2093 775 2505 848 Casei-tanus
2537 783 2820 866 rogatus
2860 769 3260 865 supradicto
3304 769 3646 864 imperiali
3685 778 3893 842 testa-

1077 902 1314 964 mento
1347 893 1661 986 interfui,
1701 918 1911 967 manu
1955 899 2234 993 propria
2266 921 2379 970 me
2411 896 2820 991 subscripsi,
2857 892 3396 988 supradictoque
3434 892 3770 988 imperiali
3808 913 3892 965 ac

1078 1016 1270 1108 regio
1302 1016 1524 1110 sigillo
1555 1019 1848 1110 signavi.

1173 1139 1226 1230 Ἰ·
1274 1140 1422 1233 Ego
1457 1138 1753 1241 [Petrus]
1785 1144 2023 1215 Ruffus
2055 1144 2144 1216 de
2177 1144 2491 1217 Calabria
2528 1152 2809 1235 rogatus
2859 1139 3274 1236 supradictis
3320 1140 3642 1211 omnibus
3677 1140 3891 1210 inter·

1074 1262 1202 1349 fui,
1239 1286 1590 1358 manuque
1621 1268 1897 1362 propria
1931 1267 2304 1363 subscripsi
2341 1289 2422 1339 ac
2454 1266 2794 1361 imperiali
2830 1264 3056 1357 sigillo
3087 1285 3198 1335 me
3226 1263 3522 1354 signavi.

1170 1384 1223 1473 †
1271 1386 1418 1479 Ego
1472 1389 1802 1480 magister
1860 1392 2160 1462 Joannes
2215 1392 2304 1461 de
2354 1389 2693 1462 Hidronto
2759 1397 3042 1480 rogatus
3102 1386 3423 1476 interfui,
3476 1408 3690 1457 manu
3735 1407 3888 1458 mea

1071 1509 1448 1604 subscripsi
1485 1522 1556 1582 et
1586 1512 1924 1606 imperiali
1957 1535 2039 1585 ac
2072 1514 2261 1607 regio
2290 1514 2513 1607 sigillo
2543 1534 2658 1584 me
2692 1511 2983 1604 signavi.

1168 1633 1221 1722 †
1271 1634 1417 1726 Ego
1442 1635 1753 1707 Fulcuno
1784 1634 2024 1707 Ruffus
2059 1646 2343 1729 rogatus
2364 1636 2674 1725 interfui,
2700 1656 2914 1707 manu
2931 1634 3210 1730 propria
3247 1633 3623 1728 subscripsi
3653 1642 3726 1706 et
3754 1634 3885 1704 im-

1071 1758 1313 1852 periali
1343 1759 1678 1853 regioque
1715 1761 1940 1853 sigillo
1978 1761 2271 1853 signavi.

1167 1876 1220 1967 Ἰ·
1269 1880 1416 1972 Ego
1452 1881 1810 1953 Iohannes
1838 1883 1926 1953 de
1968 1883 2187 1954 Ocrea
2216 1893 2500 1975 rogatus
2532 1890 2613 1952 ut
2653 1901 2863 1976 supra
2896 1900 3184 1974 presens
3210 1880 3339 1968 fui,
3375 1899 3490 1950 me
3516 1878 3889 1974 subscripsi

1070 2023 1281 2074 manu
1315 2004 1597 2098 propria
1625 2026 1707 2075 ac
1742 2004 2141 2099 supradicto
2170 2004 2510 2101 imperiali
2543 2004 2770 2096 sigillo
2801 2002 3097 2096 signavi.

1169 2125 1219 2215 ἦ·
1268 2126 1415 2219 Ego
1448 2128 1775 2220 magister
1803 2130 2101 2200 Ioannes
2133 2128 2222 2201 de
2253 2129 2547 2201 Procida
2583 2127 2999 2223 supradictis
3024 2126 3346 2200 omnibus
3380 2125 3686 2214 interfui,
3719 2125 3880 2196 sub-

1071 2251 1339 2345 scripsi,
1380 2251 1675 2342 sigillavi
1707 2261 1778 2322 et
1812 2261 2052 2323 testor.

1167 2371 1218 2462 ἦ·
1267 2374 1416 2466 Ego
1453 2374 1779 2467 magister
1814 2376 2152 2447 Robertus
2186 2375 2274 2447 de
2314 2377 2657 2447 Panormo
2699 2383 2981 2467 rogatus
3013 2394 3126 2444 me
3168 2373 3543 2467 suboeripsi
3583 2381 3655 2444 et
3691 2372 3879 2466 sigil-

1067 2497 1208 2569 lavi
1241 2519 1324 2568 ac
1357 2498 1677 2569 omnibus
1715 2499 1995 2570 interfui
2034 2510 2106 2571 et
2139 2499 2333 2570 testis
2366 2521 2545 2570 sum.

1164 2622 1214 2712 ἦ·
1263 2620 1411 2711 Ego
1464 2622 1797 2694 Ricardus
1862 2621 1953 2694 de
2005 2623 2442 2715 Montenigro
2502 2621 2878 2715 imperialis
2927 2619 3256 2713 regisque
3315 2620 3506 2691 curie
3560 2620 3882 2713 magister

1060 2744 1473 2835 justitiarius
1510 2746 1922 2840 supradictis
1956 2745 2280 2817 omnibus
2316 2754 2599 2836 rogatus
2639 2744 2955 2832 interfui,
2990 2764 3203 2814 manu
3245 2742 3525 2837 propria
3565 2764 3677 2814 me
3717 2742 3877 2814 suh·

1068 2867 1308 2961 scripsi
1341 2889 1424 2938 ac
1476 2868 1875 2961 supradicto
1915 2868 2254 2962 imperiali
2297 2877 2368 2939 et
2402 2868 2594 2960 regio
2640 2867 2866 2959 sigillo
2899 2888 3012 2937 me
3053 2866 3322 2959 signavi
3354 2876 3426 2936 et
3457 2866 3651 2937 testis
3695 2887 3870 2937 sum.

1161 2992 1214 3082 †
1263 2992 1411 3084 Ego
1447 2992 1772 3083 magister
1814 2992 2138 3064 Nicolaus
2188 2991 2276 3064 de
2330 2989 2747 3080 Brundusi0‚
2806 2989 3125 3084 publicus
3182 2989 3464 3061 tabellio
3512 2989 3780 3085 imperii
3809 2999 3878 3061 et

1067 3116 1263 3208 regni
1303 3116 1531 3187 Sicilie
1566 3137 1649 3187 ac
1691 3115 2063 3211 imperialis
2097 3116 2292 3187 curie
2339 3114 2687 3203 notariuS,
2738 3123 3020 3205 rogatus
3050 3135 3091 3184 a
3141 3113 3422 3186 domino
3467 3113 3877 3207 imperatore

1065 3248 1146 3308 ut
1185 3239 1658 3332 supradictum
1704 3239 1856 3328 ejus
1902 3247 2390 3309 testamentum
2434 3256 2771 3330 suamque
2800 3234 3143 3338 ¹ultimam
3187 3236 3616 3308 voluntatem
3664 3234 3875 3308 confi·

1067 3384 1336 3452 cerem,
1370 3364 1533 3455 quia
1584 3363 1933 3457 premissis
1974 3364 2298 3435 omnibus
2340 3374 2411 3435 et
2455 3363 2744 3454 singulis
2775 3382 2914 3433 una
2946 3383 3106 3432 cum
3137 3361 3549 3456 supradictis
3592 3363 3874 3434 testibus

1065 3485 1345 3556 interfui
1379 3497 1450 3557 et
1479 3486 1830 3580 publicavi
1868 3507 1950 3557 ac
1986 3487 2059 3557 in
2092 3496 2486 3579 presentem
2519 3485 2867 3580 publicam
2897 3484 3191 3557 formam
3219 3484 3482 3578 redegi,
3519 3485 3681 3558 ideo
3712 3486 3872 3558 sub·

1065 3608 1434 3702 scriptione
1465 3620 1536 3680 et
1565 3609 1763 3701 signo
1788 3609 1961 3679 meis
1989 3610 2205 3681 solitis
2235 3620 2307 3680 et
2333 3608 2681 3682 consuetis
2709 3608 3081 3702 subscripsi
3114 3617 3185 3680 et
3210 3608 3502 3701 signavi.
3892 3607 3897 3610 ’

1159 3731 1485 3823 Magister
1520 3730 1843 3803 Nicolaus
1880 3731 1968 3803 de
2000 3731 2387 3803 Brundusio
2418 3730 2753 3803 notarius,

685 4368 981 4423 [namna
1171 4321 1607 4404 Manfredus
1678 4319 1895 4401 fratri
1959 4344 2098 4401 suo
2151 4317 2543 4421 Conrado,
2602 4316 3124 4399 Romanorum
3180 4327 3257 4397 et
3311 4314 3606 4397 Siciliae
3658 4313 3820 4422 regi
3838 4371 3861 4417 ,

1062 4453 1298 4564 patris
1345 4454 1462 4534 sui
1509 4450 1982 4559 imperatoris
2018 4450 2375 4532 Friderici
2413 4457 2740 4530 mortem
2786 4448 3159 4554 notificat,
3198 4448 3278 4528 in
3312 4447 3459 4529 hoc
3503 4445 3865 4528 consola-

1062 4587 1288 4670 tionis
1347 4585 1681 4667 remedia
1736 4581 2052 4664 afferens
2106 4582 2314 4690 quod
2381 4580 2582 4662 idem
2637 4579 3048 4689 imperator
3105 4580 3502 4664 victoriose
3536 4576 3737 4692 ‚vixit
3796 4587 3869 4658 et

1061 4718 1680 4802 christianissime
1716 4714 1924 4796 obiit.
