4525 6031
1130 644 1251 704 848
1427 622 1432 626 ’
2177 646 2541 713 counam
2590 642 2891 718 ouant
3555 643 3720 727 [Anu.
3754 645 3932 707 ιω.

1294 792 1497 868 (Edld.
1531 795 1745 873 Pmn,
1774 794 1915 857 Cod.
1947 794 2248 877 diploma.
2276 792 2373 856 del
2392 811 2542 854 sacr.
2570 791 2693 853 ord.
2729 785 3078 862 lev-oseba„
3097 796 3146 850 t.
3177 790 3229 862 1,
3253 808 3315 868 p.
3347 800 3484 863 118,
3514 800 3582 852 n·
3607 791 3792 870 CXI.)

1229 939 1619 1029 ConraduS,
1663 940 1807 1012 divi
1846 943 2119 1033 augusti
2163 939 2597 1036 imperatoris
2637 935 2964 1009 Friderici
3005 934 3223 1025 fitius,
3257 938 3384 1008 Dei
3425 937 3646 1029 gratia
3684 938 3934 1008 Roma-

1129 1084 1380 1133 norum
1427 1063 1497 1131 in
1541 1084 1776 1153 regem
1820 1065 2116 1150 electus,
2162 1084 2438 1157 semper
2493 1071 2825 1151 augustus
2876 1070 2945 1129 et
2979 1057 3185 1129 heres
3216 1059 3425 1151 regui
3473 1059 3927 1131 Jherusalem.

1133 1186 1398 1255 Tenore
1445 1186 1866 1278 presentium
1928 1196 2170 1257 notum
2227 1186 2515 1256 facimus
2575 1182 2917 1254 universis
2977 1181 3166 1274 quod
3230 1204 3455 1277 nuper
3508 1191 3934 1276 presentatas

1131 1308 1332 1379 nobis
1364 1328 1489 1400 pro
1524 1318 1719 1400 parte
1758 1309 2170 1379 venerabilis
2198 1307 2503 1400 magistri
2543 1315 2613 1377 et
2642 1306 2929 1375 fratrum
2960 1302 3314 1398 hospitalis
3344 1305 3575 1375 Sancti
3604 1304 3935 1375 Iohannis

1128 1430 1704 1501 lherosolimitani
1748 1440 2137 1500 nostrorum
2175 1430 2522 1517 fidelium,
2559 1437 2877 1523 patentes
2919 1426 3178 1497 litteras
3211 1427 3523 1519 ejusdem
3567 1427 3829 1499 domini
3864 1438 3933 1498 et

1128 1552 1458 1644 genitoris
1499 1552 1716 1622 nostri
1755 1552 1970 1646 ipsius
2008 1553 2385 1643 majestatis
2422 1568 2627 1622 cereo
2670 1549 2894 1641 sigillo
2936 1550 3238 1620 munitas
3275 1549 3581 1621 vidimus
3619 1559 3691 1620 et
3725 1549 3927 1621 intel-

1130 1676 1453 1764 leximuS,
1489 1674 1908 1745 continentie
1942 1674 2096 1744 talis
2131 1699 2150 1743 z

1229 1795 1664 1891 (Sequuntur
1709 1797 1976 1867 litterae
2024 1797 2352 1868 Friderici
2399 1795 2721 1882 secundi,
2777 1794 2922 1865 dat.
2972 1792 3276 1885 Melflae,
3325 1794 3568 1866 ultimo
3617 1798 3920 1888 augusti,

1127 1919 1392 2013 primae
1425 1918 1840 1989 indictionis.
1876 1918 2048 1990 Vide
2077 1939 2320 2012 supra,
2358 1929 2410 1990 t.
2450 1920 2570 2007 vl,
2607 1941 2677 2011 p.
2720 1915 2923 2012 ⁴46.)

1224 2041 1421 2112 Unde
1477 2062 1634 2110 cum
1693 2061 1786 2110 ex
1829 2051 2025 2133 parte
2075 2042 2419 2112 dictorum
2470 2040 2776 2131 magistri
2829 2049 2900 2110 et
2952 2041 3240 2110 fratrum
3291 2038 3649 2134 hospitalis
3698 2040 3922 2112 Sancti

1124 2163 1458 2234 Iohannis
1507 2162 2083 2234 Jherosolimitani
2127 2173 2519 2233 nostrorum
2558 2161 2867 2233 fidelium
2910 2162 3118 2232 fuerit
3158 2173 3398 2233 nostro
3438 2163 3719 2234 culmini
3761 2186 3921 2258 sup-

1125 2286 1452 2378 plicatum
1504 2296 1584 2356 ut
1634 2286 2066 2356 commissam
2123 2287 2222 2358 eis
2261 2308 2499 2357 curam
2552 2297 2622 2356 et
2671 2285 3055 2357 custodiam
3112 2285 3278 2357 dicti
3333 2285 3536 2356 castri
3589 2287 3921 2358 Ascalone

1125 2431 1282 2480 cum
1317 2408 1750 2501 pertinentiis
1789 2409 1957 2498 suis,
2001 2422 2080 2479 ut
2122 2408 2384 2480 dictum
2431 2419 2570 2497 est,
2610 2419 2680 2479 et
2721 2430 2857 2500 que
2895 2408 3187 2504 proinde
3233 2408 3303 2477 in
3333 2407 3662 2501 predictis
3690 2410 3925 2480 litteris

1125 2530 1595 2623 imperialibus
1625 2531 1930 2623 apertius
1961 2532 2433 2620 continentur,
2459 2539 2607 2601 rata
2632 2531 2888 2602 habere
2919 2541 2987 2601 et
3014 2528 3424 2600 confirmare
3449 2530 3549 2600 eis
3572 2531 3661 2602 de
3692 2543 3920 2602 nostra

1124 2662 1312 2722 certa
1362 2653 1647 2723 scientia
1698 2652 2171 2742 dignaremur,
2231 2674 2361 2724 nos
2411 2674 2568 2723 cum
2623 2654 2713 2724 de
2772 2652 3156 2724 constantia
3203 2651 3361 2722 fidei
3413 2661 3484 2722 et
3541 2652 3921 2724 devotionis

1124 2794 1365 2844 eorum
1403 2774 1711 2867 plenarie
1756 2774 2222 2864 confidamus,
2279 2775 2897 2869 supplicationibus
2937 2796 3061 2870 pro
3101 2784 3298 2869 parte
3335 2795 3574 2845 eorum
3618 2774 3916 2868 ipsorum

1121 2896 1321 2967 nobis
1382 2896 1716 2990 porrectis
1766 2897 2235 2968 favorabiliter
2293 2908 2716 2986 annuenteS,
2770 2897 3155 2969 custodiam
3207 2907 3279 2967 et
3336 2918 3572 2968 curam
3633 2898 3916 2992 predicti

1121 3020 1327 3090 castri
1370 3019 1711 3092 Ascalone
1757 3042 1912 3091 cum
1970 3022 2404 3116 pertinentiis
2459 3023 2600 3092 suis
2650 3023 2814 3116 ipsis
2856 3023 3184 3113 magistro
3231 3031 3302 3093 et
3342 3022 3667 3092 fratribus
3707 3021 3915 3093 sancti

1118 3140 1477 3235 hospitalis
1520 3142 1953 3213 commissam
1990 3152 2060 3213 et
2090 3143 2225 3215 alia
2256 3145 2489 3214 omnia
2521 3165 2658 3235 que
2694 3145 2985 3238 proinde
3026 3143 3175 3214 fieri
3212 3144 3301 3214 de
3341 3144 3628 3236 predicti
3660 3145 3914 3216 domini

1120 3274 1192 3335 et
1231 3264 1445 3357 patris
1481 3265 1697 3334 nostri
1743 3264 2179 3357 providentia
2222 3276 2294 3336 et
2331 3266 2768 3359 beneplacito
2811 3277 3328 3361 processerunt,
3364 3267 3543 3337 sicut
3575 3283 3658 3338 ea
3689 3269 3915 3338 omnia

1116 3386 1188 3455 in
1222 3386 1551 3478 predictis
1583 3385 1826 3457 litteris
1859 3388 1999 3458 suis
2038 3411 2163 3482 per
2198 3390 2447 3459 seriem
2481 3391 2946 3480 continentur,
2975 3400 3124 3460 rata
3158 3400 3228 3462 et
3256 3390 3453 3461 firma
3486 3391 3824 3462 habemus
3852 3401 3916 3462 et

1118 3508 1379 3579 eisdem
1421 3507 1748 3598 magistro
1791 3520 1860 3579 et
1896 3510 2222 3581 fratribus
2264 3533 2357 3581 ex
2401 3523 2589 3582 certa
2636 3523 2872 3583 nostra
2908 3513 3194 3583 scientia
3241 3510 3755 3584 confirmamus.
3808 3512 3907 3584 Ad

1115 3631 1316 3721 cujus
1370 3629 1470 3699 rei
1519 3631 1921 3701 memoriam
1969 3642 2038 3702 et
2087 3633 2404 3703 stabilem
2455 3633 2886 3724 firmitatem,
2937 3645 3294 3729 presentes
3339 3633 3602 3705 litteras
3651 3634 3799 3706 fieri
3848 3645 3911 3705 et

1114 3761 1349 3824 nostre
1382 3753 1758 3843 majestatis
1791 3754 2014 3846 sigillo
2043 3756 2375 3845 jussimus
2409 3757 2845 3827 communiri.

1210 3878 1462 3947 Datum
1490 3875 1680 3969 apud
1705 3876 2232 3967 Nuorimberch,
2275 3878 2518 3949 ultimo
2550 3878 2975 3968 novembriS,
3011 3880 3069 3950 11
3104 3879 3523 3951 indictionis,

729 4350 995 4457 &333¹oe
1217 4327 1649 4434 ConraduS,
1709 4329 1789 4408 in
1842 4328 2362 4410 Romanorum
2422 4354 2679 4437 regem
2735 4329 3054 4436 electuS‚
3115 4325 3767 4410 confirmationem
3816 4326 3906 4407 ab

755 4437 1020 4500 ΨΜ)
1105 4458 1554 4565 imperatore
1599 4470 1812 4566 patre
1858 4485 1996 4540 suo
2042 4458 2406 4541 fratribus
2446 4459 2841 4567 hospitalis
2894 4462 3210 4541 Sanctae
3249 4458 3526 4543 Mariae
3562 4458 3904 4539 Theuto-

1104 4589 1454 4672 uicorum
1518 4589 1894 4671 indultam
1948 4617 2174 4698 super
2223 4591 2817 4674 commutatione
2870 4591 3245 4673 bonorum
3305 4589 3501 4671 inter
3548 4587 3906 4670 Bertran-

1103 4722 1292 4803 dum
1325 4719 1660 4804 Porcelet
1706 4731 1782 4802 et
1817 4720 2088 4804 fratres
2132 4701 2439 4804 eosdem
2457 4782 2481 4828 ‚
2541 4732 2854 4806 renovat
2900 4734 2974 4806 et
3021 4721 3424 4804 inserendo
3478 4720 3896 4805 confirmat.
