4525 6031
1055 661 1178 725 792
2053 659 2483 722 FRIDERICI
2532 659 2883 723 SECUNDI
3502 662 3664 746 [Arm.
3703 664 3878 728 1250.

1056 796 1337 868 nuntios
1366 814 1736 889 prosperos
1766 804 2043 866 nostrae
2071 794 2832 886 majestatissuccessus
2858 803 2928 864 et
2951 794 3041 866 de
3060 792 3357 866 inimicis
3375 798 3632 869 nostris
3650 799 3884 871 trium-

1056 919 1275 1014 phum
1332 919 1607 990 noviter
1669 918 2003 990 divinitus
2056 928 2337 1012 praeter
2394 939 2591 1013 spem
2648 928 3080 1012 reportatum
3138 918 3437 990 libenter
3494 921 3882 1013 significare

1055 1046 1402 1116 volumus,
1441 1045 1677 1137 Nuper
1718 1043 1901 1114 enim
1948 1065 2106 1114 cum
2150 1043 2448 1114 Ubertus
2484 1043 2770 1114 illustris
2811 1042 3120 1114 marchio
3157 1043 3618 1135 Palavicinus,
3654 1044 3876 1119 fidelis

1055 1179 1320 1257 noster,
1370 1190 1579 1260 quem
1632 1167 2070 1261 capitaneum
2119 1167 2494 1238 felicissimi
2551 1166 2902 1237 exercitus
2947 1167 3165 1238 nostri
3212 1188 3345 1238 nec
3392 1190 3534 1240 non
3588 1170 3879 1242 celebris

1056 1292 1353 1365 civitatis
1394 1302 1670 1363 nostrae
1705 1292 2083 1363 Cremonae
2127 1302 2198 1363 et
2234 1291 2523 1362 istarum
2560 1291 2862 1385 partium
2903 1291 3416 1381 constituimuS,
3464 1314 3558 1364 ex
3590 1293 3875 1366 fautori·-

1055 1418 1187 1488 bus
1217 1418 1643 1486 celsitudinis
1671 1426 1947 1486 nostrae
1977 1438 2420 1486 numerosam
2456 1416 2766 1506 equitum
2798 1428 2866 1484 et
2906 1416 3216 1508 peditum
3252 1418 3526 1488 turbam
3558 1422 3876 1510 collegis-

1057 1552 1161 1612 set
1189 1552 1259 1612 et
1291 1542 1379 1610 ad
1409 1564 1609 1610 suum
1641 1540 1977 1608 auxilium
2007 1540 2344 1630 quosdam
2374 1540 2682 1609 fidelium
2712 1552 3104 1610 nostrorum
3132 1542 3366 1612 Italiae
3396 1556 3870 1634 convocasset,

1057 1664 1319 1734 scilicet
1371 1674 1719 1734 catervam
1755 1684 1895 1732 non
1931 1664 2275 1732 modicam
2326 1664 2854 1734 fortissimorum
2898 1664 3194 1734 militum
3230 1666 3520 1758 Papiae,
3556 1668 3876 1738 robusto-

1057 1810 1211 1856 rum
1255 1786 1851 1878 Pergamensium‚
1893 1786 2259 1856 audacium
2308 1786 2800 1874 Laudensium‚
2856 1788 3302 1858 cordatorum
3344 1790 3875 1862 Teutonicorum

1057 1922 1125 1980 et
1155 1912 1564 1982 devotorum
1599 1912 1911 2000 Parmae,
1965 1910 2083 2002 qui
2139 1922 2336 1981 extra
2372 1910 2504 1980 hoc
2536 1922 2838 1980 castrum
2874 1910 2942 1980 in
2992 1910 3130 1982 fide
3178 1914 3556 2002 ,maJestatis
3600 1924 3874 1986 nostrae

1057 2046 1583 2130 permanserant
1613 2032 1737 2128 (α).
1813 2088 3056 2108 ................
3057 2097 3058 2100 ,
3122 2090 3868 2110 ..........

1057 2168 1551 2250 persequentes
1571 2158 1663 2227 ita
1687 2158 1875 2248 quod
1895 2158 2023 2226 nisi
2051 2158 2402 2226 intrinseci
2424 2160 2706 2226 Parmae
2732 2168 2980 2250 pontes
3008 2160 3376 2250 rupissent,
3408 2160 3602 2252 quasi
3630 2160 3872 2232 eodem

1055 2292 1367 2376 tempore
1395 2282 1525 2376 ipsi
1555 2282 1733 2352 intra
1757 2282 2055 2350 civitatis
2085 2282 2398 2372 ejusdem
2434 2282 2704 2352 moenia
2738 2284 3236 2374 pervenissent.
3272 2284 3468 2354 Unde
3502 2284 3878 2378 triumpha·-

1055 2408 1193 2474 lem
1227 2408 1443 2478 nostri
1477 2408 1755 2476 laudem
1789 2406 2221 2476 celebrantes
2255 2406 2520 2474 bellicis
2558 2406 2740 2474 tubis
2774 2406 2954 2474 sicut
2998 2426 3144 2474 mos
3180 2416 3284 2474 est
3318 2408 3760 2496 sonantibus,
3806 2418 3874 2478 et

1045 2532 1247 2620 juxta
1287 2544 1521 2624 portas
1549 2532 1835 2600 Parmae
1873 2532 2163 2600 tentoria
2203 2528 2621 2620 defigentes:‚
2660 2552 2800 2598 non
2840 2530 3150 2618 elongari
3186 2532 3276 2598 ab
3314 2530 3528 2624 ipsius
3560 2532 3870 2624 depopu-

1051 2656 1307 2724 latione
1343 2656 1489 2724 sine
1521 2654 1845 2724 mandato
1879 2656 2374 2746 disposuerunt
2404 2676 2620 2742 usque
2652 2654 2816 2722 dum
2852 2652 3128 2722 flamma
3160 2666 3227 2722 et
3262 2656 3442 2722 ferro
3470 2654 3650 2724 hanc
3684 2654 3872 2748 peni-

1055 2788 1163 2846 tus
1197 2778 1637 2846 destruerent
1669 2778 1777 2846 vel
1822 2798 1945 2868 per
1981 2776 2121 2844 vim
2161 2776 2249 2844 ad
2286 2788 2598 2844 nostrum
2640 2776 3048 2844 mandatum
3088 2776 3550 2866 reducerent,
3602 2776 3866 2848 habita-

1052 2902 1313 2972 toribus
1371 2903 1519 2992 ejus
1587 2900 1949 2992 captivatis
2005 2922 2123 2968 seu
2203 2900 2408 2968 morti
2470 2898 2756 2968 traditis,
2822 2900 3012 2980 Quae
3088 2900 3369 2990 quidem
3434 2900 3868 2990 contigerunt

1051 3024 1163 3094 die
1191 3026 1401 3094 XVIII
1435 3024 1705 3114 augusti
1745 3022 2059 3116 proxime
2095 3024 2480 3116 praeteriti,
2518 3034 2762 3092 octava
2794 3022 3170 3092 indictione
3208 3022 3336 3116 (l).
3370 3024 3512 3092 Sub
3540 3024 3866 3094 vicesimo

1021 3147 1281 3219 autem
1333 3149 1445 3219 dic
1493 3149 1803 3237 ejusdem
1847 3149 2103 3217 mensis
2147 3169 2376 3215 comcs
2428 3145 2770 3215 Galterius
2816 3147 2902 3215 de
2948 3147 3344 3239 Manupello
3388 3147 3480 3241 (b)
3530 3147 3750 3219 fidelis
3802 3159 3866 3219 et

1052 3273 1403 3343 familiaris
1447 3283 1705 3359 nester,
1759 3271 2095 3339 exercitus
2133 3271 2346 3339 nostri
2392 3269 2796 3361 capitaneus
2846 3269 2914 3337 in
2954 3269 3285 3359 Mamilia,
3340 3281 3640 3339 castrum
3686 3269 3864 3339 obsi-

1135 3469 1219 3547 (a)
1267 3469 1353 3525 Ibi
1385 3469 1673 3543 quaedam
1703 3469 1763 3525 in
1793 3473 1961 3523 textu
1993 3483 2199 3543 graeco
2229 3467 2466 3523 desunt.

1135 3573 1215 3653 (ὗ)
1261 3573 1475 3633 Graece
1505 3573 1531 3627 ὁ
1559 3569 1739 3635 :cdv-tc:
1785 3569 2067 3649 Γαλτέριος
2105 3573 2159 3627 δε
2193 3570 2518 3629 Μουναπολέ
2526 3597 2540 3645 3
2584 3573 2742 3647 quod
2788 3571 3236 3649 intelligendum
3276 3577 3364 3631 est
3400 3569 3468 3629 de
3509 3569 3862 3651 Manupello,

1049 3699 1173 3741 non
1207 3697 1347 3740 vero
1381 3677 1447 3737 de
1479 3675 1807 3755 Monopul0.

1119 3997 1193 4069 (t)
1241 4017 1267 4049 α
1295 3995 1389 4051 Die
1409 3993 1549 4067 jovis
1573 3993 1719 4049 XIIII
1743 3993 1863 4065 (leg.
1895 3991 2009 4063 XV)
2031 3989 2290 4047 kalendas
2318 3989 2656 4063 septembris„
2680 3991 2912 4045 obertus
2938 3989 3288 4045 pallavicinus
3312 3997 3554 4063 potestas
3574 3991 3862 4047 Cremonae

1047 4091 1383 4163 congregatis
1417 4089 1863 4145 Cremonensibus
1899 4089 2155 4143 militibus
2169 4130 2183 4157 „
2215 4087 2482 4157 Pergami,
2528 4087 2740 4143 Laudae
2768 4095 2820 4143 et
2858 4088 2976 4143 CCC
3008 4087 3264 4143 militibus
3302 4089 3496 4161 Papiae
3532 4095 3696 4161 atque
3724 4087 3864 4143 mili-

1047 4189 1193 4247 tibus
1231 4187 1543 4243 extrinsecis
1567 4187 1819 4255 Parmae,
1853 4191 2119 4241 transacto
2163 4185 2384 4239 flumine
2418 4184 2586 4253 Tarii,
2618 4191 2908 4255 coeperunt
2948 4185 3228 4239 devastare
3266 4201 3440 4255 usque
3480 4185 3548 4241 ad
3594 4185 3862 4241 civitatem

1047 4287 1283 4343 Parmae.
1311 4287 1625 4339 parmenses
1649 4299 1775 4339 vero
1801 4283 1977 4339 furore
2005 4297 2199 4351 magno
2221 4281 2430 4337 accensi
2458 4289 2676 4353 propter
2702 4281 2980 4337 victoriam
3004 4299 3166 4353 quam
3192 4283 3498 4337 habuerant
3520 4283 3574 4337 in
3604 4283 3864 4351 Victoria,

1043 4383 1277 4439 inimicis
1315 4397 1373 4437 se
1401 4381 1613 4436 obviam
1642 4379 2001 4451 praebuerunt
2009 4417 2167 4433 .......
2213 4379 2308 4433 sed
2354 4385 2502 4449 terga
2546 4383 2816 4433 vertentes
2858 4379 3038 4449 fugam
3082 4379 3344 4449 petierunt
3343 4416 3463 4435 ......
3506 4383 3866 4451 ceperuntque

1047 4495 1113 4537 ex
1137 4477 1403 4551 peditibus
1427 4477 1653 4531 Parmae
1683 4477 1819 4541 MM,
1851 4491 1915 4529 ex
1946 4473 2201 4529 militibus
2229 4489 2358 4529 vero
2386 4475 2452 4543 L,
2484 4481 2538 4529 et
2566 4475 2836 4531 carocium
2876 4475 3094 4529 Parmae
3132 4491 3254 4529 cum
3292 4473 3516 4547 captivis
3554 4475 3610 4531 in
3636 4473 3864 4531 Cremo-

1047 4591 1175 4631 nam
1199 4575 1497 4641 duxerunt,
1527 4579 1583 4627 et
1609 4571 1683 4627 sic
1713 4571 1851 4627 sacta
1877 4577 1961 4625 est
1987 4571 2219 4624 vindicta
2249 4571 2318 4625 de
2350 4571 2430 4623 eis
2466 4569 2532 4627 de
2574 4571 2708 4625 sacto
2736 4571 3020 4625 Victoriae.
3052 4573 3114 4625 Et
3130 4573 3312 4627 statim
3336 4571 3662 4629 Octavianus
3686 4571 3862 4628 cardi-

1045 4673 1185 4729 nalis
1219 4685 1343 4727 cum
1387 4669 1643 4723 militibus
1673 4667 1935 4723 Bononiae
1965 4673 2019 4721 et
2041 4667 2271 4721 Mutinae
2280 4703 2390 4721 .....
2416 4667 2458 4721 si
2514 4683 2618 4723 non
2646 4667 2860 4739 ivisset,
2892 4669 3082 4725 Parma
3114 4675 3232 4725 erat
3260 4669 3314 4725 in
3342 4669 3496 4725 fortia
3526 4669 3858 4727 inimicorum

1045 4769 1283 4825 redacta.
1313 4787 1339 4819 a
1373 4765 1623 4823 chronic.
1653 4763 1715 4819 de
1743 4763 1853 4819 reb.
1887 4765 1949 4819 in
1977 4763 2103 4819 Ital.
2129 4769 2288 4833 gest„
2318 4779 2374 4835 p.
2404 4765 2534 4833 227,
2566 4767 2690 4821 228.
