4525 6031
1039 657 1165 721 912
2141 657 2764 720 AnanAMENTA.

1212 846 1555 924 (Memorat.
1584 863 1682 925 ap.
1711 846 2045 927 Boanum,
2076 846 2301 928 Reqcst.
2333 847 2567 926 imper„
2597 864 2660 924 p.
2693 855 2835 926 2⁷5,
2864 855 2931 908 n·
2960 855 3019 923 7,
3045 862 3119 907 ex
3148 848 3316 924 eopia
3341 862 3460 909 sec.
3491 847 3670 929 xm,
3704 852 3866 928 apud

1284 951 1646 1031 Mantuam.)

1143 1166 1396 1236 Datum
1428 1165 1708 1256 Parme,
1746 1164 1972 1259 primo
2007 1163 2354 1254 octobris,
2389 1162 2771 1236 indictione
2803 1165 2920 1236 111.

645 1878 985 1984 Affigffifn
1153 1856 1636 1941 Innocentius
1671 1881 1871 1965 papa
1903 1854 2441 1939 Wencezlaum
2478 1881 2737 1966 regem
2772 1853 3178 1938 Bohemiae
3211 1852 3561 1937 liberata
3594 1853 3865 1964 quavis

646 1989 704 2032 ²⁴
725 1988 977 2088 ”ffibffl
1046 1987 1847 2076 excommunicationis
1885 1988 2002 2072 vel
2040 1989 2415 2071 interdicti
2453 1991 2823 2072 sententia
2846 1990 2938 2070 in
2983 2013 3159 2072 eum
3211 1997 3346 2070 aut
3379 1997 3662 2069 terram
3694 1985 3864 2096 ejus

1043 2124 1633 2236 promulganda.

1207 2379 1332 2457 (Cf.
1362 2394 1569 2454 supra,
1607 2396 1668 2454 p.
1701 2385 1853 2455 243;
1881 2393 2045 2438 nunc
2080 2377 2193 2439 sub
2233 2380 2550 2455 integriore
2584 2384 2646 2439 et
2671 2380 2917 2439 rectiore
2940 2377 3132 2439 torma
3170 2378 3592 2438 documentum
3630 2376 3864 2438 edimus

1281 2501 1354 2543 ex
1384 2481 1654 2562 originali
1689 2484 1754 2542 in
1785 2481 1949 2543 arch.
1980 2485 2165 2560 capit.
2194 2483 2594 2561 wissegrad„
2622 2500 2722 2560 ap.
2751 2484 2994 2561 ham,
3024 2483 3242 2564 Reqest.
3273 2480 3610 2556 Bohemiae,
3642 2498 3780 2561 pars
3805 2484 3858 2559 Ι,

1280 2607 1343 2667 p.
1377 2589 1542 2669 52⁴.)

1145 2812 1665 2912 [Innocentius,
1706 2824 1877 2905 etc.,
1921 2814 2372 2904 WenceslaO,
2421 2808 2593 2910 etc.]
2639 2812 2924 2885 Sincera
2978 2812 3260 2886 devotio
3318 2823 3387 2885 et
3451 2813 3860 2887 inconcussa

1043 2938 1428 3010 constantia
1448 2990 1468 3029 ,
1510 2938 1762 3032 quibus
1789 2938 1972 3010 circa
2006 2940 2386 3009 Romanam
2410 2937 2788 3008 Ecclesiam
2816 2937 2998 3008 inter
3027 2936 3373 3033 principes
3402 2936 3575 3010 alios
3592 2938 3859 3034 specia-

1042 3064 1202 3135 liter
1228 3062 1555 3135 claruisse
1596 3062 2009 3153 dinosceris,
2070 3083 2202 3134 nos
2260 3061 2602 3133 inducunt
2647 3071 2728 3154 ut
2764 3082 3133 3157 personam
3174 3070 3364 3133 tuam
3400 3063 3640 3134 favore
3684 3083 3854 3157 apo·

1044 3186 1287 3258 stolico
1317 3186 1785 3281 multipliciter
1809 3196 2337 3280 prosequentes,
2374 3185 2593 3279 ipsam
2620 3183 2964 3256 uberioris
2992 3184 3356 3280 privilegio
3386 3186 3606 3278 gratie
3632 3185 3855 3259 hono·

1044 3331 1304 3381 remus,
1337 3310 1512 3381 Hinc
1531 3318 1637 3381 est
1672 3310 1864 3403 quod
1890 3331 2019 3380 nos
2042 3362 2062 3398 ‚
2103 3308 2237 3380 tuis
2258 3308 3238 3403 supplicationibusinclinati,
3271 3309 3684 3381 excellentie
3708 3318 3853 3401 tue,

1043 3442 1125 3503 ut
1163 3434 1398 3503 nullus
1437 3432 1634 3504 Sedis
1665 3433 2044 3527 apostolice
2079 3432 2469 3523 delegatus,
2503 3433 2618 3505 vel
2647 3432 2948 3525 delegati
2981 3433 3474 3525 subdelegatus
3499 3432 3751 3528 ipsius,
3784 3433 3857 3511 iu

1041 3576 1412 3651 personam
1470 3554 2202 3627 excommunicationis
2254 3565 2376 3626 aut
2434 3554 2507 3625 in
2574 3564 2793 3626 terras
2854 3565 3007 3626 tuas
3052 3556 3398 3628 interdicti
3444 3558 3857 3629 sententiam

1039 3681 1274 3752 valeat
1309 3680 1778 3774 promulgare,
1814 3679 2223 3751 auctoritate
2246 3679 2670 3774 presentium
2707 3678 3174 3771 indulgemus.

1138 3804 1393 3875 Datum
1443 3802 1633 3899 apud
1675 3804 1982 3894 Burgum
2042 3802 2357 3874 Camberi
2412 3802 2486 3873 in
2530 3802 2829 3875 vallibus
2870 3802 3277 3896 Maurianis,
3323 3802 3471 3877 vul
3526 3801 3859 3877 kalendas

1041 3927 1433 4002 decembris
1451 3981 1471 4019 ,
1506 3926 1946 4022 pontificatus
1975 3947 2163 4000 anno
2190 3927 2273 3998 11.

741 4601 869 4657 *Μ
1150 4595 1573 4679 Fridericus
1598 4653 1622 4698 ‚
1697 4592 2216 4676 Romanorum
2286 4591 2736 4701 imperator,
2810 4589 3261 4676 officialibus
3339 4602 3416 4675 et
3495 4591 3855 4676 omnibus
3913 4587 3926 4602 '

623 4651 986 4755 ⁶¹:333&
1039 4729 1391 4812 fidelibus
1437 4727 1596 4811 suis
1643 4750 1778 4836 per
1826 4749 2151 4836 regnum
2185 4724 2484 4808 Siciliae
2537 4724 2967 4810 constitutis
3001 4724 3317 4808 mandat
3368 4735 3455 4810 ut
3497 4724 3852 4810 abbatem
