4525 6031
1078 636 1203 698 872
2135 640 2503 703 CONRAm
2552 639 2856 715 QUARTI
3514 641 3680 722 [An.
3716 641 3895 706 1246.

1077 783 1356 863 nostro,
1399 774 1841 869 promisimus
1888 785 2170 848 centum
2223 799 2492 850 marcas
2510 830 2533 868 ,
2589 798 2718 874 pro
2756 776 3047 872 quibus,
3092 775 3263 849 dum
3293 777 3388 851 ad
3415 799 3665 851 manus
3698 779 3902 853 nobis

1077 897 1373 993 pecunia
1415 897 1790 989 defuisset,
1839 920 2089 973 census
2140 909 2415 974 nostros
2447 923 2673 975 novos
2703 902 2887 973 ultra
2914 901 3223 992 Renum,
3262 923 3357 975 ex
3385 903 3705 998 opposito
3733 904 3902 976 ville

1077 1043 1216 1116 que
1271 1020 1523 1094 dicitur
1570 1022 1968 1116 Lubsdorff,
2026 1026 2379 1097 solventer
2424 1021 2579 1122 (sic)
2631 1023 2942 1118 quinque
2997 1044 3267 1098 marcas
3312 1026 3790 1118 denariorum,
3831 1036 3904 1099 et

1077 1167 1327 1218 nemus
1365 1155 1680 1218 nostrum
1718 1148 1911 1241 quod
1946 1148 2198 1221 dicitur
2239 1148 2330 1221 de
2365 1150 2653 1222 Hoevile
2700 1147 2948 1221 eodem
2995 1148 3195 1221 titulo
3226 1149 3537 1245 pignoris
3567 1149 3902 1224 duximus

1074 1270 1414 1363 obligare.

1172 1395 1424 1467 Datum
1455 1394 1646 1489 apud
1677 1395 1985 1488 Ulmam,
2023 1396 2271 1469 ultimo
2304 1396 2466 1469 maii
2483 1449 2508 1489 ,
2536 1406 2785 1490 quarta
2822 1394 3226 1470 indictione.

755 1941 934 2052 affl:
1188 1903 1615 2050 Conradus,
1655 1944 1736 2025 in
1786 1945 2310 2029 Romanorum
2358 1970 2618 2052 regem
2665 1943 2980 2052 electuS‚
3027 1942 3413 2027 Gerhardo
3464 1943 3561 2026 de
3612 1940 3900 2049 Sintzig

1076 2075 1394 2157 mandat
1456 2086 1542 2157 ut
1598 2076 1949 2159 Conrado
2011 2078 2106 2159 de
2170 2076 2564 2160 Bruneche
2617 2076 2824 2158 fideli
2888 2102 3028 2159 suo
3093 2086 3398 2158 centum
3453 2100 3751 2158 marcas
3802 2075 3902 2156 de

992 2271 1004 2280 .
1078 2206 1359 2290 Iudaeo
1396 2234 1624 2317 quem
1662 2220 1863 2291 tenet
1903 2208 2399 2317 captivatum,
2440 2210 2832 2320 assignare
2868 2234 3021 2292 non
3061 2208 3388 2292 omittat.

1241 2421 1507 2500 (Edider.
1539 2420 1812 2499 (ἄπει,
1838 2419 1978 2482 God.
2001 2420 2242 2503 diplom.
2273 2422 2575 2504 Maqunt„
2598 2430 2647 2484 t.
2679 2423 2763 2496 11,
2792 2441 2928 2502 pars
2949 2432 3009 2502 2,
3038 2440 3099 2500 p.
3134 2430 3273 2495 943,
3293 2438 3369 2482 ex
3391 2420 3759 2500 autographo
3784 2436 3897 2480 cu-

1305 2531 1408 2605 jus
1437 2545 1475 2589 a
1516 2535 1684 2607 tergo
1718 2528 1977 2607 sigillum
2010 2528 2391 2590 membranae
2435 2532 2785 2607 impressum
2824 2536 3110 2609 superest.
3140 2560 3222 2574 -
3260 2527 3749 2607 Hussnmmv,
3779 2526 3894 2587 Du·-

1303 2631 1666 2714 plomatisclae.
1698 2635 1935 2697 Beweiu
1962 2632 2058 2695 des
2082 2635 2269 2697 Hans.
2300 2632 2546 2697 Habent.
2577 2637 2631 2714 1,
2660 2636 2967 2714 Beytrag.,
2993 2647 3059 2695 n·
3089 2632 3212 2714 ³8.)

1168 2823 1521 2896 Conradus
1541 2875 1561 2914 ,
1603 2822 1749 2896 divi
1777 2822 2053 2914 augusti
2084 2821 2522 2918 imperatoris
2545 2821 2873 2894 Friderici
2901 2819 3119 2913 lilius,
3155 2821 3281 2892 Dei
3302 2819 3522 2914 gratia
3548 2820 3891 2892 Romano-

1068 2968 1223 3019 rum
1277 2948 1348 3018 in
1409 2968 1645 3040 regem
1708 2948 2007 3039 electus,
2079 2967 2355 3043 semper
2416 2956 2752 3040 augustus
2818 2955 2889 3018 et
2940 2944 3146 3017 heres
3209 2943 3405 3038 regni
3469 2944 3888 3035 Jerusalem,

1067 3071 1425 3143 Gerhardo
1453 3071 1542 3143 de
1567 3070 1852 3162 Sinzege
1873 3123 1894 3160 ‚
1935 3070 2309 3164 burgravio
2330 3068 2430 3167 (a)
2449 3081 2519 3142 et
2545 3069 2733 3142 fideli
2761 3091 2888 3141 suo
2911 3065 2974 3164 (l
2992 3067 3053 3166 ),
3073 3069 3363 3161 gratiam
3380 3089 3573 3138 suam
3599 3076 3670 3138 et
3688 3087 3893 3138 omne

1065 3193 1356 3265 bonum.
1408 3195 1773 3267 Devotioni
1823 3205 1941 3265 tue
1991 3194 2439 3285 mandamus,
2478 3193 2942 3289 precipientes
2982 3192 3289 3264 districte
3322 3201 3666 3284 quatenus
3689 3190 3895 3281 juxta

1067 3317 1257 3408 quod
1288 3339 1331 3387 a
1367 3316 1569 3388 nobis
1613 3316 1989 3389 novissime
2049 3318 2392 3390 recessisti
2427 3315 2551 3414 (b),
2587 3316 2903 3390 Conrado
2949 3316 3039 3388 de
3087 3314 3483 3406 Bruneche,
3514 3314 3770 3386 dilecto
3824 3322 3895 3385 et

1151 3490 1232 3571 (a)
1277 3491 1511 3552 Scilicet
1533 3489 1602 3551 dc
1627 3489 1985 3551 Landrcron.

1153 3595 1233 3676 (b)
1277 3598 1406 3675 Sic;
1435 3598 1540 3664 sed
1565 3597 1994 3669 verosimiliter,
2018 3598 2306 3677 recepisti.

1141 3873 1213 3947 (t)
1250 3871 1526 3930 Gerardus
1551 3872 1619 3930 de
1643 3872 1824 3946 Sinzig
1847 3872 1905 3929 in
1933 3872 2185 3931 fidelitate
2210 3872 2404 3931 domus
2428 3873 2497 3932 de
2527 3873 2769 3934 Stsuflon
2805 3889 2977 3948 usque
3003 3874 3072 3933 ad
3098 3880 3328 3932 mortem
3365 3871 3596 3932 conradi
3628 3886 3888 3946 perseve-

1063 3971 1237 4041 ravit,
1268 3970 1412 4027 sicut
1440 3974 1589 4044 patet
1632 3986 1702 4028 ex
1744 3970 2075 4028 documentis
2112 3988 2146 4028 a
2194 3970 2425 4029 Gtideno
2459 3971 2661 4029 relatis.
2714 3971 2881 4030 Adest
2929 3971 3132 4029 ibidem
3165 3981 3227 4028 n⁰
3269 3973 3359 4042 ⁴7,
3419 3969 3608 4028 charta
3659 3967 3884 4027 conradi

1060 4067 1388 4127 coloniensis
1431 4066 1848 4141 archiepiscopi,
1899 4066 2029 4125 data
2073 4066 2328 4126 Coloniae
2343 4111 2357 4139 ,
2402 4083 2529 4125 ann.
2578 4069 2745 4139 tus,
2785 4065 3014 4126 sabbato
3062 4084 3171 4141 quo
3206 4073 3450 4126 cantatur
3489 4067 3699 4124 coritas
3744 4065 3850 4122 Dei
3862 4106 3882 4129 ,

1056 4180 1168 4238 qua
1204 4164 1544 4222 Gerhardum
1574 4179 1610 4222 a
1637 4165 1947 4238 captivitate
1981 4165 2203 4222 dimittit
2234 4164 2338 4222 sub
2370 4166 2533 4223 certis
2571 4164 2967 4222 conditionibus
3008 4164 3211 4223 ibidem
3238 4163 3508 4239 expressis
3524 4207 3540 4236 ,
3583 4162 3723 4219 inter
3749 4175 3887 4234 quas

1057 4262 1293 4335 legitur:
1328 4282 1355 4316 «
1381 4261 1646 4319 Omnibus
1670 4267 1955 4335 presentes
1985 4261 2192 4319 litteras
2218 4262 2544 4336 inspecturis
2571 4261 2850 4320 Gen-ardus
2876 4261 2947 4320 de
2975 4261 3204 4320 Sinzeke
3218 4304 3234 4334 ,
3270 4260 3634 4320 Theodericus
3659 4264 3719 4317 et
3742 4257 3884 4316 Suf-

1055 4359 1231 4416 l'ridus
1258 4358 1452 4416 fratres
1476 4357 1635 4432 [ejus]
1656 4364 1843 4415 notum
1869 4374 1989 4417 esse
2010 4359 2260 4415 volumus
2276 4402 2290 4431 ,
2317 4364 2423 4417 etc.
2453 4360 2569 4417 Hoc
2596 4364 2774 4417 tamen
2800 4357 2956 4417 nobis
2989 4359 3203 4417 salvum
3226 4363 3593 4432 protestamur
3618 4353 3763 4430 quod
3785 4368 3884 4412 nos

1056 4455 1277 4512 domino
1307 4462 1489 4512 nostro
1524 4453 1805 4513 Friderico
1842 4473 2003 4531 quem
2040 4472 2142 4529 pro
2182 4457 2506 4530 imperatore
2538 4463 2769 4513 tenemus
2797 4472 2864 4513 ac
2900 4453 3119 4512 domino
3149 4453 3399 4513 Conrado
3427 4455 3541 4528 ejus
3567 4459 3700 4510 nato
3725 4466 3881 4526 quem

1057 4559 1299 4609 tenemus
1322 4567 1424 4626 pro
1448 4567 1599 4626 rege,
1634 4552 1679 4609 si
1706 4551 2059 4624 personaliter
2083 4551 2313 4609 aderunt
2335 4552 2468 4609 citra
2501 4551 2778 4611 Mosellam
2794 4593 2809 4623 ,
2839 4552 3044 4610 servire
3071 4566 3361 4626 possumus
3388 4555 3445 4608 et
3473 4550 3529 4607 in
3559 4548 3665 4606 hoe
3697 4552 3880 4604 contra

1049 4651 1423 4724 iuramentum
1448 4656 1695 4708 nostrum
1720 4665 1831 4707 non
1856 4648 2105 4707 venimus
2134 4689 2390 4709 .....
2421 4651 2640 4710 Salvum
2669 4651 2834 4710 etiam
2872 4656 2959 4710 est
2982 4651 3201 4709 domino
3228 4648 3633 4724 archiepiscopo
3661 4645 3878 4703 domim

1051 4765 1152 4806 suo
1177 4750 1319 4823 regi,
1350 4747 1397 4807 si
1424 4746 1778 4823 personaliter
1801 4745 2036 4816 affuerit,
2066 4746 2337 4819 assistere,
2366 4753 2470 4806 etc.
2497 4767 2524 4802 n
