4525 6031
1011 559 1131 619 6:36
2005 567 2433 628 FmDEmcl
2484 567 2826 628 SECUNDI
3447 567 3613 652 [Asu.
3652 569 3826 631 1248.

1106 695 1555 769 Discedentes
1583 697 1850 770 dudum
1884 698 1972 770 de
2004 722 2220 791 regno
2265 712 2501 772 nostro
2545 702 2861 791 feliciter,
2901 711 3260 795 presentes
3296 701 3552 774 ibidem
3593 702 3833 775 baberi

1011 818 1468 911 credidimus3
1499 821 1652 911 sed,
1682 834 1888 916 prout
1919 824 2009 895 ab
2041 835 2334 919 experto
2367 825 2875 916 cognoscimus,
2899 825 3163 896 utinam
3198 835 3558 921 presentes
3583 827 3835 898 alicubi

1011 965 1136 1014 seu
1168 944 1484 1015 viventes
1526 956 1597 1015 et
1638 946 1851 1018 validi
1893 943 2371 1019 crederemur!
2412 947 2594 1035 Quin
2644 948 2875 1042 potius
2905 946 3138 1043 (quod
3174 949 3490 1022 dolentes
3523 961 3592 1022 et
3630 971 3830 1023 vere-

1013 1067 1222 1138 cundi
1274 1067 1691 1163 referimus),
1732 1079 2059 1162 tanquam
2094 1071 2147 1141 si
2183 1092 2311 1143 vos
2353 1081 2423 1141 et
2453 1070 2784 1142 officiales
2825 1072 2999 1142 alios
3039 1073 3280 1143 salutis
3319 1083 3390 1144 et
3427 1073 3569 1145 vite
3599 1083 3833 1145 nostre

1013 1201 1252 1262 cautos
1303 1191 1668 1264 solicitudo
1719 1214 1856 1264 non
1910 1195 2274 1283 redderet,
2317 1195 2705 1265 necessaria
2751 1194 2963 1265 victui
3015 1206 3254 1267 nostro
3297 1195 3716 1287 subducitis,
3754 1204 3835 1267 ut

1014 1314 1272 1386 nedum
1307 1314 1683 1387 honorifice
1711 1316 2029 1406 vincere,
2068 1317 2193 1389 sed
2225 1317 2617 1389 necessario
2649 1317 2886 1389 vivere
2917 1339 3059 1390 non
3092 1318 3459 1414 possimus.
3493 1317 3603 1391 Ad
3638 1318 3831 1391 exci-

1016 1439 1299 1511 tandam
1335 1440 1543 1531 igitur
1573 1451 1875 1512 vestram
1907 1452 1976 1511 et
2008 1442 2303 1513 aliorum
2343 1451 2736 1514 nostrorum
2778 1441 3174 1513 officialium
3203 1452 3342 1513 tam
3376 1442 3833 1537 perniciosam

1015 1562 1230 1656 ipsius
1269 1584 1563 1656 persone
1610 1572 1844 1635 nostre
1892 1564 2272 1653 desidiam,
2309 1565 2385 1635 P.
2429 1563 2898 1634 venerabilem
2943 1565 3346 1636 Pactensem
3392 1568 3828 1659 episcopum,

1015 1682 1291 1757 fidelem
1320 1697 1661 1775 nostrum,
1695 1687 1764 1756 in
1813 1708 2029 1778 regno
2068 1687 2498 1782 providimus
2540 1685 3055 1773 destinandum.
3087 1687 3197 1759 Ad
3230 1689 3430 1778 cujus
3455 1688 3836 1759 adventum

1016 1821 1251 1905 preter
1307 1808 1638 1881 mittentis
1685 1809 2085 1903 imperium,
2142 1811 2348 1881 misse
2403 1832 2699 1906 persone
2743 1832 2870 1881 vos
2920 1811 3218 1903 qualitas
3268 1819 3586 1899 moveat,
3624 1831 3835 1904 quam

1017 1937 1213 2035 velut
1238 1934 1587 2027 obsequiis
1631 1934 1821 2004 curie
1855 1943 2091 2005 nostre
2126 1934 2493 2028 perutilem
2528 1954 2570 2004 a
2602 1935 2853 2006 nostris
2881 1935 3276 2029 aspectibus
3302 1955 3702 2027 separamus
3727 1934 3834 2004 in·

1019 2059 1180 2147 viti,
1228 2057 1358 2127 nisi
1396 2057 1585 2150 quod
1628 2078 1712 2128 eo
1754 2079 1976 2150 usque
2021 2078 2150 2128 nos
2195 2057 2569 2127 necessitas
2609 2058 2756 2151 ipsa
2799 2058 3244 2152 perduxerit,
3288 2056 3480 2149 quod
3528 2057 3837 2152 corporis

1019 2181 1236 2254 nostri
1269 2191 1537 2276 partem
1571 2179 1665 2276 (si
1691 2178 1838 2250 fieri
1873 2190 2104 2273 posset
2132 2180 2526 2270 salubriter,
2569 2190 2640 2251 et
2671 2191 2918 2251 natura
2952 2177 3416 2274 permitteret)
3447 2179 3837 2253 necessario

1020 2306 1440 2377 misissemus
1467 2302 1569 2400 (a)
1583 2356 1729 2375 .....
1769 2303 1958 2395 quod
1993 2313 2213 2374 totum
2249 2312 2320 2373 et
2356 2303 2703 2394 integrum
2749 2323 2788 2374 e
2836 2303 3068 2375 vicino
3103 2303 3306 2375 vobis
3335 2302 3644 2374 hilariter
3676 2324 3836 2375 cum

1022 2430 1250 2523 palma
1291 2427 1679 2498 desiderate
1712 2425 1999 2498 victorie
2028 2422 2380 2523 [reddere]
2416 2426 2846 2520 pollicemur.
2883 2426 3238 2520 Quidquid
3279 2427 3578 2521 denique
3611 2427 3836 2499 dictus

1019 2551 1383 2646 episcopus
1416 2572 1627 2645 super
1671 2548 1778 2620 his
1822 2549 2020 2620 vobis
2054 2570 2144 2620 ex
2181 2558 2380 2643 parte
2406 2561 2644 2621 nostra
2672 2549 2929 2620 dixerit
2961 2561 3032 2621 et
3058 2549 3520 2641 mandaverit,
3557 2549 3836 2623 indubi-

1021 2683 1244 2746 tanter
1278 2675 1562 2746 credere
1596 2683 1666 2744 et
1699 2672 2070 2745 efficaciter
2101 2673 2579 2767 percomplere
2610 2673 2891 2744 curetis.

1480 2960 3385 2973 wQ-——mwffl

1130 3241 1309 3323 Otto
1345 3263 1600 3321 comes
1637 3238 1733 3318 de
1767 3235 2157 3318 Eberstein
2214 3234 2480 3316 videns
2529 3258 2610 3314 se
2646 3258 2801 3315 non
2851 3258 3072 3340 posse
3121 3229 3522 3313 defendere
3556 3240 3836 3312 terram

1023 3373 1371 3454 Austriae
1422 3370 1520 3452 ab
1569 3368 1981 3450 insultibus
2030 3368 2407 3473 hostium,
2468 3388 2646 3447 cum
2700 3364 3165 3473 quibusdam
3221 3362 3839 3444 ministerialibus

1021 3516 1095 3588 et
1148 3504 1439 3588 civibus
1500 3501 1897 3610 utriusque
1952 3511 2195 3582 terrae
2243 3501 2343 3581 ad
2386 3499 2922 3607 'imperatorem
2979 3495 3364 3604 repedavit
3413 3494 3788 3577 Veronam
3812 3555 3835 3600 ,

1022 3663 1333 3746 sperans
1372 3635 1470 3717 ab
1515 3634 1681 3742 ipso
1728 3633 2107 3740 suscipere
2143 3643 2495 3739 nepotem
2545 3653 2772 3711 suum
2828 3627 3073 3709 filium
3111 3627 3466 3711 dominae
3519 3626 3837 3734 Marga-

1020 3782 1223 3853 retae
1263 3767 1609 3877 reginae,
1651 3765 1960 3848 nomine
2001 3764 2527 3870 Fredericum,
2563 3763 2642 3843 in
2692 3759 3110 3870 principem
3157 3770 3403 3842 terrae
3438 3758 3835 3865 Austriae3

1023 3904 1152 3986 sed
1191 3926 1368 3984 cum
1407 3899 1629 3982 sociis
1667 3897 1825 3980 suis
1864 3922 1995 4007 spe
2045 3895 2455 3977 frustratus
2510 3905 2623 3977 est
2661 3892 2782 4002 (1)
2830 3901 2906 3975 et
2939 3893 3018 3972 in
3072 3893 3460 3976 Austriam
3516 3917 3671 3974 non
3725 3901 3840 3973 est

1020 4060 1391 4119 reversuS.
1440 4031 1726 4115 Contin.
1774 4028 2303 4112 Sancrucensis
2336 4030 2696 4124 secunda,
2745 4053 2870 4133 ap.
2914 4023 3185 4130 Psarz,
3225 4031 3544 4108 Menum.
3590 4031 3830 4106 Genu.

1020 4169 1231 4273 hist,
1269 4180 1328 4249 t.
1371 4165 1509 4269 XI,
1550 4191 1629 4272 p.
1672 4165 1858 4245 642.

1105 4352 1188 4432 (a)
1234 4353 1325 4414 Ibi
1352 4352 1641 4428 quaedam
1669 4350 1746 4410 ad
1774 4365 2011 4409 sensnm
2037 4349 2282 4421 desunt,
2313 4348 2555 4425 quaein
2584 4343 2967 4422 praecedente
2994 4341 3243 4420 epistola
3269 4342 3541 4418 reperies.

1096 4583 1167 4656 (l)
1203 4579 1440 4638 Ulterius
1474 4577 1620 4635 enim
1657 4575 1888 4633 transire
1921 4591 2101 4632 comes
2133 4592 2241 4631 non
2275 4574 2468 4648 potuit,
2517 4590 2550 4632 a
2584 4573 2829 4647 Philippo
2859 4570 3242 4645 salzburgense
3282 4569 3683 4644 archiepiscopo
3716 4573 3773 4626 et
3801 4582 3836 4624 a

1025 4678 1335 4737 Lombardis
1363 4675 1649 4749 impeditus
1665 4716 1679 4744 ,
1703 4672 1841 4729 sicut
1867 4686 1967 4729 nos
1993 4671 2290 4729 Pernoldus
2319 4680 2377 4729 et
2396 4671 2696 4730 Chronieon
2719 4668 3124 4744 Satisburgense
3147 4673 3386 4728 monent.
