4525 6031
1113 670 1239 734 942
2196 668 2822 735 AanAMENTA.

1114 807 1235 880 nia
1269 805 1358 879 de
1397 807 1633 879 banno
1678 818 1750 879 et
1790 808 2187 881 carceribus
2223 808 2598 903 cujuslibet
2641 805 3069 894 communis,
3106 804 3405 877 civitatis
3439 806 3555 878 vel
3600 809 3807 880 castri
3855 811 3947 884 ad

1117 932 1551 1004 voluntatem
1599 932 1741 1022 sui,
1791 932 1939 1005 sine
1985 932 2536 1005 contradictione
2583 932 2701 1004 vel
2741 928 3229 1002 molestatione
3269 929 3564 1023 alicujus
3610 952 3941 1026 persone,

1114 1056 1540 1150 ubicumque
1564 1055 1774 1127 fuerit
1804 1077 1932 1151 per
1963 1065 2184 1129 totum
2216 1059 2606 1130 Romanum
2640 1054 3033 1151 imperium,
3068 1053 3218 1125 sine
3245 1062 3486 1125 nostra
3515 1065 3947 1129 nostrorum·

1116 1200 1258 1273 que
1298 1201 1779 1252 successorum
1821 1190 1892 1252 et
1932 1179 2324 1274 aliquarum
2370 1201 2825 1275 personarum
2878 1176 3459 1268 contradictione,
3508 1179 3664 1272 lege
3714 1179 3946 1275 aliqua

1117 1324 1259 1376 non
1293 1303 1613 1376 obstante
1648 1314 1719 1376 et
1748 1305 1868 1378 illa
1893 1305 2226 1401 precipue
2255 1327 2394 1398 que
2427 1302 2825 1398 legittimari
2852 1302 3126 1397 spurios
3155 1302 3411 1375 nisiex
3442 1313 3633 1375 certa
3660 1305 3947 1379 scientia

1114 1447 1260 1499 non
1302 1426 1674 1523 permittit;
1726 1428 1823 1499 ita
1867 1427 2061 1521 quod
2100 1450 2580 1522 quoscumque
2622 1426 2898 1517 fecerit,
2936 1426 3205 1521 possint
3248 1426 3624 1499 succedere
3664 1426 3945 1502 beredi-

1120 1551 1247 1622 tati
1265 1550 1480 1644 patris
1506 1560 1576 1622 et
1593 1550 1785 1622 omni
1820 1551 1942 1622 alii
1974 1572 2101 1624 suo
2120 1551 2262 1644 juri
2302 1562 2634 1644 tanquam
2667 1551 2816 1624 veri
2850 1559 2922 1623 et
2952 1551 3271 1642 legittimi
3303 1549 3494 1623 cives
3518 1551 3835 1642 Romani,
3873 1562 3945 1626 et

1115 1674 1351 1746 omnia
1387 1674 1612 1746 officia
1650 1683 1721 1745 et
1760 1674 2115 1768 judicatus
2157 1684 2228 1745 et
2269 1683 2425 1746 acta
2464 1675 2745 1770 publica
2790 1684 3188 1747 contractus
3241 1674 3682 1746 conscribere
3732 1686 3943 1771 atque

1119 1793 1490 1888 conficere,
1517 1798 1832 1871 etomnia
1844 1799 2072 1870 facere
2093 1808 2509 1870 etexercere
2524 1821 2661 1893 que
2688 1799 2780 1870 ad
2810 1799 2957 1893 ipsa
2988 1799 3473 1870 tabellionatus
3503 1808 3573 1870 et
3592 1799 3944 1891 judicatus

1113 1919 1341 1992 officia
1375 1922 1465 1994 de
1490 1921 1651 2014 jure
1680 1921 2029 2017 pertinere
2079 1933 2493 2013 noscuntur,
2534 1922 2602 1994 in
2647 1944 3088 2016 quacumque
3125 1932 3321 2019 parte
3366 1923 3626 1995 fuerint
3670 1924 3944 2019 imperii

1115 2046 1515 2137 memorati,
1554 2046 1732 2117 sicut
1762 2068 1805 2118 a
1841 2046 2044 2119 nobis
2084 2046 2232 2119 sive
2274 2058 2513 2118 nostra
2559 2048 2877 2138 largitate
2919 2047 3105 2119 dicta
3151 2046 3376 2118 officia
3425 2046 3821 2142 optineant,
3862 2058 3943 2121 ut

1116 2170 1207 2242 de
1225 2192 1457 2264 penna
1482 2180 1554 2241 et
1584 2171 1954 2241 calamario
1980 2181 2049 2241 et
2073 2171 2391 2262 judicatu
2414 2172 2629 2267 possit
2653 2169 2756 2267 (a)
2789 2180 2859 2242 et
2893 2171 3123 2244 valeat
3151 2170 3479 2242 investire
3511 2171 3830 2263 eosdem3
3872 2180 3944 2245 et

1113 2315 1159 2366 a
1212 2304 1447 2366 nostra
1499 2294 1692 2365 curia
1738 2294 2162 2388 ubicumque
2208 2295 2417 2366 fuerit
2460 2295 2531 2366 in
2570 2296 2761 2367 victu
2815 2305 2887 2367 et
2924 2294 3182 2367 vestitu
3224 2304 3295 2366 et
3335 2295 3764 2369 nutrimento
3812 2297 3941 2369 ali·

1119 2418 1388 2489 monias
1427 2440 1554 2513 pro
1584 2440 1659 2489 se
1692 2418 1972 2510 suisque
2002 2419 2456 2490 servitoribus
2489 2429 2560 2490 et
2592 2418 2788 2513 equis
2826 2419 3397 2512 quotiescumque
3430 2419 3562 2492 sibi
3607 2421 3944 2516 placuerit

1115 2541 1484 2634 condignis
1530 2552 1600 2612 et
1636 2541 2142 2613 sufficientibus
2179 2542 2497 2637 accipere
2538 2552 2609 2614 et
2645 2543 3107 2636 quadraginta
3144 2541 3465 2614 marchas
3499 2543 3666 2616 boni
3708 2554 3782 2617 et
3818 2543 3939 2617 fini

1116 2665 1386 2757 argenti
1428 2664 1616 2736 omni
1657 2685 1845 2736 anno
1880 2686 2010 2758 pro
2053 2664 2387 2756 adjuncta
2431 2666 2623 2737 feudi
2664 2666 3138 2761 suprascripti.
3184 2665 3683 2740 Confirmamus
3730 2668 3938 2741 etiam

1113 2788 1347 2860 omnia
1393 2788 1756 2882 privilegia
1787 2810 1827 2860 a
1864 2789 2121 2861 nostris
2160 2789 2771 2885 predecessoribus
2813 2792 3041 2864 eidem
3090 2801 3162 2863 et
3200 2792 3759 2866 antecessoribus
3796 2793 3941 2867 suis

1102 2912 1528 3006 jamdudum
1573 2912 1876 3004 indulta,
1920 2922 2308 2985 statuentes
2345 2923 2417 2985 et
2456 2913 2745 2986 firmiter
2791 2916 3253 3011 precipientes
3296 2937 3387 2987 ne
3431 2917 3665 3011 aliqua
3710 2916 3938 2991 omni-

1116 3039 1327 3110 modo
1365 3059 1662 3132 persona
1693 3039 1834 3109 alta
1877 3040 1989 3110 vel
2038 3039 2356 3129 humilis,
2395 3039 2862 3112 ecclesiastica
2899 3041 3016 3111 vel
3062 3041 3426 3130 seculariS,
3475 3041 3657 3114 hanc
3700 3052 3937 3116 nostre

1113 3162 1580 3234 concessionis
1619 3171 1690 3233 et
1722 3161 2266 3234 confirmationis
2312 3164 2604 3234 formam
2648 3163 3021 3255 infringere
3075 3166 3187 3236 vel
3238 3163 3303 3235 ei
3343 3185 3518 3235 ausu
3570 3165 3939 3241 temerario

1112 3284 1369 3356 debeat
1403 3285 1772 3356 contraire.
1810 3285 2013 3370 Quod
2041 3286 2161 3377 qui
2191 3287 2418 3357 facere
2449 3286 2966 3380 attemptaverit
2997 3294 3119 3358 aut
3149 3286 3384 3379 aliquo
3418 3286 3629 3360 modo
3660 3299 3938 3362 contra·

1112 3408 1356 3479 venire
1395 3409 1921 3501 presumpserit,
1955 3409 2143 3478 mille
2183 3418 2529 3479 trecentas
2561 3409 2772 3480 libras
2812 3410 2968 3504 puri
3009 3409 3162 3481 auri
3209 3419 3617 3506 componat,
3666 3411 3936 3487 medie·

1116 3540 1329 3602 tatem
1357 3551 1632 3601 camere
1671 3540 1906 3601 nostre
1935 3531 2281 3623 aliamque
2319 3531 2766 3603 medietatem
2798 3532 3119 3623 injuriam
3151 3532 3371 3627 passis
3407 3534 3786 3610 soluturuS.
3822 3532 3938 3609 Ad

1113 3655 1316 3745 cujus
1346 3654 1448 3724 rei
1482 3664 1743 3724 certam
1778 3654 2227 3744 evidentiam,
2261 3656 2477 3727 robur
2509 3677 2593 3728 ac
2620 3656 3060 3747 memoriam,
3099 3657 3233 3730 hoc
3274 3656 3610 3753 scriptum
3647 3658 3935 3759 privile-

1108 3778 1304 3871 gium
1343 3777 1406 3849 ei
1444 3777 1874 3849 indulximus
1905 3799 2117 3851 aurea
2149 3780 2342 3851 bulla
2375 3789 2609 3851 nostre
2642 3780 3022 3873 majestatis
3049 3781 3577 3856 communitum.
3610 3781 3745 3867 Qui
3768 3783 3940 3856 Ber-

1115 3901 1462 3975 tholoctus
1486 3902 1574 3973 de
1595 3901 1768 3995 Ripa
1797 3901 2021 3972 insule
2045 3903 2327 3994 Sucarie
2358 3913 2428 3974 et
2457 3903 2753 3974 Bardine
2787 3924 3021 3974 comes
3047 3905 3395 3998 palatinus
3421 3904 3493 3976 in
3521 3904 3937 3979 Lombardia

1111 4024 1301 4098 dicto
1353 4025 1634 4096 domino
1688 4023 2052 4096 Frederico
2116 4025 2425 4098 secundo
2471 4025 2872 4120 imperatori
2914 4028 3179 4119 juravit
3230 4026 3638 4100 fidelitatem
3691 4039 3938 4104 contra

1112 4168 1392 4219 omnem
1444 4146 1796 4218 hominem
1846 4147 1936 4218 de
1986 4149 2295 4238 mund0,
2350 4157 2647 4242 excepto
2711 4147 3072 4220 dominum
3127 4171 3380 4245 papam
3435 4161 3507 4223 et
3553 4152 3934 4227 Ecclesiam

1109 4272 1491 4344 Romanam
1528 4268 1710 4366 (sic),
1745 4271 2130 4342 secundum
2166 4270 2359 4363 quod
2391 4271 2461 4342 in
2493 4272 2814 4367 capitulis
2861 4270 3211 4344 fidelitatis
3241 4273 3312 4343 in
3349 4274 3672 4346 omnibus
3704 4285 3777 4348 et
3805 4297 3937 4372 per

1109 4395 1345 4467 omnia
1380 4393 1803 4484 continetur,
1841 4393 2292 4488 corporaliter
2331 4395 2422 4466 ab
2464 4395 2615 4490 ipso
2647 4396 2937 4490 prestito
2978 4406 3412 4469 sacramento
3444 4397 3671 4471 eidem
3699 4398 3935 4474 delato

1110 4539 1240 4614 per
1296 4539 1409 4589 me
1461 4517 1853 4589 Conradum
1901 4506 2293 4589 Metensem'
2335 4517 2431 4613 (b)
2494 4519 2925 4614 episcopum,
2981 4520 3355 4614 imperialis
3386 4523 3546 4594 aule
3583 4524 3930 4596 cancella-

1195 4674 1278 4756 (a)
1324 4676 1395 4735 In
1424 4678 1673 4753 registro
1690 4676 1903 4754 prosit.

1194 4781 1274 4862 (b)
1319 4784 1390 4843 In
1417 4783 1618 4843 codice
1642 4780 2001 4844 Mamm-rem
2027 4782 2180 4842 sicut
2205 4781 2381 4842 infra.
