4525 6031
1838 663 2463 727 Anm'rAMEN'rA.
3437 665 3560 727 899

734 821 1104 872 monemus
1131 809 1202 871 et
1234 799 1594 872 hortamur
1621 820 1747 895 per
1779 799 2046 871 viscera
2077 797 2546 871 misericordie
2577 800 2738 871 Iesu
2755 798 3037 887 Christi,
3065 808 3407 891 quatenus
3424 799 3560 872 hoc

740 923 1152 1019 prudentius
1185 924 1363 994 sicut
1396 923 1724 995 convenit
1765 923 2241 1011 attendentes,
2276 944 2484 1016 quam
2522 921 2871 993 horrenda
2905 932 2975 994 et
3000 943 3207 1016 quam
3240 923 3560 994 abhomi-

736 1047 988 1119 nabilis
1036 1047 1282 1119 Christi
1330 1044 1653 1118 fldelibus
1703 1047 2027 1119 videatur
2076 1046 2385 1119 detentio
2427 1045 2929 1140 predictorum,
2980 1047 3160 1117 fame
3208 1056 3436 1118 vestre
3488 1055 3560 1118 et

738 1170 943 1242 saluti
970 1170 1238 1260 anime,
1269 1191 1408 1262 que
1437 1171 1932 1265 temporalibus
1960 1179 2067 1242 est
2094 1170 2417 1242 omnibus
2454 1169 2905 1264 preponenda
2930 1222 2950 1257 ,
2986 1169 3352 1241 salubriter
3385 1192 3554 1242 con-

739 1293 980 1365 sulatis
998 1347 1016 1384 ,
1058 1294 1279 1389 ipsos,
1314 1294 1524 1365 immo
1550 1295 1893 1367 Christum
1926 1295 1997 1364 in
2031 1294 2233 1388 ipsiS,
2269 1314 2445 1387 quos
2472 1303 2741 1364 constat
2773 1292 2960 1388 apud
2989 1294 3208 1363 Deum
3238 1303 3308 1364 et
3337 1293 3560 1366 homi·

738 1438 865 1488 nes
900 1426 1184 1513 propter
1233 1417 1368 1489 hoc
1412 1417 1694 1512 premiis
1754 1418 2003 1510 dignos
2041 1437 2228 1507 esse,
2281 1416 2709 1488 restituendo
2740 1416 2975 1488 divine
3003 1417 3276 1511 pietatis
3303 1417 3558 1489 intuitu

738 1540 1062 1612 libertati.
1131 1542 1279 1613 Hoc
1337 1540 1522 1611 enim
1581 1549 1810 1635 potest
1867 1561 2018 1613 esse
2071 1540 2259 1612 viam
2308 1540 2884 1611 reconciliationis
2925 1540 3016 1611 ad
3041 1550 3332 1611 matrem
3364 1552 3434 1611 et
3464 1541 3558 1612 ad

734 1665 958 1735 Deum
1004 1685 1131 1759 per
1173 1673 1642 1758 consequens,
1695 1687 1904 1758 quem
1957 1665 2030 1737 in
2082 1666 2217 1737 hoc
2267 1663 2570 1756 graviter
2606 1662 3009 1734 offendistis.
3044 1664 3151 1733 Ex
3182 1663 3317 1735 hoc
3348 1663 3556 1735 etiam

735 1786 990 1879 poterit
1042 1787 1332 1858 relevari
1369 1786 1639 1881 imperii
1688 1788 1903 1859 vestri
1951 1799 2210 1875 status,
2268 1796 2339 1858 et
2380 1784 2776 1878 acquiretur
2811 1785 3007 1857 vobis
3037 1786 3274 1856 titulus
3304 1807 3555 1878 magne

736 1909 962 1981 laudis
989 1920 1059 1981 et
1105 1912 1301 1983 favor
1330 1910 1424 1982 ad
1471 1919 1787 2005 posteros
1836 1921 2106 1982 vestros
2152 1930 2586 1982 successores
2616 1907 2884 2003 imperii
2919 1908 3366 1981 derivandus.
3402 1911 3553 1982 Mo-

735 2043 946 2104 veant
981 2033 1215 2126 itaque
1254 2032 1690 2105 clementiam
1723 2044 2027 2105 vestram
2063 2033 2407 2125 singultus
2430 2041 2503 2102 et
2524 2032 2802 2103 lacrime
2840 2032 3129 2102 ecclesie
3165 2033 3548 2123 Gallicane3

734 2166 1063 2227 moveant
1110 2157 1343 2249 itaque
1388 2156 1815 2251 imperialem
1866 2156 2471 2228 mansuetudinem
2525 2155 2912 2226 reverentia
2964 2155 3126 2226 Iesu
3191 2156 3436 2227 Christi
3482 2167 3555 2228 et

735 2278 1182 2350 nihilominus
1200 2279 1467 2371 justitie
1502 2279 1844 2352 rectitudo
1867 2332 1886 2370 ,
1930 2301 2068 2373 qua
2100 2300 2341 2370 regum
2370 2288 2443 2350 et
2467 2278 2853 2373 principum
2876 2277 3124 2348 solium
3151 2278 3542 2350 roboratur.

731 2401 931 2473 Stent
956 2403 1163 2473 etiam
1196 2403 1266 2473 in
1303 2413 1678 2497 conspectu
1706 2403 2125 2475 conscientie
2159 2411 2387 2474 vestre
2420 2400 2622 2473 timor
2651 2401 2959 2491 Domini,
2998 2401 3175 2493 ignis
3198 2400 3543 2493 gehenne,

731 2524 871 2595 vite
901 2526 1204 2597 brevitas
1238 2537 1307 2596 et
1345 2526 1870 2599 incertitudines
1913 2526 2063 2618 ejus
2102 2524 2256 2596 finis
2278 2578 2297 2615 ,
2338 2534 2412 2596 et
2448 2545 2659 2618 super
2696 2523 2929 2596 omnia
2967 2525 3170 2595 timor
3210 2525 3548 2598 tremendi

718 2646 1005 2741 judicii,
1056 2648 1125 2719 in
1162 2671 1311 2743 ‚quo
1352 2671 1484 2722 nec
1528 2650 1889 2722 excusatio
1921 2671 2051 2722 nec
2079 2647 2491 2745 supplicatio
2527 2649 2755 2719 locum
2782 2646 2913 2718 sibi
2944 2626 3273 2740 poterunt
3302 2649 3547 2720 vendi-

728 2791 914 2841 care.
950 2771 1206 2844 Audite
1231 2783 1303 2844 et
1333 2772 1662 2846 exaudite
1694 2773 1995 2866 benigne
2038 2794 2284 2868 preces
2308 2771 2613 2843 Ecclesie
2643 2772 3114 2866 supplicantis.
3150 2773 3219 2843 Si
3249 2771 3434 2843 enim
3457 2773 3550 2844 ad

726 2891 945 2987 ipsius
983 2897 1393 2985 clamorem,
1440 2896 1630 2989 quod
1672 2896 1887 2985 absit,
1934 2894 2425 2967 obturaveritis
2464 2915 2669 2966 aures
2696 2904 2995 2984 vestraS,
3029 2895 3412 2967 verendum
3444 2908 3549 2968 est

727 3039 816 3088 ne
848 3017 1064 3113 ipsius
1108 3020 1537 3112 singultuose
1587 3021 1870 3092 lacrime
1916 3041 2056 3091 una
2101 3041 2260 3092 cum
2300 3020 2849 3113 compeditorum
2877 3020 3246 3111 gemitibus
3272 3020 3548 3092 Domini

723 3141 1127 3236 patientiam
1144 3145 1450 3217 excitent
1466 3144 1559 3216 ad
1574 3144 1949 3217 vindictam
1966 3196 1985 3233 ,
2009 3153 2081 3216 et
2098 3143 2378 3215 devotio
2403 3140 2711 3214 fidelium
2732 3144 3030 3215 Ecclesie
3058 3144 3293 3215 audita
3313 3197 3332 3232 ,
3357 3145 3549 3237 quod

724 3285 867 3336 non
902 3276 1260 3359 optamus,
1302 3267 1642 3362 imperiali
1674 3267 1966 3358 duritia,
2007 3266 2254 3362 spiritu
2285 3266 2562 3339 Domini
2609 3266 2948 3358 excitata,
3000 3289 3158 3338 cum
3205 3269 3549 3340 membro-

725 3410 880 3459 rum
898 3410 1184 3461 suorum
1201 3400 1338 3462 tam
1360 3391 1820 3464 miserabilem
1846 3391 2181 3463 lesionem
2195 3391 2537 3462 sustinere
2555 3410 2694 3461 non
2711 3391 2976 3479 valeat,
2998 3392 3147 3463 zelo
3166 3392 3435 3463 sincero
3450 3390 3543 3489 (P)

724 3511 1145 3584 accendatur
1183 3514 1275 3586 ad
1316 3525 1579 3587 tantam
1632 3514 1955 3605 injuriam
2000 3516 2126 3585 Dei
2171 3524 2242 3585 et
2282 3514 2589 3586 Ecclesie
2634 3514 3107 3587 relevandam.
3139 3516 3311 3586 Nam
3348 3516 3543 3606 licet,

722 3636 1024 3730 peccatis
1051 3637 1493 3730 exigentibus
1515 3693 1534 3731 ,
1576 3639 1908 3711 Dominus
1941 3638 2044 3736 (a)
2076 3641 2338 3735 populo
2376 3661 2502 3710 suo
2527 3639 2618 3711 ad
2659 3649 2928 3735 tempus
2951 3639 3274 3711 videatur
3309 3639 3544 3730 irasci,

719 3769 1359 3855 quantumcumque
1390 3763 1574 3834 Petri
1602 3762 1924 3835 navicula
1956 3762 2218 3834 turbari
2243 3763 2542 3853 dicatur,
2582 3762 2923 3833 excitatus
2958 3770 3188 3832 tamen
3217 3761 3551 3833 Dominus

659 3886 665 3893 ’
722 3884 1025 3956 clamore
1079 3907 1364 3958 suorum
1392 3888 1608 3959 iratus
1639 3887 2110 3960 misericordie
2138 3909 2329 3957 nunc
2362 3886 2865 3976 recordabitur,
2901 3895 2974 3956 et
3003 3906 3293 3976 surgens
3326 3886 3553 3957 ventis

718 4017 789 4078 et
820 4008 993 4079 mari
1030 4009 1314 4105 pariter,
1370 4032 1532 4083 cum
1589 4011 1721 4083 sibi
1764 4011 2136 4106 placuerit,
2184 4008 2591 4105 imperabit,
2630 4007 2892 4100 fietque
2928 4029 3180 4100 magna
3212 4008 3547 4099 tranquil-

721 4130 878 4202 litas
900 4184 919 4222 ,
950 4133 1047 4204 ita
1085 4130 1217 4231 [ut]
1251 4133 1562 4205 videntes
1594 4133 1900 4206 divinam
1942 4134 2345 4229 patientiam
2396 4155 2537 4206 nou
2579 4132 2940 4202 mirentur.
2972 4132 3330 4226 Proprium
3361 4132 3546 4203 enim

716 4253 1024 4326 Ecclesie
1057 4257 1236 4327 solet
1270 4277 1420 4328 esse
1467 4266 1545 4327 ut
1580 4266 1747 4329 tunc
1776 4257 2011 4329 vincat
2048 4278 2206 4328 cum
2236 4254 2493 4327 leditur
2521 4264 2594 4327 et
2627 4253 2978 4345 affligitur,
3022 4265 3184 4326 tunc
3211 4254 3553 4345 intelligat

717 4398 876 4448 cum
904 4379 1243 4472 arguitur,
1298 4390 1463 4451 tunc
1512 4401 1755 4451 secura
1804 4376 1950 4479 [sit]
1996 4402 2155 4452 cum
2191 4381 2340 4451 sola
2368 4378 2812 4472 relinquitur,
2852 4387 3016 4449 tunc
3049 4378 3358 4450 obtineat
3388 4399 3549 4449 cum

717 4496 1041 4595 superata
1085 4501 1388 4575 videtur.
1442 4505 1778 4599 Tempore
1827 4504 2015 4575 enim
2052 4502 2336 4595 diluvii,
2386 4501 2629 4594 archa,
2680 4523 2809 4597 per
2837 4523 3047 4595 quam
3088 4502 3211 4573 Dei
3240 4501 3551 4574 Ecclesia

801 4762 884 4843 (a)
926 4765 1041 4826 Blc
1067 4766 1307 4829 additur
1321 4786 1512 4849 papa,
1547 4770 1709 4847 quod
1735 4786 1977 4831 sensum
2002 4769 2226 4832 turbat.
