4525 6031
752 588 955 651 buter.
986 586 1081 664 6.]
1508 622 1513 629 -
1646 585 2041 648 HISTORIA
2088 585 2680 647 DIPLOMATICA.
3454 580 3576 642 593

1189 869 1935 880 mm

671 1247 675 1250 ,
862 1128 1288 1210 Fridericus
1343 1127 1439 1209 de
1499 1125 1928 1233 Antiochia,
1964 1127 2262 1236 imperii
2321 1126 2398 1206 in
2454 1126 2728 1209 Tuscia
2781 1126 3108 1210 vicarius
3166 1125 3572 1237 generalis,

753 1261 1010 1369 vigore
1069 1259 1576 1343 concessionis
1626 1270 1700 1341 et
1743 1260 2085 1341 mandati
2135 1259 2612 1367 imperatoris
2656 1259 2895 1367 patris
2951 1259 3109 1367 sui,
3164 1260 3578 1343 Gonlatum

755 1394 997 1474 filium
1035 1392 1299 1502 Acapti
1336 1393 1431 1475 de
1471 1392 1801 1475 Cortona
1835 1391 2228 1500 publicum
2270 1391 2753 1473 tabellionem
2799 1392 2880 1473 in
2926 1392 3243 1501 imperio
3282 1397 3570 1479 statuit.

917 1607 1097 1686 (Edit.
1121 1610 1182 1666 in
1211 1603 1456 1686 Epistol.
1482 1606 1703 1667 Franc.
1725 1605 2023 1679 Romen-ti,
2045 1623 2142 1683 ap.
2166 1604 2343 1668 Aren.
2365 1613 2511 1667 scor.
2532 1603 2795 1686 italiam,
2816 1607 3095 1684 append„
3128 1617 3195 1667 n‘·
3219 1617 3316 1684 12,
3341 1627 3400 1686 p.
3437 1619 3573 1682 466,

992 1729 1069 1773 ex
1096 1715 1300 1790 regist.
1333 1719 1516 1772 veter.
1547 1721 1818 1773 coaetan.
1846 1719 2041 1772 notar.
2073 1712 2394 1773 Crescentn
2416 1715 2479 1772 in
2509 1714 2673 1773 arch.
2694 1729 2915 1773 comm.
2940 1711 3268 1787 Corton.,f.
3296 1722 3371 1774 96
3391 1723 3572 1777 recto.

994 1852 1075 1863 -
1102 1819 1246 1879 Coll.
1280 1836 1418 1879 cum
1452 1819 1587 1880 eod.
1618 1820 1682 1881 S.
1721 1820 1982 1880 Emmer.
2017 1821 2081 1878 tn
2107 1818 2258 1880 Bibl.
2295 1835 2415 1897 reg.
2451 1820 2715 1896 Monac„
2744 1820 2817 1880 E.
2849 1818 3041 1896 LXII,
3063 1819 3168 1881 lib.
3200 1819 3308 1896 lv,
3344 1830 3444 1899 72,
3474 1821 3576 1882 ubi

993 1941 1135 1986 vero
1161 1926 1378 1986 desunt
1407 1925 1737 1986 tabellionis
1763 1942 1983 1986 nomen
2010 1932 2070 1986 et
2098 1933 2271 1986 notae
2297 1924 2792 2004 chronologicae.)

816 2112 1209 2184 Fridericus
1238 2113 1325 2183 de
1354 2111 1746 2203 Antiochia,
1771 2113 2033 2185 domini
2059 2113 2494 2207 imperatoris
2523 2112 2922 2202 filiuS,sacri
2951 2114 3218 2208 imperii
3248 2116 3319 2185 in
3335 2117 3578 2188 Tuscia

752 2246 821 2309 et
846 2237 938 2308 ab
970 2236 1240 2307 Amelia
1272 2258 1497 2329 usque
1533 2237 1902 2308 Coi-netum
1934 2247 2004 2307 et
2030 2259 2154 2331 per
2191 2246 2407 2331 totam
2435 2237 2850 2308 maritimam
2877 2238 3175 2310 vicarius
3204 2241 3572 2331 generalis,

749 2359 879 2430 Per
906 2382 1197 2455 presens
1224 2361 1558 2454 scriptum
1593 2370 1833 2431 notum
1867 2358 2014 2430 fieri
2043 2362 2367 2430 volumus
2398 2361 2742 2432 universis
2780 2362 3050 2455 imperii
3082 2360 3404 2434 fidelibus
3437 2375 3574 2435 tam

752 2483 1189 2576 presentibus
1225 2505 1437 2577 quam
1468 2482 1719 2554 futuris
1749 2483 1941 2575 quod
1969 2503 2011 2552 a
2044 2482 2325 2554 domino
2367 2482 2803 2555 serenissimo
2841 2494 3035 2578 patre
3073 2496 3311 2557 nostro
3347 2509 3579 2558 sacras

747 2606 1138 2701 recepimus
1178 2607 1441 2677 litteras
1486 2606 1559 2677 in
1605 2606 1738 2677 hac
1772 2608 1993 2677 forma
2035 2634 2051 2677 ε
2083 2605 2474 2676 Fridericus
2499 2606 2626 2677 Dei
2654 2607 2905 2697 gratia,
2938 2617 3106 2698 etc.‚
3143 2608 3398 2681 dilecto
3435 2608 3578 2682 filio

750 2754 876 2804 suo
897 2731 1249 2803 Friderico
1274 2732 1363 2803 de
1383 2731 1779 2821 Antiochia,
1803 2740 1938 2801 etc.
1961 2730 2301 2801 Fidelium
2326 2739 2722 2802 nostrorum
2738 2731 3237 2821 jurisdictionis
3264 2743 3409 2822 tue,
3433 2745 3569 2807 etc.

750 2854 951 2951 (Vide
979 2876 1190 2949 supra
1222 2854 1746 2943 documentum,
1783 2878 1855 2951 p.
1889 2851 2090 2948 432.)
2128 2853 2326 2925 Unde
2356 2876 2484 2925 nos
2511 2854 2942 2926 confidentes
2976 2856 3065 2926 de
3097 2853 3235 2927 fide
3264 2867 3334 2927 et
3367 2858 3579 2930 devo·

748 2963 935 3051 tione
968 2979 1244 3051 Gonlati
1278 2976 1398 3050 filii
1430 2976 1676 3073 Acapti
1703 2977 1792 3049 de
1818 2977 2144 3068 Cortona,
2177 2975 2404 3050 fidelis
2432 2977 2731 3073 imperii,
2764 2988 3046 3074 recepto
3086 2980 3276 3074 prius
3304 2981 3575 3077 abipso

746 3100 1097 3174 fidelitatis
1133 3115 1203 3175 et
1238 3102 1444 3175 officii
1460 3102 2216 3197 juramento,predicta
2240 3103 2579 3197 imperiali
2612 3104 3020 3175 auctoritate
3051 3126 3190 3197 qua
3223 3106 3578 3198 fungimur

748 3226 975 3320 ipsum
999 3227 1357 3320 publicum
1383 3225 1830 3297 tabellionem
1854 3226 1923 3295 in
1949 3225 2242 3319 imperio
2271 3227 2603 3297 duximus
2625 3228 3099 3317 statuendum,
3115 3237 3196 3299 ut
3223 3228 3314 3300 de
3343 3226 3576 3302 cetero

722 3349 1140 3442 ‘predictum
1194 3349 1499 3420 officium
1554 3348 1643 3420 ad
1701 3348 2038 3420 honorem
2086 3358 2157 3418 et
2205 3346 2611 3420 fidelitatem
2664 3350 3101 3444 imperatoris
3159 3353 3577 3424 serenissimi

749 3474 965 3569 patris
990 3475 1210 3545 nostri
1242 3482 1313 3544 et
1343 3495 1627 3545 suorum
1660 3472 1994 3545 heredum
2023 3471 2322 3544 fideliter
2361 3473 2615 3545 debeat
2627 3471 2728 3568 (a)
2755 3475 3014 3568 ubique
3049 3497 3174 3569 per
3207 3476 3576 3571 imperium

749 3619 1116 3687 exercere,
1148 3596 1562 3669 mandantes
1595 3598 1936 3691 imperiali
1972 3597 2384 3669 auctoritate
2418 3618 2556 3690 qua
2589 3598 2943 3690 fungimur
2969 3609 3314 3692 quatenus
3343 3603 3576 3674 nullus

749 3722 835 3792 sit
861 3722 985 3814 qui
1011 3720 1337 3793 eumdem
1366 3721 1738 3792 Gonlatum
1767 3741 1978 3814 super
2008 3721 2160 3815 ipso
2186 3721 2414 3793 officio
2441 3722 2777 3816 impediat
2803 3722 2892 3793 de
2925 3733 3157 3795 cetero
3182 3724 3299 3795 vel
3329 3727 3578 3798 moles-

750 3855 879 3936 tet3
926 3845 1119 3938 quod
1160 3846 1281 3937 qui
1320 3846 1550 3916 facere
1585 3844 2111 3938 presumpserit,
2143 3844 2695 3936 indignationem
2732 3844 3111 3938 imperialis
3142 3847 3462 3918 culminis
3498 3869 3574 3919 se

746 3963 1017 4041 noverit
1048 3969 1513 4039 incursurum.
1551 3966 1662 4039 Ad
1702 3966 1914 4058 hujus
1951 3977 2183 4062 autem
2229 3968 2331 4038 rei
2374 3968 2777 4039 memoriam
2823 3977 2895 4038 et
2930 3968 3249 4039 stabilem
3288 3968 3573 4041 firmita-

751 4102 914 4182 tem,
944 4112 1234 4186 presens
1284 4091 1618 4186 scriptum
1674 4089 1934 4162 exinde
1980 4088 2130 4161 fieri
2176 4099 2248 4162 et
2293 4091 2518 4183 sigillo
2566 4101 2805 4162 nostro
2859 4090 3195 4186 pendenti
3241 4093 3574 4183 jussimus

722 4215 1185 4289 communiri.

738 4347 739 4350 ’
858 4340 1112 4410 Datum
1170 4337 1512 4409 Florentie
1534 4389 1555 4426 ,
1621 4356 1810 4409 anno
1875 4335 2220 4409 dominice
2285 4338 2773 4410 incarnationis
2835 4339 2929 4412 Μ.
2957 4338 3079 4411 CC.
3107 4339 3390 4412 XXXX.
3422 4342 3566 4432 VII,

722 4472 731 4506 -’
751 4464 907 4534 XXI
941 4451 1299 4552 februarii,
1330 4470 1528 4534 sexte
1556 4461 1976 4533 indictionis.

767 4759 776 4764 ,
829 4647 917 4768 (a)
960 4691 1033 4751 1n
1062 4691 1199 4751 coa.
1233 4689 1498 4765 Monac„
1530 4685 1698 4749 ιεοωι
1723 4689 1833 4786 ιε.Φ

3677 1126 3920 1169 florentine
3931 1160 3947 1182 ,

3656 1180 3708 1221 21
3733 1180 3957 1224 februarii.
