4525 6031
701 664 908 730 Inter.
938 661 1038 740 4.]
1601 654 2003 719 HISTORIA
2051 655 2641 721 mPLOMA'rch.
3399 649 3527 713 873

705 795 897 871 fideli
929 804 1198 885 nostre,
1229 803 1511 866 centum
1536 811 1806 863 marcas
1831 791 2272 867 Colonienses
2300 795 2391 868 de
2420 793 2641 867 Judeo
2669 810 2877 885 quem
2911 789 3182 863 detines
3214 788 3527 884 captiva·

707 929 895 1011 tum,
924 918 1115 991 omni
1146 917 1477 990 dilatione
1509 924 1580 987 et
1610 914 1974 988 occasione
2006 918 2438 990 cessantibus
2456 971 2476 1008 ,
2515 918 2911 1013 persolvere
2936 935 3079 986 non
3108 913 3411 986 omittas.

803 1045 1058 1117 Datum
1080 1040 1329 1133 Hallis,
1369 1039 1544 1112 VIIII
1571 1038 1790 1132 junii,
1824 1049 2072 1135 quarte
2099 1040 2519 1114 indictionis.

812 1600 1078 1710 Ibique
1136 1600 1372 1710 [apud
1422 1598 1480 1682 F
1481 1598 1960 1705 rankenfurt]
2005 1598 2203 1682 facta
2267 1610 2382 1682 est
2433 1626 2694 1710 pugna
2751 1611 2825 1684 et
2877 1600 3262 1683 maximus
3314 1627 3520 1685 con-

704 1732 956 1816 flictus
1012 1733 1210 1815 inter
1273 1733 1470 1815 duos
1527 1758 1748 1841 reges
1819 1732 1899 1812 in
1965 1731 2157 1815 festo
2217 1732 2416 1815 beati
2476 1733 2842 1819 oswaldi.
2902 1734 2999 1816 Et
3047 1732 3254 1816 Deus
3315 1734 3525 1818 dedit

701 1865 1098 1950 victoriam
1133 1865 1512 1948 Ecclesiae
1565 1876 1639 1948 et
1687 1865 1848 1975 regi
1883 1864 2267 1948 Heinrico.
2316 1865 2721 1948 Cunradus
2757 1877 3011 1948 autem
3048 1892 3183 1948 rex
3220 1867 3521 1976 fugiens

705 1998 960 2082 amisit
1016 1998 1301 2082 multos
1354 1998 1633 2080 milites
1689 2007 1764 2079 et
1822 1996 2157 2080 maxima
2220 1997 2464 2105 bona,
2527 2009 2602 2082 et
2658 1998 3021 2106 imposuit
3067 1998 3330 2082 Suevis
3384 2003 3517 2110 qui

705 2157 883 2216 cum
920 2158 1010 2216 eo
1054 2140 1416 2215 venerant
1450 2141 1738 2214 etcum
1784 2130 1969 2239 ipsis
2005 2129 2271 2212 multis
2315 2130 2615 2213 amissis
2666 2129 3053 2240 fugerant,
3114 2134 3322 2241 quod
3374 2133 3518 2243 ipsi

702 2291 878 2349 eum
916 2263 1322 2348 infideliter
1363 2263 1903 2372 prodidissent.
1946 2266 2211 2345 Annal.
2253 2267 2587 2372 Arqent„
2630 2290 2755 2372 ap.
2798 2263 3179 2374 Boanum,
3224 2272 3514 2373 Fontes,

703 2410 762 2481 t.
804 2397 902 2506 ΙΙ,
942 2423 1019 2506 p.
1063 2397 1241 2478 108.

812 2985 1267 3070 Godefridus
1323 2986 1419 3071 de
1472 2986 1913 3071 Hohenlohe
1935 3050 1959 3096 ,
2010 2998 2403 3096 praesente
2459 2987 2810 3073 Conrado
2862 2989 3381 3091 Romanorum
3435 2993 3514 3073 in

700 3145 959 3232 regem
995 3121 1230 3204 electo
1247 3183 1271 3229 ‚
1324 3121 1586 3207 Ottoni
1624 3121 2049 3232 Bogenario
2085 3122 2227 3205 civi
2274 3122 2734 3231 Augustensi
2753 3183 2777 3229 ‚
2827 3124 3045 3207 uxori
3097 3135 3175 3208 et
3228 3125 3516 3208 haere-

701 3254 928 3337 dibus
964 3253 1129 3364 ejus
1175 3280 1429 3338 aream
1477 3279 1696 3337 suam
1751 3255 1954 3364 apud
2001 3254 2398 3364 antiquam
2433 3267 2730 3363 portam
2769 3256 3088 3341 civitatis
3125 3258 3518 3368 Augustae

702 3385 929 3471 sitam
953 3448 977 3494 ,
1021 3386 1167 3469 sub
1204 3411 1462 3469 annuo
1515 3412 1749 3469 censu
1808 3394 1884 3468 et
1936 3386 2159 3469 certis
2217 3385 2684 3496 quibusdam
2718 3388 3280 3473 conditionibus
3333 3416 3516 3499 per-

699 3529 928 3627 petuo
963 3520 1504 3629 possidendam
1525 3580 1549 3627 ,
1589 3518 1961 3603 concedit.

865 3735 1130 3814 (Edidcr.
1178 3738 1668 3814 Hmssnnum,
1706 3734 2022 3815 Diplomat.
2067 3737 2323 3798 Beweiss
2362 3735 2460 3798 des
2505 3738 2729 3799 Hamas
2770 3736 3044 3813 Habent„
3082 3746 3132 3801 t.
3159 3741 3224 3819 I,
3261 3757 3325 3818 p.
3367 3748 3510 3817 407,

938 3852 1008 3904 n⁰
1035 3843 1345 3919 XXXVII,
1378 3861 1454 3905 cx
1480 3847 1651 3922 copia
1674 3844 2093 3905 collationnata
2123 3845 2186 3904 in
2212 3842 2478 3904 archivo.
2494 3877 2575 3890 —
2588 3844 2884 3918 Sumam,
2917 3840 3515 3926 Gaclilechterqesch„

938 3966 995 4027 p.
1032 3949 1198 4029 364.)

794 4135 872 4206 In
900 4135 1182 4208 nomine
1212 4136 1432 4209 Patris
1465 4146 1535 4209 et
1560 4136 1710 4208 Filii
1742 4146 1814 4208 et
1839 4136 2134 4231 Spiritus
2165 4135 2435 4227 Sancti,
2474 4156 2705 4207 amen.
2741 4134 3092 4208 Gotfridus
3120 4136 3211 4209 de
3235 4136 3517 4209 Hohen-

697 4257 857 4330 loch
892 4260 1214 4333 omnibus
1252 4260 1324 4331 in
1365 4270 1805 4356 perpetuum.
1853 4262 2125 4355 Equum
2153 4270 2225 4333 et
2254 4260 2585 4332 idoneum
2611 4279 2761 4330 esse
2794 4278 3158 4331 censemus
3188 4269 3268 4331 ut
3299 4260 3518 4333 devo-

699 4379 906 4453 tionis
954 4381 1242 4454 affectus
1280 4384 1652 4476 cujuslibet
1687 4383 1964 4456 virtutis
1991 4405 2132 4457 non
2165 4384 2420 4456 debeat
2446 4381 2710 4479 premio
2743 4403 3017 4474 carere,
3051 4404 3142 4454 ue
3180 4383 3295 4478 pia
3322 4405 3522 4455 mens

697 4502 770 4574 in
798 4504 1043 4577 studiis
1074 4506 1217 4578 suis
1247 4508 1597 4580 remissior
1627 4505 1782 4598 fiat,
1820 4508 1988 4580 dum
2021 4508 2153 4580 sibi
2183 4531 2311 4604 pro
2342 4507 2607 4580 meritis
2638 4529 2781 4580 non
2820 4507 3345 4602 respondeatur.
3378 4509 3549 4578 Hac¹

696 4626 907 4719 igitur
933 4628 1352 4721 intentione,
1384 4640 1465 4703 ut
1497 4631 1769 4704 Ottonis
1800 4632 2165 4725 Bogenarii
2185 4686 2205 4723 ,
2244 4632 2482 4707 dilecti
2513 4631 2737 4705 fidelis
2768 4630 3020 4723 nostri,
3057 4631 3228 4704 civis
3244 4630 3523 4723 Augus·

701 4752 913 4823 tensis
931 4805 953 4844 ,
990 4754 1192 4827 nobis
1225 4753 1743 4829 exhibitefides
1778 4765 1850 4828 et
1882 4755 2166 4829 devotio
2192 4778 2346 4830 ‚non
2381 4766 2772 4852 tepescant,
2808 4755 2950 4829 suis
2977 4756 3242 4829 meritis
3271 4756 3526 4828 libera·

3628 1608 3657 1649 5
3682 1611 3884 1664 uentu.
