4525 6031
662 661 863 722 lnam.
897 659 990 735 7.]
1546 654 1940 720 HISTORIA
1988 648 2585 718 D1PLOMA‘1'1CA.
3357 648 3473 714 681

663 803 734 866 et
764 815 882 864 eas
913 789 1413 865 sententialiter
1444 788 1813 864 decidendi
1846 793 2051 887 plena
2086 801 2158 864 et
2184 790 2403 862 libera
2434 787 2524 860 sit
2555 784 2870 857 facultas,
2906 783 3093 856 Nulli
3129 806 3296 877 ergo
3331 807 3483 859 om·

662 918 830 989 nino
861 916 1221 989 hominum
1268 915 1471 987 liceat
1508 913 1640 987 hec
1684 927 1918 988 nostra
1950 923 2288 1011 perpetua
2320 922 2574 985 statuta
2608 909 2983 1000 infringere
3016 911 3124 981 vel
3163 909 3264 982 eis
3305 930 3480 983 ausu

663 1042 974 1136 quolibet
1010 1040 1378 1114 contraire.
1419 1040 1488 1111 Si
1526 1041 1682 1133 quis
1712 1051 1947 1113 autem
1981 1050 2394 1135 attemptare
2421 1033 2941 1132 presumpserit,
2972 1033 3169 1127 gravi
3199 1054 3376 1129 pena
3407 1056 3482 1106 se

662 1167 934 1238 noverit
965 1164 1512 1261 percellendum.

755 1291 1009 1362 Datum
1041 1289 1398 1382 Lugduni,
1430 1297 1632 1361 sexto
1653 1285 1750 1384 (a)
1779 1287 1935 1360 idus
1972 1286 2396 1377 decembriS,
2432 1280 2871 1379 pontificatus
2905 1280 3123 1353 nostri
3150 1302 3336 1354 anno
3361 1282 3470 1354 VI.

765 1912 1248 1997 Innocentius
1306 1939 1504 2023 papa
1552 1913 1750 1998 cives
1805 1913 2199 2022 Aquenses
2261 1913 2748 1995 commendat
2799 1911 3007 2022 quod
3071 1911 3172 1993 ad
3225 1911 3476 1996 devo-
3548 1925 3862 2027 0233&

662 2045 944 2128 tionem
1025 2046 1401 2129 Ecclesiae
1477 2045 1631 2129 sint
1690 2045 2008 2153 reversi,
2084 2055 2494 2155 monetque
2548 2071 2630 2127 se
2699 2043 3152 2127 sententiam
3214 2054 3478 2130 contra

663 2176 1126 2262 Fridericum
1163 2191 1239 2262 et
1287 2180 1722 2262 Conradum
1761 2179 2003 2261 filium
2041 2177 2206 2289 ejus
2240 2179 2318 2261 in
2357 2176 2678 2262 concilio
2713 2176 3205 2287 Lugdunensi
3241 2178 3475 2259 latam

661 2309 1191 2398 inviolabiliter
1223 2312 1830 2396 observaturum.

824 2551 1012 2631 (Edit.
1042 2570 1140 2631 ap.
1173 2553 1363 2635 me,
1396 2551 1537 2615 Cod.
1572 2549 1867 2633 diplomat.
1899 2551 2205 2634 Aquemie,
2233 2569 2298 2632 p.
2334 2560 2471 2628 119,
2500 2562 2570 2613 n⁰
2602 2561 2738 2630 171,
2767 2568 2846 2613 ex
2872 2549 3194 2630 originali.)

753 2764 1234 2858 Innocentius,
1269 2778 1438 2858 etc.,
1477 2766 1749 2840 dilectis
1784 2765 1943 2837 filiis
1969 2765 2238 2837 civibus
2272 2764 2711 2858 Aquensibus
2754 2762 3151 2836 Leodiensis
3183 2762 3478 2836 diocesis

661 2889 954 2960 salutem
995 2899 1066 2961 et
1105 2891 1555 2984 apostolicam
1595 2891 2178 2963 benedictionem.
2225 2891 2370 2962 Etsi
2402 2910 2530 2984 pro
2563 2910 2648 2961 eo
2682 2888 2872 2981 quod
2902 2888 3162 2960 reversi
3192 2887 3357 2960 estis
3387 2885 3479 2960 ad

661 3010 1105 3087 devotionem
1132 3013 1590 3111 Ecclesiefl),
1615 3014 2059 3088 intendamus
2090 3036 2218 3088 vos
2244 3015 2604 3087 universos
2636 3025 2708 3085 et
2736 3012 3047 3105 singulos
3077 3011 3298 3105 gratia
3328 3033 3485 3107 pro-

662 3138 859 3231 sequi
889 3150 958 3211 et
987 3140 1251 3230 favore,
1281 3162 1409 3235 pro
1440 3161 1526 3211 eo
1561 3150 1792 3213 tamen
1826 3140 2016 3233 quod
2048 3139 2629 3213 commendemini
2673 3161 2796 3235 pre
2835 3138 3083 3211 ceteris
3112 3138 3202 3210 de
3229 3137 3484 3208 virtute

661 3263 1045 3335 constantie
1085 3284 1170 3335 ac
1210 3263 1373 3336 fidei
1414 3263 1739 3358 puritate,
1783 3265 2216 3360 propensiori
2256 3286 2425 3337 cura
2465 3286 2592 3337 vos
2637 3265 2895 3336 habere
2938 3264 3262 3336 volumus
3309 3262 3490 3333 inter

661 3384 952 3460 devotos
981 3388 1179 3460 Sedis
1200 3387 1595 3483 Apostolice
1621 3388 1982 3484 speciales.
2005 3391 2352 3481 Rogamus
2382 3364 2617 3482 itaque
2638 3387 3161 3460 universitatem
3188 3396 3492 3460 vestram

661 3512 990 3583 attentius
1027 3522 1099 3584 et
1130 3513 1488 3585 hortamur
1523 3535 1652 3608 per
1687 3514 2067 3609 apostolica
2098 3513 2298 3586 vobis
2329 3513 2586 3609 scripta
2619 3513 3034 3586 mandantes
3063 3512 3391 3607 quatinus
3422 3510 3495 3582 in

663 3633 876 3728 ipsius
895 3636 1094 3709 Sedis
1126 3636 1498 3711 devotione
1527 3637 1911 3733 persistatis
1943 3638 2041 3709 sic
2070 3637 2362 3712 viriliter
2388 3648 2458 3709 et
2489 3648 2889 3710 constanter
2911 3637 3102 3731 quod
3133 3659 3215 3709 ea
3239 3654 3381 3729 que
3408 3636 3499 3707 de

662 3757 862 3829 vobis
899 3758 1254 3851 dicuntur,
1289 3761 1613 3854 cognosci
1654 3763 1934 3833 valeant
1965 3762 2356 3834 evidentius
2384 3784 2509 3857 per
2529 3763 2850 3837 effectum
2871 3814 2893 3855 ,
2925 3771 2998 3834 et
3018 3783 3148 3834 nos
3182 3760 3303 3854 qui
3337 3781 3499 3832 sen·-

665 3884 949 3956 tentiam
986 3884 1195 3957 latam
1228 3884 1301 3956 in
1332 3885 1781 3977 Lugdunensi
1813 3886 2107 3959 concilio
2143 3898 2390 3959 contra
2418 3886 2862 3961 Fredericum
2895 3886 3254 3979 quondam
3283 3884 3505 3980 impe-

747 4084 830 4165 (a)
875 4085 947 4146 In
971 4086 1171 4147 codice
1199 4087 1388 4149 Paris.
1420 4088 1635 4167 legitur
1671 4087 1784 4149 VI!
1803 4086 1965 4163 idm,
1997 4090 2221 4151 scillcet
2249 4098 2282 4149 7
2315 4089 2645 4151 decembris
2681 4102 2697 4148 ε
2730 4087 2890 4167 quod
2917 4086 3114 4149 forsan
3143 4088 3353 4164 aptius.

731 4400 804 4473 (4)
832 4401 1141 4461 willelmus
1157 4403 1227 4463 de
1244 4404 1529 4464 Hellandia
1542 4407 1742 4466 civium
1764 4408 2099 4482 Aquensium
2119 4407 2398 4483 privilegia
2417 4408 2827 4467 confirmaverat
2842 4407 3133 4482 diplomate
3150 4406 3283 4463 dato
3301 4404 3510 4477 Aquis-

659 4499 833 4571 grani‚
854 4500 957 4558 XV
982 4500 1241 4560 kalendas
1266 4504 1505 4563 octobris
1528 4506 1618 4579 (47
1638 4507 1977 4582 septembris)
2002 4508 2141 4567 ms
2171 4509 2295 4564 :cui
2317 4512 2483 4567 testes
2505 4507 2781 4565 affuerunt
2799 4508 2993 4564 Petrus
3015 4503 3302 4563 cardinalis
3326 4500 3513 4561 Sancti

660 4595 908 4670 Georgii,
949 4597 1270 4659 Guillelmus
1312 4602 1628 4662 Sabiuensis
1666 4602 1955 4679 episcopus
1997 4606 2291 4663 cardinalis
2307 4648 2322 4678 ,
2355 4604 2640 4663 Conradus
2677 4604 2924 4663 Colonien
2933 4604 3008 4661 sis
3049 4601 3511 4676 archiepiscopus,

655 4692 1090 4752 Monasteriensis
1115 4698 1417 4772 episcopus,
1451 4700 1761 4769 Leodiensis
1788 4702 2019 4774 electus,
2045 4703 2357 4761 Prumeusis
2378 4710 2436 4761 et
2464 4702 2713 4761 ludensis
2751 4703 2997 4774 abbates,
3044 4717 3170 4758 cum
3193 4699 3375 4757 multis
3400 4715 3514 4756 ma-

658 4792 914 4862 gnatibus
931 4801 990 4851 et
1017 4797 1355 4871 principibus
1381 4799 1649 4859 inferioris
1667 4801 2016 4861 Allemaniae.
2043 4801 2124 4860 Cf.
2151 4802 2323 4876 me,
2357 4802 2472 4861 loco
2494 4819 2668 4878 supro
2689 4804 2817 4877 cit„
2848 4819 2904 4878 p.
2930 4802 3058 4872 447,
3090 4810 3154 4857 n⁰
3175 4803 3302 4858 469.
