4525 6031
696 694 897 758 iunior.
930 696 1022 773 7.]
1597 694 1993 758 HISTORIA
2044 696 2640 761 DIPLOMATICA.
3405 706 3525 768 735

862 906 1070 986 (Edid.
1098 905 1382 985 lim-s,
1414 903 1550 967 Cod.
1582 905 1707 969 ord.
1750 907 2113 989 Theutom‘c„
2142 928 2202 988 p.
2244 919 2386 986 188,
2423 920 2492 972 n⁹
2526 921 2663 990 138,
2693 929 2769 972 ex
2795 915 3068 992 originali
3103 915 3262 994 apud
3298 916 3527 979 Wien-

935 1029 1103 1087 nam,
1132 1013 1197 1072 ln
1222 1028 1343 1091 quo
1368 1018 1570 1074 tamen
1610 1013 1827 1093 legitur
1852 1015 2291 1078 MCCXLXIX
2316 1032 2424 1093 pro
2450 1016 2621 1077 MCC
2634 1016 2881 1096 XLIX.)

794 1225 939 1296 Nos
965 1223 1322 1319 Philippus
1359 1224 1448 1297 de
1477 1225 1854 1299 Hohinvels
1886 1226 2262 1323 imperialis
2295 1228 2454 1300 aule
2483 1230 2930 1300 camerarius.
2969 1230 3300 1303 Constare
3330 1234 3527 1328 cupi-

700 1369 856 1419 mus
884 1348 1230 1420 universis
1262 1370 1551 1443 presens
1582 1349 1915 1444 scriptum
1955 1350 2210 1421 visuris
2242 1349 2435 1443 quod
2471 1351 2637 1443 quia
2678 1351 2934 1422 scimus
2959 1353 3302 1424 veraciter
3342 1375 3532 1426 sere·

701 1471 1061 1542 nissimum
1111 1471 1472 1543 dominum
1526 1482 1841 1543 nostrum
1883 1473 2374 1567 imperatorem
2427 1494 2644 1545 naves
2690 1472 2940 1545 domus
2979 1473 3402 1546 'theutonice
3455 1476 3530 1548 in

702 1594 1126 1666 Confluentia
1159 1594 1617 1667 ascendentes
1655 1606 1726 1667 et
1755 1595 2260 1668 descendentes
2298 1616 2424 1689 per
2449 1597 2727 1667 alveum
2761 1596 2932 1667 Reni
2970 1597 3060 1667 ab
3098 1598 3287 1668 omni
3317 1620 3530 1671 exac-

704 1717 890 1789 tione
943 1717 1233 1790 thelonii
1292 1718 1678 1810 exemisse,
1742 1728 1951 1813 prout
1993 1719 2066 1789 in
2121 1718 2521 1813 patentibus
2571 1718 2817 1790 litteris
2869 1718 3011 1791 suis
3064 1719 3295 1792 adbuc
3340 1732 3534 1815 patet

702 1851 943 1935 aperte
963 1894 985 1932 ,
1024 1842 1349 1914 volumus
1386 1852 1458 1913 et
1497 1842 1912 1914 mandamus
1940 1841 2347 1913 thelonariis
2389 1842 2732 1914 universis
2766 1842 2898 1913 sub
2932 1853 3169 1914 nostra
3200 1865 3533 1937 procura-

705 1962 892 2034 tione
924 1965 1381 2036 existentibus
1411 1966 1503 2036 ab
1547 1965 1837 2060 imperio
1879 1986 2154 2036 necnon
2186 1965 2442 2036 nostris
2478 1965 2805 2057 quatinus
2833 1964 3055 2036 dictas
3082 1987 3335 2057 naveS,
3370 1987 3533 2039 cum

703 2086 795 2158 ad
835 2087 1023 2181 ipsos
1063 2089 1538 2184 pervenerint,
1574 2089 1836 2182 absque
1880 2089 2071 2160 omni
2116 2089 2483 2160 exactione
2526 2087 2812 2160 thelonii
2854 2089 3260 2182 permittant
3315 2090 3530 2162 libere

705 2212 1125 2304 pertransire
1147 2264 1167 2300 ,
1203 2212 1387 2308 ipsas
1423 2212 1517 2285 ad
1548 2212 2069 2308 requisitionem
2100 2212 2515 2284 nunciorum
2545 2232 2828 2283 suorum
2857 2221 3197 2304 quantum
3227 2214 3531 2308 poterint

705 2335 1209 2427 promovendo.

801 2458 1055 2528 Datum
1088 2456 1279 2553 apud
1309 2456 1724 2552 Bepardiam
1748 2509 1769 2547 ,
1801 2477 1987 2529 anno
2020 2456 2297 2529 Domini
2325 2456 2734 2543 MCCXLIX,
2773 2456 3020 2529 ultimo
3051 2458 3239 2530 maii.

812 2944 1283 3052 FridericuS,
1360 2945 1880 3028 Romanorum
1941 2942 2390 3053 imperator,
2456 2943 2777 3027 mandat
2842 2943 3003 3027 filio
3065 2971 3205 3029 suo
3262 2945 3384 3057 (1)
3442 2958 3528 3032 ut

707 3078 1041 3187 aliquem
1072 3077 1589 3161 Lombardum
1625 3077 1857 3185 eligat
1886 3090 1961 3158 et
1990 3076 2239 3184 ipsum
2281 3076 2383 3158 ad
2417 3077 2834 3185 regendam
2856 3077 3229 3161 civitatem
3266 3080 3524 3163 Escu-

705 3210 965 3293 lanam
1000 3208 1271 3292 debeat
1305 3209 1685 3292 destinare
1719 3208 2189 3291 festinanter.

871 3454 1104 3534 (Inedit.
1137 3470 1215 3514 ex
1243 3454 1374 3515 eod.
1405 3452 1562 3515 Bibl.
1594 3453 1882 3532 Leipzig„
1916 3464 1981 3513 η’
2006 3461 2185 3526 1268,
2213 3452 2322 3515 fol.
2372 3449 2580 3532 1408)
2609 3459 3006 3528 recto-verso,
3036 3460 3099 3515 et
3123 3471 3199 3514 ex
3218 3454 3352 3517 cod.
3372 3453 3525 3515 Bibl.

945 3560 1166 3638 Bel-ol„
1199 3570 1267 3620 n⁰
1299 3568 1434 3635 188,
1466 3559 1572 3620 fol.
1607 3569 1681 3620 58
1712 3561 1932 3637 verso.)

805 3769 1297 3863 Supplicarunt
1329 3767 1742 3839 excellentie
1793 3775 2029 3839 nostre
2070 3765 2394 3838 Esculani
2436 3762 2681 3837 fideles
2725 3766 2945 3838 nostri
2975 3775 3056 3837 ut
3091 3766 3184 3839 ad
3223 3767 3536 3860 regimen

707 3891 1005 3963 civitatis
1031 3913 1273 3964 eorum
1304 3912 1491 3962 anno
1523 3891 1829 3985 presenti
1855 3890 2159 3983 aliquem
2197 3889 2498 3983 probum
2548 3897 2619 3960 et
2661 3885 2942 3960 fidelem
2987 3889 3215 3960 virum
3246 3889 3337 3962 de
3369 3914 3532 3986 par·

711 4014 893 4086 tibus
944 4014 1356 4085 Lombardie
1399 4022 1704 4085 statuere
1770 4022 2006 4084 nostra
2048 4012 2386 4083 serenitas
2430 4009 2863 4102 dignaretur,
2908 4011 3029 4103 qui
3079 4032 3241 4082 cum
3284 4014 3535 4086 salario

709 4146 1041 4210 consueto
1071 4147 1143 4209 et
1172 4137 1484 4229 ejusdem
1512 4136 1810 4208 civitatis
1861 4135 2170 4228 regimen
2203 4145 2276 4206 et
2305 4143 2544 4205 nostra
2575 4132 2855 4205 servitia
2900 4132 3073 4204 sciat
3098 4133 3432 4207 decenter
3463 4148 3536 4210 et

709 4259 1006 4333 fideliter
1045 4281 1444 4355 procurare.
1477 4260 1788 4344 Quorum
1825 4257 2447 4354 supplicationibus
2479 4256 2828 4348 inclinati,
2868 4266 2985 4328 tue
3014 4255 3333 4330 fidelitati
3368 4282 3531 4355 pre·
3635 4289 3648 4302 ·

709 4383 1003 4478 cipimus
1034 4383 1363 4477 quatinus
1388 4382 1695 4475 aliquem
1725 4383 1954 4453 virum
1992 4380 2320 4453 idoneum
2355 4388 2428 4452 et
2467 4368 2860 4451 sinceritate
2893 4379 3245 4454 fidelitatis
3277 4405 3532 4479 exper-

781 4688 855 4763 (t)
891 4688 1259 4749 verisimiliter
1281 4688 1516 4747 ilenrico
1539 4687 1657 4747 sive
1681 4688 1839 4746 Entio
1860 4688 1917 4746 in
1938 4688 2091 4747 ltalia
2108 4688 2305 4763 legato,
2333 4688 2406 4746 ad
2426 4704 2588 4762 quem
2608 4688 2699 4762 jus
2715 4691 3010 4762 potestates
3027 4688 3244 4747 creandi
3264 4704 3333 4747 ex
3359 4689 3530 4749 officio

712 4786 1037 4860 pertinebat.
1063 4788 1124 4844 ln
1150 4786 1335 4847 codice
1362 4785 1687 4845 Berolinensi
1716 4786 1913 4860 legitur
1945 4785 2231 4845 chonrado
2253 4786 2374 4859 filio
2399 4802 2528 4857 suo,
2552 4785 2731 4844 minus
2759 4791 2926 4844 recte.
