4525 6031
1007 577 1130 640 862
2078 581 2444 644 comam
2493 580 2794 656 QUARTI
3450 579 3615 658 [Anu.
3650 578 3828 642 1245.

1009 714 1280 786 demus.
1318 714 1431 786 Ad
1466 717 1665 808 cujus
1711 716 1811 787 rei
1843 717 2247 788 memoriam
2279 726 2350 787 et
2376 716 2692 787 stabilem
2717 714 3148 804 firmitatem,
3179 736 3466 810 presens
3494 716 3830 810 scriptum

1010 836 1161 910 fieri
1194 838 1481 910 fecimus
1507 840 1732 932 sigillo
1765 851 2000 914 nostre
2029 840 2458 930 celsitudinis
2485 843 2913 913 roboratum.

1105 962 1279 1035 Acta
1328 978 1490 1035 sunt
1538 962 1668 1036 hec
1707 986 1893 1037 anno
1938 965 2285 1037 dominice
2330 965 2825 1037 incarnationis
2867 964 3316 1053 M.CC.XLV,
3358 985 3597 1036 mense
3610 965 3825 1056 julio,

1012 1086 1387 1157 indictione
1423 1088 1645 1160 tertia.

1109 1208 1356 1279 Datum
1391 1210 1701 1296 verone,
1736 1232 1924 1283 anno
1946 1266 1967 1302 ,
2010 1232 2247 1284 mense
2273 1222 2345 1283 et
2374 1210 2749 1283 indictione
2782 1209 3201 1305 prescriptis.

1437 1525 3415 1535 mmmm—mmm·—

1124 1808 1561 1914 Conradus,
1622 1809 1705 1898 in
1757 1809 2278 1891 Romanorum
2330 1833 2588 1915 regem
2648 1806 2929 1889 electus
2950 1867 2973 1910 ‚
3022 1805 3399 1920 ‘magistro
3454 1804 3831 1887 Friderico

907 1956 920 1968 ·
1015 1940 1235 2023 fabro
1307 1942 1785 2049 imperatoris
1855 1940 2212 2023 Friderici
2295 1940 2665 2050 promittit
2726 1940 2936 2050 quod
3006 1940 3430 2021 custodiam
3512 1937 3832 2020 forestae

1017 2100 1197 2156 suae
1264 2076 1359 2157 de
1421 2074 1835 2183 Haginowe
1910 2074 2557 2184 quandocumque
2633 2098 2900 2155 vacare
2960 2071 3359 2180 contigerit
3388 2132 3411 2176 ,
3479 2069 3831 2152 Diemaro

1009 2206 1350 2317 ejusdem
1389 2206 1747 2314 Friderici
1778 2207 2129 2317 privigno
2150 2268 2174 2314 ,
2215 2205 2365 2289 alia
2416 2232 2741 2316 persona
2794 2204 3110 2288 omnino
3145 2202 3491 2308 exclusa,
3534 2201 3830 2284 libera—

1007 2340 1180 2421 liter
1225 2340 1670 2422 committet.

1171 2574 1417 2652 (Inedit.
1447 2592 1520 2634 ex
1550 2575 1819 2653 originali
1846 2577 1909 2634 in
1932 2574 2204 2634 biblioth.
2230 2577 2493 2636 univers.
2524 2574 2925 2651 Heidelberg..
2956 2577 3130 2651 cujus
3156 2577 3385 2651 copiam
3413 2572 3720 2634 nobiscum
3751 2573 3827 2631 cl.

1254 2683 1348 2741 vir
1373 2688 1434 2740 et
1460 2682 1687 2741 amicus
1713 2679 2070 2740 Boehmerus
2101 2678 2613 2758 communicavit.)

1103 2894 1494 2984 Conradus,
1547 2892 1693 2964 divi
1740 2891 2016 2984 augusti
2062 2891 2501 2987 imperatoris
2552 2892 2874 2963 Friderici
2913 2890 3129 2981 filius,
3166 2892 3295 2964 Dei
3327 2892 3560 2984 gracia
3587 2891 3835 2963 Roma-

892 2999 900 3005 ⁸
1007 3041 1253 3091 norum
1304 3019 1375 3088 in
1427 3039 1664 3109 regem
1717 3018 2012 3107 electuS‚
2074 3038 2350 3111 semper
2394 3026 2728 3108 augustus
2774 3028 2843 3088 et
2902 3015 3106 3088 heres
3172 3015 3367 3108 regni
3421 3015 3827 3087 Jerusalem.

1004 3144 1271 3214 Tenore
1299 3142 1724 3237 presentium
1757 3152 2000 3211 notum
2031 3163 2181 3211 esse
2213 3142 2537 3212 volumus
2569 3141 2946 3230 universiS,
2990 3151 3130 3212 tam
3154 3140 3591 3235 presentibus
3624 3161 3833 3234 quam

1005 3266 1293 3354 futuris,
1343 3266 1534 3359 quod
1575 3285 1702 3336 nos
1749 3265 1838 3335 de
1880 3265 2161 3359 speciali
2191 3264 2522 3336 mandato
2552 3265 2967 3336 serenissimi
2990 3266 3291 3354 CesariS‚
3330 3265 3591 3337 domini
3622 3265 3834 3359 patris

1002 3388 1257 3477 nostri,
1297 3388 1763 3482 promittimus
1805 3386 2094 3458 firmiter
2143 3389 2470 3481 magistro
2520 3388 2906 3478 FridericO,
2956 3390 3152 3461 fabro
3203 3390 3517 3481 ejusdem
3571 3388 3833 3460 domini

1004 3512 1337 3604 genitoris
1364 3512 1623 3601 nostri,
1652 3522 1731 3581 ut
1763 3512 2324 3605 quandocunque
2350 3511 2736 3583 custodiam
2774 3512 3028 3585 foreste
3059 3523 3295 3585 nostre
3329 3513 3417 3584 de
3450 3512 3831 3603 Haginowe

1004 3657 1100 3707 ex
1144 3635 1338 3706 obitu
1386 3636 1769 3727 Veldungi‚
1824 3635 2161 3706 forestarii
2221 3635 2440 3706 nostri
2487 3636 2558 3706 in
2609 3635 3032 3728 Haginowe,
3081 3659 3203 3707 seu
3232 3636 3468 3729 aliquo
3496 3636 3633 3707 alio
3666 3658 3832 3707 casu

1001 3780 1255 3830 vacare
1304 3759 1758 3851 contingerit,
1818 3780 1972 3829 eam
2017 3758 2338 3830 Diemaro
2382 3758 2704 3855 privigno
2755 3779 2883 3830 suo
2904 3811 2925 3848 ‚
2998 3756 3190 3830 fideli
3247 3768 3524 3849 nostro,
3581 3758 3716 3830 civi
3762 3758 3833 3828 in

1000 3882 1414 3976 Haginowe,
1438 3884 1644 3975 juxta
1667 3882 2058 3977 predictum
2076 3881 2435 3978 imperiale
2463 3881 2870 3952 mandatum
2887 3933 2905 3969 ,
2929 3881 3251 3975 precibus
3269 3881 3641 3973 cujuslibet
3657 3881 3830 3952 alte·

1001 4008 1147 4079 rius
1202 4028 1498 4102 persone
1531 4008 1815 4079 omnino
1854 4007 2189 4096 exclusis,
2239 4005 2618 4077 liberaliter
2649 3988 3186 4076 committamuS.
3221 4004 3419 4077 Unde
3447 4026 3574 4099 pro
3601 4005 3830 4075 futura

1000 4131 1334 4203 memoria
1361 4140 1432 4202 et
1465 4132 1738 4203 cautela
1770 4130 2086 4223 ejusdem
2116 4129 2451 4219 Diemari‚
2486 4150 2773 4224 presens
2804 4128 3138 4223 scriptum
3171 4128 3335 4199 inde
3368 4126 3517 4199 fieri
3545 4128 3833 4200 fecimus

1000 4255 1227 4347 sigillo
1255 4265 1491 4325 nostro
1530 4254 1902 4327 munitum.

1096 4380 1350 4450 Datum
1400 4378 1589 4473 apud
1644 4378 2060 4466 Taurinum,
2120 4396 2308 4447 anno
2357 4375 2704 4447 dominice
2753 4375 3257 4448 incarnacionis
3302 4374 3670 4447 millesimo
3701 4375 3829 4447 du-

999 4502 1379 4576 centesimo
1401 4500 1935 4595 quadragesimo
1965 4500 2211 4593 quinto
2234 4553 2255 4590 ‚
2281 4500 2505 4594 primo
2527 4500 2837 4591 augusti,
2873 4500 3083 4572 tercie
3114 4498 3533 4571 indictionis.
