4525 6031
937 628 1060 692 568
1941 635 2375 699 anmum
2426 636 2772 699 smmum
3385 633 3552 714 [Anu.
3588 631 3764 695 1247.

937 764 1009 835 in
1039 755 1461 838 adherentes
1486 776 1557 839 et
1582 767 1897 841 faventes
1923 770 2238 864 predicto
2265 772 2634 844 Frederico
2665 770 3008 843 sententia
3041 767 3773 842 excommunicationis

936 888 1429 961 damnabiliter
1461 890 1820 985 vilipensis
1863 903 1933 964 et
1972 891 2306 967 fidelitate
2347 906 2605 967 temere
2647 895 2994 986 relegata,
3025 916 3101 966 se
3144 894 3235 965 ab
3274 894 3425 985 ejus
3465 891 3772 965 dominio

935 1012 1407 1084 subducentes
1447 1015 1717 1107 prefato
1756 1014 2105 1088 Friderico
2149 1018 2483 1089 assistunt
2532 1027 2774 1090 contra
2829 1018 3054 1113 ipsum
3107 1026 3179 1089 et
3225 1016 3607 1088 Ecclesiam
3643 1035 3771 1109 pro

934 1136 1202 1207 viribus
1234 1145 1306 1207 et
1336 1145 1681 1231 potenter.
1722 1137 1899 1222 Quia
1938 1159 2109 1212 vero
2150 1140 2440 1233 dignum
2477 1150 2584 1212 est
2612 1150 2694 1211 ut
2725 1139 2847 1232 qui
2879 1139 3178 1232 diligunt
3211 1138 3768 1211 maledictionem

935 1258 1175 1332 veniat
1205 1259 1306 1331 eis
1346 1268 1418 1330 et
1454 1260 1575 1351 qui
1623 1261 1874 1332 nolunt
1910 1262 2476 1335 benedictionem
2525 1263 2979 1357 prolongetur
3016 1262 3109 1333 ab
3153 1262 3326 1353 illis,
3356 1261 3770 1333 mandamus

937 1394 1281 1478 quatenus
1312 1384 1370 1455 si
1403 1405 1513 1455 res
1544 1382 1641 1455 ita
1676 1406 1751 1456 se
1776 1384 2059 1478 habeat,
2095 1384 2616 1481 prenominatos
2642 1386 2958 1459 homines
2984 1385 3115 1457 nisi
3144 1386 3236 1456 ab
3263 1384 3512 1457 eodem
3537 1384 3771 1456 Fride-

938 1508 1083 1580 rico
1115 1508 1292 1578 insra
1327 1516 1838 1601 competentem
1872 1508 2244 1581 terminum
2277 1519 2420 1581 ate
2453 1507 2938 1603 prefigendum
2970 1508 3234 1581 eisdem
3270 1505 3655 1606 [recedant]
3684 1528 3769 1581 ao

937 1631 1031 1703 ad
1057 1630 1394 1701 unitatem
1425 1630 1735 1702 Ecclesie
1774 1642 2215 1704 revertantur
2255 1633 2531 1728 ipsique
2571 1632 2807 1705 comiti
2833 1633 3028 1705 velut
3058 1653 3186 1703 suo
3216 1631 3503 1703 domino
3531 1631 3606 1701 in
3639 1629 3765 1702 de·

935 1754 1216 1826 votione
1251 1752 1654 1846 hujusmodi
1700 1755 2094 1848 persistenti
2130 1756 2458 1828 studeant
2503 1756 2819 1851 obsequi,
2852 1763 2932 1825 nt
2960 1764 3310 1845 tenentur,
3345 1776 3479 1826 nec
3519 1774 3664 1826 non
3696 1761 3771 1824 et

934 1876 1253 1948 homines
1282 1876 1447 1947 ville
1479 1877 1963 1967 Lucernensis,
2001 1880 2060 1949 si
2097 1879 2221 1950 tibi
2248 1900 2371 1951 eos
2397 1879 2531 1950 illis
2562 1878 3076 1952 communicare
3108 1900 3193 1952 ac
3225 1879 3494 1974 prefato
3522 1876 3764 1949 Fride-

935 2002 1081 2073 rico
1109 2001 1342 2072 favere
1377 1999 1764 2072 constiterit
1788 2001 1860 2072 in
1895 2001 2289 2095 premissis,
2321 2002 2694 2074 denunties
2720 2000 3459 2075 excommunicationis
3485 2007 3767 2071 senten-

936 2124 1031 2196 tie
1079 2123 1471 2215 subjacere,
1532 2144 1616 2195 ac
1665 2122 1816 2217 ipsa
1862 2123 2015 2196 loca
2062 2133 2135 2194 et
2176 2123 2417 2196 villam
2462 2128 2967 2197 Lucernensem
3017 2146 3371 2221 supponas
3421 2121 3766 2194 sententie

934 2245 1311 2334 interdicti,
1347 2245 1607 2317 faciens
1639 2256 2008 2341 utramque
2046 2247 2464 2319 sententiam
2504 2248 2916 2320 auctoritate
2944 2258 3180 2320 nostra
3211 2247 3486 2319 sublato
3518 2246 3763 2340 appel-

934 2369 1211 2441 lationis
1244 2368 1441 2441 obice
1465 2390 1689 2461 usque
1715 2369 1810 2441 ad
1838 2369 2372 2442 satisfactionem
2404 2371 2824 2462 condignam
2857 2370 3347 2443 inviolabiliter
3375 2367 3764 2458 observari,

932 2513 1385 2588 processurus
1416 2513 1629 2586 snper
1654 2491 1763 2563 his
1790 2492 1963 2564 alias
1994 2503 2203 2586 prout
2229 2494 2492 2566 videris
2523 2493 2889 2587 expedire.

1029 2617 1283 2687 Datum
1309 2614 1657 2708 Lugduni,
1689 2616 1750 2689 V
1777 2614 2113 2688 kalendas
2139 2615 2584 2710 septembris,
2614 2636 2803 2687 anno
2833 2612 3276 2710 pontificatus
3304 2613 3524 2686 nostri
3548 2611 3636 2684 V.

545 3183 841 3331 „3332
1043 3171 1469 3256 Fridericus
1484 3234 1508 3280 ,
1560 3170 2089 3256 Romanorum
2137 3173 2580 3282 imperator,
2632 3171 2891 3255 statuit
2949 3178 3034 3253 ut
3082 3171 3379 3279 quoties
3433 3178 3769 3279 potestas

541 3343 866 3395 summum.
937 3303 1246 3385 Auximi
1302 3329 1441 3412 pro
1497 3304 1818 3388 servitiis
1870 3303 2171 3414 imperii
2225 3332 2272 3387 a
2318 3304 2615 3387 civitate
2676 3302 3051 3412 proficisci
3108 3302 3506 3409 contigerit
3527 3362 3551 3408 ,
3609 3326 3769 3384 non

937 3434 1140 3518 ultra
1175 3435 1446 3545 viginti
1483 3435 1768 3519 solidos
1804 3463 1942 3545 per
1978 3438 2184 3518 diem
2220 3436 2523 3545 exigere
2557 3446 3023 3545 praesumat.

1100 3647 1335 3727 (Edidit
1357 3648 1789 3727 Mantonmt,
1808 3648 2089 3710 Memon’ae
2112 3645 2319 3710 histor.
2342 3644 2626 3726 d'Osimo,
2647 3646 2754 3708 llb.
2776 3647 2860 3721 11,
2880 3664 2944 3724 p.
2972 3655 3110 3707 119.
3132 3645 3412 3721 venezia,
3444 3653 3624 3720 1705,
3650 3646 3766 3725 4⁶.)

1032 3834 1448 3923 FridericuS,
1485 3833 1617 3907 Dei
1645 3834 1870 3927 gratia
1898 3835 2372 3905 Romanorum
2409 3832 2788 3926 imperator
2817 3853 3094 3926 semper
3123 3839 3483 3923 augustuS,
3522 3830 3773 3904 Hieru-

935 3959 1154 4032 salem
1197 3966 1270 4029 et
1312 3957 1540 4028 Sicilie
1586 3978 1741 4027 rex.
1775 3956 2034 4026 Notum
2068 3955 2359 4025 facimus
2394 3953 2736 4024 universis
2767 3953 2959 4044 qnod
3002 3974 3131 4026 nos
3165 3952 3260 4024 ad
3303 3974 3774 4047 expensarum

933 4080 1454 4155 multitudinem
1486 4100 1664 4174 quas
1695 4098 2069 4149 commune
2103 4073 2391 4146 Auximi
2422 4071 2663 4144 fideles
2688 4074 2904 4144 nostri
2942 4095 3069 4170 pro
3109 4074 3377 4145 cunctis
3407 4073 3775 4169 hucusque

935 4204 1238 4278 servitiis
1281 4203 1574 4275 subierit
1623 4210 1697 4273 et
1740 4201 1930 4295 ipsos
1972 4198 2208 4271 subire
2255 4196 2344 4267 de
2389 4203 2651 4282 ceter0,
2687 4206 2895 4290 prout
2945 4206 3335 4290 temporum
3379 4205 3501 4267 aut
3538 4219 3776 4270 rerum

932 4329 1237 4423 qualitas
1271 4328 1543 4418 exiget,
1582 4322 1971 4417 oportebit,
2003 4317 2427 4390 benevolum
2460 4325 2851 4409 respectum
2880 4311 3255 4405 babenteS,
3293 4318 3663 4392 statuimus
3696 4330 3778 4393 nt

934 4451 1211 4544 quoties
1243 4458 1667 4543 potestatem
1696 4442 1997 4513 civitatis
2028 4439 2244 4534 ipsius
2275 4458 2401 4531 pro
2429 4437 2679 4507 nostris
2707 4438 3005 4509 servitiis
3033 4439 3145 4509 vel
3178 4441 3564 4512 communis
3593 4443 3780 4534 ejus-

936 4574 1100 4646 dem
1129 4571 1219 4643 de
1252 4569 1438 4640 dicta
1469 4567 1752 4638 civitate
1783 4584 1911 4657 per
1933 4559 2314 4633 Marchiam
2344 4559 2519 4629 forte
2546 4558 2661 4629 vel
2694 4570 2895 4630 extra
2921 4561 3293 4661 Marchiam
3328 4563 3582 4636 amodo
3614 4587 3782 4639 con-

938 4693 1171 4786 tigerit
1209 4688 1589 4787 proficisci,
1634 4702 2007 4758 commune
2053 4682 2283 4776 ipsum
2325 4678 2598 4772 prefato
2643 4682 2966 4773 potestati
3016 4684 3304 4776 singulis
3348 4684 3598 4759 diebus
3648 4710 3781 4783 pro
