4525 6031
599 3497 783 3587 [Unum]

947 631 1070 694 640
1937 634 2366 701 nmmum
2412 635 2763 701 saeuum
3382 634 3546 714 [Am.
3582 635 3761 699 1248.

1115 816 1318 898 (md.
1365 817 1737 899 Scaurum,
1769 819 1920 882 Hice.
1955 821 2100 885 Ζαν.
2132 819 2311 900 Boot„
2339 822 2470 886 cod.
2506 822 2780 903 diplom„
2807 826 2859 884 t.
2891 820 2999 896 lv,
3039 837 3101 900 p.
3151 829 3292 902 21⁴,
3326 838 3364 883 e
3386 822 3576 888 tabul.
3613 824 3760 887 Bad.

1185 926 1453 1007 Duriae.)
2343 960 2356 972 ·

1043 1116 1483 1189 Innocentius
1515 1116 1915 1213 episcopuS,
1960 1139 2209 1191 servus
2250 1139 2609 1192 servorum
2652 1117 2819 1210 Dei,
2868 1116 3122 1190 dilecto
3170 1113 3314 1190 filio
3355 1116 3572 1189 nobili
3612 1117 3764 1191 viro

945 1242 1018 1315 C.
1054 1241 1287 1314 comiti
1337 1242 1770 1334 delFriburg
1816 1244 2106 1314 salutem
2158 1254 2228 1315 et
2277 1244 2727 1340 apostolicam
2776 1243 3358 1315 benedictionem.
3404 1241 3593 1314 Fidei
3646 1252 3762 1314 tue

944 1368 1303 1440 sinceritas
1334 1366 1550 1460 exigit-
1574 1377 1654 1438 ut
1684 1367 1819 1439 tuis
1849 1368 2296 1464 petitionibus
2327 1380 2666 1462 quantum
2689 1390 2848 1441 cum
2874 1369 3019 1440 Deo
3051 1367 3396 1464 possimus
3426 1366 3765 1440 favorabi-

944 1492 1105 1564 liter
1134 1513 1549 1564 annuamuS.
1588 1492 1763 1564 Hinc
1789 1502 1894 1564 est
1925 1491 2115 1588 quod
2155 1515 2286 1565 nos
2322 1493 2709 1566 devotionis
2744 1503 2863 1565 tue
2896 1493 3217 1588 precibus
3238 1492 3574 1583 inclinati,
3602 1514 3768 1588 pro-

940 1616 1305 1689 missiones
1338 1638 1465 1712 per
1506 1617 1690 1688 clare
1737 1616 2069 1688 memorie
2104 1617 2189 1688 Η.
2230 1619 2699 1691 Romanorum
2746 1639 2984 1711 regem
3029 1616 3321 1714 provide
3356 1617 3478 1689 tibi
3511 1618 3758 1711 factas,

939 1742 1120 1815 sicut
1147 1742 1218 1812 in
1243 1741 1557 1834 ejusdem
1586 1740 1832 1812 litteris
1859 1742 2342 1836 perspeximus
2366 1744 2729 1836 contineri,
2755 1754 2825 1815 et
2845 1742 3234 1839 specialiter
3255 1764 3466 1839 super
3491 1743 3764 1814 restitu-

941 1868 1127 1940 tione
1159 1876 1544 1939 castrorum
1578 1877 1649 1938 et
1679 1866 2098 1962 oppidorum
2133 1888 2431 1961 quorum
2463 1869 2747 1941 nomina
2769 1870 3252 1962 Niiwenburg,
3282 1869 3661 1962 Offenburg
3692 1881 3762 1942 et

938 1990 1326 2083 Ortenberg
1355 1990 1502 2063 fore
1535 1990 1891 2087 proponis,
1902 1991 2063 2083 jure
2091 1992 2544 2065 successionis
2571 1993 2988 2066 hereditarie
3016 1993 3109 2065 ad
3138 2003 3205 2065 te
3235 1994 3754 2090 pertinentium,

937 2138 1099 2191 cum
1124 2137 1210 2191 ea
1240 2115 1328 2189 de
1361 2123 1702 2211 potestate
1729 2114 2169 2188 inimicorum
2196 2116 2503 2189 Ecclesie
2538 2118 2970 2211 contingeret
3007 2118 3311 2210 liberari,
3348 2118 3792 2191 auctoritate-

935 2241 1316 2338 apostolica
1356 2238 1845 2314 confirmamus
1869 2236 1977 2335 (i)
2014 2251 2086 2312 et
2126 2240 2469 2336 presentis
2512 2240 2750 2337 scripti
2797 2242 3180 2337 patrocinio
3221 2242 3750 2317 communimus

937 2364 1125 2438 Nulli
1170 2386 1337 2461 ergo
1378 2364 1662 2438 omnino
1700 2363 2061 2436 hominum
2103 2365 2309 2437 liceat
2347 2365 2528 2438 hanc
2567 2366 2892 2461 paginam
2938 2379 3173 2439 nostre
3217 2367 3757 2442 confirmationis

933 2470 1310 2582 infringere
1337 2488 1453 2561 vel
1484 2488 1548 2562 ei
1579 2510 1754 2561 ausu
1788 2488 2156 2563 temerario
2191 2490 2560 2561 contraire.
2605 2490 2675 2562 Si
2716 2491 2873 2584 quis
2912 2502 3146 2563 autem
3179 2490 3310 2564 hoc
3342 2502 3755 2588 attemptare

929 2612 1457 2709 presumpserit,
1490 2613 2039 2708 indignationem
2067 2614 2562 2712 omnipotentis
2595 2616 2718 2688 Dei
2749 2626 2821 2689 et
2851 2617 3216 2691 beatorum
3243 2617 3427 2691 Petri
3459 2627 3530 2691 et
3563 2619 3753 2691 Pauli

927 2740 1401 2835 apostolorum
1429 2740 1579 2832 ejus
1616 2762 1690 2815 se
1722 2741 1996 2815 noverit
2025 2741 2495 2814 incursurum.

1022 2861 1279 2938 Datum
1308 2864 1655 2958 Lugduni,
1687 2864 1748 2939 V
1775 2864 2110 2942 kalendas
2140 2865 2445 2960 augusti,
2479 2862 2923 2964 pontificatus
2953 2866 3170 2941 nostri
3202 2888 3387 2941 anno
3418 2876 3646 2941 sexto.

1033 3511 1207 3620 Ipso
1254 3537 1458 3597 anno
1511 3512 1873 3599 dominus
1925 3514 2354 3599 Fridericus
2402 3515 2607 3600 venit
2663 3516 2742 3597 in
2799 3515 2988 3600 Aste
3027 3527 3104 3600 et
3154 3515 3464 3600 nuntios
3512 3539 3752 3599 man-

928 3643 1139 3728 davit
1206 3646 1308 3740 ad
1370 3646 1743 3731 illustrem
1807 3673 2067 3760 regem
2131 3649 2187 3734 F
2189 3649 2542 3757 tanciae,
2604 3675 2992 3759 exponens
3046 3675 3129 3733 se
3190 3660 3266 3747 et,
3326 3659 3607 3733 terram
3669 3659 3747 3731 et

925 3774 1274 3859 homines
1318 3803 1521 3862 suos·
1542 3780 1643 3862 ad
1680 3780 2119 3890 passagium
2166 3807 2395 3863 suum
2443 3792 2705 3864 contra
2764 3803 3149 3891 paganoS,
3205 3782 3400 3866 sicut
3441 3780 3746 3891 publice

925 3899 1355 4017 dicebatur,
1403 3921 1479 3994 et
1531 3921 1619 3994 ut
1668 3910 1830 4022 ipse
1877 3912 2237 3996 dominus
2286 3939 2420 3996 rex
2477 3939 2654 3996 cum
2705 3913 3017 3996 domino
3070 3941 3267 4023 papa
3315 3915 3424 3997 sic
3465 3914 3742 3996 feceret

923 4042 1134 4151 quod
1186 4042 1647 4127 relevaretur
1698 4070 1747 4128 a
1799 4047 2169 4129 sententia
2226 4046 3025 4130 excommunicationis
3081 4058 3156 4129 et
3208 4047 3737 4156 depositionis3

928 4236 948 4257 .
985 4236 1005 4256 .
1042 4237 1062 4258 .
1107 4175 1242 4258 sed
1278 4176 1470 4259 nihil
1507 4176 1754 4261 facere
1788 4179 2064 4288 potuit.
2104 4181 2369 4263 Annal.
2414 4187 2802 4288 Gemens„
2845 4207 2969 4289 ap.
3003 4179 3413 4288 Mnaaron„
3458 4180 3739 4290 Scrip-

921 4321 1113 4418 tor.,
1146 4318 1206 4393 t.
1248 4308 1389 4417 Vl,
1427 4336 1516 4420 p.
1550 4313 1738 4395 515.

983 4657 1055 4732 (t)
1090 4656 1467 4716 confirmatum
1496 4671 1712 4733 quoque
1733 4655 1833 4718 tuit
1847 4673 1882 4719 a
1901 4660 2202 4726 willelmo.
2225 4662 2590 4720 Rornanorum
2615 4677 2760 4736 rege,
2790 4660 2934 4738 apud
2962 4662 3418 4736 Argentinam,1V
3437 4661 3560 4722 idus
3586 4663 3733 4737 maii,

911 4755 1202 4814 indictione
1228 4756 1305 4813 lx
1330 4759 1374 4832 (l
1387 4756 1539 4830 2251).
1575 4756 1659 4815 Cf.
1685 4755 1847 4832 itta..
1872 4772 1934 4835 p.
1965 4762 2096 4833 220,
2125 4768 2189 4816 u*
2209 4757 2452 4820 cxxvl.
