4525 6031
1046 668 1170 732 932
2149 659 2780 724 Annl'rAuENTA.

1052 814 1125 878 et
1167 801 1497 875 mulieres
1541 818 1784 871 eorum
1840 817 2117 891 egresse
2162 808 2345 870 sunt·
2381 820 2544 870 cum
2593 798 2696 872 eis
2744 798 3064 872 similiter
3117 811 3192 874 et
3237 806 3440 899 pueri
3490 815 3562 879 et
3609 803 3879 902 puelle,

1043 929 1345 1021 juvenes
1387 934 1460 997 et
1492 923 1831 1015 virgines,
1869 942 2072 994 senes
2118 943 2279 994 cum
2308 922 2742 1014 junioribus,
2786 932 2859 996 et
2900 923 3247 998 violenter
3282 930 3710 1024 expulerunt
3750 931 3883 1002 im·

1054 1060 1450 1147 peratorem
1487 1048 1575 1120 de
1606 1046 1908 1120 Victoria
1937 1057 2008 1118 et
2037 1067 2286 1119 omnes
2313 1068 2476 1120 suos
2513 1045 2772 1119 milites
2809 1057 2884 1119 et
2908 1048 3218 1143 pedites,
3261 1060 3332 1123 et
3369 1053 3571 1125 multi
3603 1055 3886 1126 suerunt

1056 1174 1154 1246 ibi
1205 1172 1461 1245 mortui
1517 1180 1588 1243 et
1631 1171 1830 1241 multi
1887 1170 2073 1265 capti
2108 1179 2181 1242 et
2229 1169 2499 1242 reducti
2540 1170 2612 1241 in
2664 1171 3022 1262 Parmam,
3069 1182 3142 1245 et
3189 1195 3355 1248 suos
3410 1177 3886 1250 liberaverunt

1059 1298 1372 1392 captivos
1403 1317 1580 1388 quos
1622 1293 1995 1388 imperator
2036 1294 2108 1364 in
2142 1293 2445 1366 Victoria
2479 1292 2547 1365 in
2586 1294 2885 1367 vinculis
2929 1296 3331 1388 detinebat,
3385 1310 3459 1371 et
3498 1301 3886 1375 carrocium

1059 1420 1625 1494 Cremonensium
1645 1419 1838 1512 quod
1861 1418 1934 1489 in
1956 1417 2258 1490 Victoria
2284 1428 2434 1490 erat
2461 1418 2533 1488 in
2558 1419 2875 1491 Parmam
2903 1419 3262 1494 duxerunt
3287 1422 3448 1494 etin
3472 1424 3888 1520 Baptisterio

1060 1543 1443 1618 honorifice
1479 1553 1898 1638 posuerunt;
1940 1544 2066 1614 sed
2105 1541 2177 1612 hi
2209 1542 2332 1634 qui
2361 1541 2858 1616 Cremonenses
2885 1566 3028 1617 non
3056 1545 3469 1639 diligebant,
3494 1557 3577 1620 ut
3612 1548 3885 1623 Medio·

1064 1670 1383 1740 lanenses
1415 1677 1486 1740 et
1519 1666 1877 1740 Mantuani
1914 1675 1984 1738 et
2009 1665 2126 1737 alii
2154 1667 2395 1760 plures
2430 1688 2608 1759 quos
2638 1667 3139 1741 Cremonenses
3167 1670 3545 1763 aliquando
3575 1672 3890 1746 offende-

1063 1802 1251 1882 rant,
1289 1790 1573 1884 quando
1616 1790 1995 1862 veniebant
2033 1789 2126 1860 ad
2167 1789 2652 1883 baptisterium
2690 1790 3075 1864 videndum
3124 1803 3197 1864 et
3247 1793 3584 1868 videbant
3623 1796 3722 1868 ibi
3748 1797 3887 1869 ini-

997 1907 1004 1914 ’
1064 1917 1403 1988 micorum
1468 1935 1753 1987 suorum
1816 1913 2241 2003 carrocium,
2300 1922 2624 1985 ornatum
2683 1914 2880 1987 berte
2943 1915 3385 1989 abstulerunt
3429 1928 3513 1990 ut
3550 1917 3892 1992 haberent

1067 2062 1195 2134 pro
1231 2039 1576 2134 reliquiis,
1624 2037 1988 2110 dicebatur
2027 2037 2211 2108 enim
2252 2037 2489 2127 berta,
2540 2037 2667 2109 sed
2705 2048 2858 2111 rote
2911 2051 3395 2114 remanserunt
3440 2042 3538 2114 ibi
3581 2052 3891 2117 tantum-

1066 2164 1278 2236 modo
1316 2174 1387 2235 et
1426 2165 1649 2235 lectus
1695 2161 1986 2257 plaustri
2032 2162 2102 2232 in
2140 2160 2543 2255 pavimento
2586 2161 3019 2258 Baptisterii‚
3065 2165 3391 2239 columna
3433 2187 3605 2239 vero
3644 2168 3891 2241 vexilli

1068 2288 1215 2359 sive
1247 2287 1511 2381 pertica
1543 2293 1772 2356 erecta
1810 2285 2038 2356 stabat
2069 2283 2164 2355 ad
2195 2306 2498 2355 murum.
2546 2284 2716 2355 Item
2747 2286 3153 2358 Parmenses
3187 2287 3627 2360 abstulerunt
3662 2287 3889 2385 impe·

1027 2495 1032 2499 ,
1070 2409 1280 2482 ratori
1318 2419 1537 2480 totum
1573 2407 1977 2480 thesaurum
2012 2430 2216 2479 suum
2249 2429 2461 2500 quem
2493 2429 2824 2501 magnum
2855 2407 3158 2482 habebat
3185 2411 3262 2482 in
3297 2432 3469 2484 auro
3502 2422 3575 2484 et
3601 2422 3897 2506 argento

1071 2544 1145 2606 et
1178 2533 1525 2627 lapidibus
1559 2531 1904 2628 pretiosis»,
1939 2531 2127 2603 vasis
2166 2542 2239 2604 et
2278 2531 2625 2624 vestibus,
2673 2542 2745 2605 et
2789 2554 3067 2605 omnem
3104 2545 3428 2607 ornatum
3456 2547 3530 2608 et
3549 2537 3896 2633 supellee-

1072 2658 1265 2729 tilem
1308 2675 1506 2728 suam
1543 2655 1974 2746 habuerunt,
2013 2663 2085 2727 et
2119 2676 2449 2727 coronam
2486 2655 2758 2751 imperii
2799 2679 2937 2750 que
2970 2668 3124 2729 erat
3164 2659 3397 2752 magni
3447 2660 3779 2755 ponderis
3824 2671 3900 2733 et

1070 2780 1328 2853 valoris
1359 2789 1432 2852 et
1465 2791 1606 2852 tota
1636 2788 1785 2851 erat
1820 2801 1914 2851 ex
1947 2800 2120 2851 auro
2152 2788 2225 2850 et
2264 2779 2613 2872 lapidibus
2641 2781 2961 2875 pretiosis
3002 2782 3306 2874 intexta,
3347 2785 3603 2855 multas
3628 2783 3897 2857 habens

1073 2905 1411 2996 imagines
1439 2905 1853 2976 fabrefactas
1893 2913 1964 2975 et
2005 2903 2312 2974 elevatas
2319 2955 2663 2976 .....
2704 2904 2910 2989 Quod
2942 2905 3310 2998 quisquam
3344 2927 3588 3002 rapere
3622 2916 3900 3003 poterat

1074 3050 1278 3100 suum
1304 3037 1481 3116 erat,
1501 3049 1633 3099 nec
1660 3028 2028 3122 quisquam
2056 3027 2255 3098 alteri
2280 3026 2587 3100 audebat
2609 3030 2722 3101 vel
2743 3030 3189 3124 presumebat
3204 3032 3507 3122 auferre,
3524 3052 3659 3104 nec
3678 3052 3900 3105 unum

1075 3153 1370 3223 verbum
1392 3150 1853 3223 contentionis
1875 3173 1999 3223 seu
2027 3151 2438 3244 injuriosum
2463 3152 2558 3223 ibi
2592 3152 2724 3224 fuit
2746 3153 3092 3226 auditum.
3120 3155 3455 3227 Coronam
3482 3155 3671 3227 illam
3698 3176 3904 3228 eme-

1078 3283 1244 3345 runt
1269 3276 1676 3346 Parmenses
1701 3275 1793 3345 ab
1824 3274 1942 3345 illo
1971 3275 2260 3347 concive
2294 3296 2422 3347 suo
2459 3286 2531 3347 et
2560 3276 2911 3348 dederunt
2940 3278 3004 3349 ei
3040 3298 3170 3373 pro
3193 3299 3276 3351 ea
3305 3280 3643 3353 ducentas
3671 3280 3903 3376 impe·

1079 3397 1353 3470 rialium
1386 3399 1597 3470 libras
1624 3408 1696 3469 et
1725 3419 1941 3469 unum
1973 3409 2447 3470 casamentum
2481 3420 2700 3494 prope
2730 3400 3094 3473 ecclesiam
3112 3404 3363 3476 Sancte
3386 3402 3752 3496 Christine,
3776 3404 3902 3478 ubi

1081 3521 1493 3591 lavatorium
1540 3541 1881 3613 equorum
1930 3522 2314 3615 antiquitus
2358 3524 2608 3595 suerat.
2653 3525 2740 3596 Et
2784 3535 3179 3597 statuerunt
3218 3536 3298 3598 ut
3339 3526 3764 3621 quicumque
3806 3527 3903 3602 de

1081 3642 1426 3715 thesauris
1445 3643 1745 3716 Victorie
1766 3645 1959 3717 aliud
1985 3643 2370 3738 habuisset,
2397 3647 2844 3720 medietatem
2861 3650 3156 3721 haberet
3173 3660 3249 3722 et
3265 3649 3709 3723 medietatem
3726 3651 3904 3724 assi·

1079 3776 1326 3860 gnaret
1366 3768 1742 3839 communi.
1783 3768 2162 3842 Peculiaria
2198 3792 2479 3864 quoque
2511 3772 2950 3867 imperatoris
2974 3794 3113 3867 que
3150 3774 3595 3869 pertinebant
3622 3773 3719 3848 ad
3746 3774 3903 3848 bel-

1082 3893 1254 3982 lum,
1286 3901 1367 3964 ut
1392 3892 1777 3987 papiliones
1804 3901 1875 3964 et
1907 3891 2335 3985 hujusmodi,
2358 3892 2604 3966 habuit
2620 3896 2991 3989 Gregorius
3009 3895 3100 3969 de
3130 3896 3576 3991 Montelongo
3597 3898 3895 3992 legatus.

1079 4015 1456 4109 Ymagines
1499 4037 1670 4088 vero
1726 4024 1799 4088 et
1848 4016 2140 4109 reliquie
2194 4039 2372 4111 quas
2424 4017 2800 4113 imperator
2849 4017 3187 4111 habebat,
3233 4022 3572 4094 collocate
3622 4014 3790 4094 sunt
3824 4021 3903 4095 iu

1080 4139 1382 4211 sacrario
1418 4138 1563 4211 sive
1597 4139 1908 4211 sacristia
1937 4140 2220 4232 majoris
2247 4141 2539 4213 ecclesie
2571 4143 2780 4213 Beate
2808 4141 3111 4234 Virginis
3136 4142 3643 4216 conservande.
3674 4145 3908 4217 Duces

1080 4262 1362 4333 fuerunt
1418 4262 1770 4333 exercitus
1823 4262 2197 4355 Gregorius
2258 4264 2349 4335 de
2410 4264 2854 4359 Montelongo
2911 4265 3025 4337 vir
3080 4266 3358 4362 sapiens
3416 4275 3487 4340 et
3538 4266 3611 4339 in
3668 4264 3910 4339 multis

1081 4392 1415 4478 expertus
1436 4393 1509 4455 et
1539 4383 1895 4479 Philippus
1938 4384 2431 4459 vicedominus
2479 4386 2651 4459 civis
2689 4388 3155 4479 Placentinus,
3209 4388 3420 4463 home
3468 4398 3799 4463 strenuus
3834 4397 3912 4463 et

1080 4507 1375 4604 probus,
1415 4515 1582 4580 tunc
1629 4509 1874 4580 Parme
1926 4509 2225 4582 civitatis
2267 4521 2576 4605 potestas
2583 4561 3581 4586 .............
3612 4511 3703 4585 Bt
3736 4521 3910 4586 non

1080 4631 1275 4724 quod
1324 4630 1414 4705 de
1462 4630 1801 4702 thesauris
1845 4632 1967 4724 qui
2012 4631 2084 4704 in
2120 4632 2426 4706 Victoria
2478 4643 2643 4705 sunt
2694 4634 2949 4729 reperti
2965 4684 2987 4724 ,
3030 4634 3236 4730 pauci
3290 4643 3779 4709 remanserunt
3830 4624 3909 4707 Μ’

1084 4755 1326 4827 Parma
1346 4807 1366 4844 ,
1407 4755 1573 4848 quia
1619 4764 2041 4828 mercatores
2077 4756 2167 4828 de
2202 4755 2492 4828 diversis
2532 4757 2848 4851 partibus
2890 4758 3254 4831 venientes
3300 4766 3619 4832 emerunt
3661 4776 3784 4832 eos
3837 4765 3912 4831 et
