4525 6031
1607 649 1863 713 INDEX
1908 651 2610 715 DOCUMENTORUM.
3402 659 3525 724 669

1126 978 1306 1055 Apud

1050 1075 1377 1138 Victoriam

1013 1176 1076 1234 in
1100 1173 1406 1234 obsidione

1072 1272 1342 1332 Parmae.

1331 1421 1348 1439 .
1409 1421 1426 1439 .
1461 1409 1540 1422 —
1577 1379 1795 1440 Narrat
1826 1379 2101 1442 fidelibus
2139 1384 2262 1442 suis
2305 1384 2612 1443 victoriam
2656 1383 2938 1443 Friderici
2975 1385 3203 1461 nepotis
3235 1388 3328 1445 sui
3361 1388 3521 1463 apud

1539 1477 1899 1551 Taurinum,
1932 1479 2268 1540 describens
2307 1481 2604 1557 quomodo
2648 1482 2956 1541 Mantuani
2993 1481 3067 1541 ad
3097 1488 3336 1558 pontem
3373 1484 3518 1545 Padi

1536 1573 1615 1634 ab
1640 1576 1893 1637 Henrico
1929 1577 2053 1638 filio
2088 1595 2197 1638 suo
2233 1579 2527 1655 profligati
2561 1577 2781 1639 fuerint
2819 1584 2879 1639 et
2915 1578 3107 1639 Guelfl
3144 1598 3177 1641 e
3216 1581 3518 1644 Florentia

1538 1688 1641 1748 per
1666 1675 2026 1735 Fridericum
2053 1676 2129 1736 de
2160 1676 2475 1736 Antiochia
2503 1677 2756 1752 expulsi.
3402 1689 3514 1742 584

1459 1808 1540 1822 -
1578 1777 1930 1839 Florentinis
1949 1779 2276 1857 gratulatur
2291 1781 2452 1855 quod
2472 1781 2535 1838 in
2555 1783 2804 1857 gratiam
2823 1796 2992 1840 suam
3012 1780 3293 1843 redierint
3312 1827 3330 1855 ,
3350 1799 3519 1845 man·

1539 1874 1688 1934 dans
1721 1881 1789 1934 ut
1820 1875 2094 1937 obediant
2129 1876 2252 1936 filio
2279 1893 2388 1936 suo
2425 1876 2721 1936 Friderico
2762 1877 2835 1936 de
2870 1876 3184 1938 Antiochia
3223 1897 3400 1955 quem
3436 1884 3522 1943 eis

1537 1973 1600 2030 in
1627 1978 1974 2047 potestatem
2001 1974 2183 2032 mittit
2210 1974 2379 2049 quasi
2406 1974 2820 2049 imaginarium
2847 1989 3126 2048 personae
3153 1991 3316 2036 suae.
3403 1987 3517 2038 587

1327 2116 1348 2137 .
1405 2117 1421 2134 .
1455 2109 1536 2123 -
1574 2077 1871 2155 Praecipit
1905 2084 1973 2138 ut
1999 2079 2338 2139 catanensis
2376 2077 2651 2138 ecclesiae
2688 2078 2846 2139 bona
2882 2081 2943 2137 in
2972 2080 3229 2139 indicem
3262 2086 3520 2145 exactis-

1466 971 1556 1025 -’
1582 981 1679 1042 Ad
1705 983 2188 1059 supplicationem
2222 986 2478 1046 Eccelini
2511 984 2585 1045 de
2618 985 2918 1059 Romano,
2950 984 3208 1046 Guezolo
3244 987 3320 1048 de
3345 987 3525 1050 Prata

1539 1078 1702 1139 fideli
1739 1098 1849 1142 suo
1878 1083 2199 1160 quamdam
2236 1090 2454 1143 terram
2482 1085 2545 1142 in
2573 1084 2726 1143 Foro
2766 1084 2908 1143 Julii
2953 1085 3125 1144 sitam
3163 1101 3298 1145 cum
3343 1090 3524 1163 perti-

1538 1179 1759 1240 nentiis
1785 1185 1844 1239 et
1854 1180 2090 1256 juribus
2115 1183 2176 1240 in
2207 1187 2560 1257 perpetuum
2582 1180 2826 1241 feudum
2852 1181 3143 1242 concedit.
3407 1193 3520 1246 582

1532 2273 1726 2333 detur.
1919 2331 1922 2334 ,
3399 2285 3516 2337 588

1453 2411 1534 2422 -
1573 2379 1939 2452 Quibusdam
1971 2377 2245 2439 fidelibus
2283 2381 2405 2438 suis
2432 2378 2745 2455 respondet
2772 2379 2936 2453 quod
2973 2396 3076 2455 per
3111 2379 3517 2443 liberationem

1532 2482 1593 2535 et
1617 2482 1963 2536 excontrum
2001 2478 2367 2552 captivorum
2394 2479 2499 2550 qui
2526 2477 2586 2534 in
2617 2474 2949 2535 carceribus
2973 2476 3219 2537 Parmae
3251 2478 3513 2540 detinen-

1530 2579 1647 2645 tur,
1679 2574 1823 2635 boni
1850 2575 2135 2652 generalis
2162 2572 2389 2632 utilitas
2415 2587 2577 2630 nunc
2603 2572 2730 2630 tolli
2756 2578 2969 2648 posset.
3398 2583 3513 2636 590

1451 2711 1533 2725 -—
1571 2681 1761 2759 Regni
1805 2678 2158 2740 officialibus
2203 2677 2404 2738 scribit
2447 2676 2745 2753 quomodo
2789 2683 2983 2737 castra
3027 2694 3137 2738 sua
3185 2685 3322 2739 ante
3369 2681 3512 2741 Par-

1529 2793 1689 2837 mam
1741 2776 1964 2837 fuerint
1999 2776 2074 2835 ab
2102 2775 2372 2835 hostibus
2398 2776 2669 2843 incensa,
2702 2781 3019 2851 monetque
3057 2791 3134 2834 ne
3173 2774 3338 2836 falsis
3377 2794 3508 2837 cre-

1529 2874 1676 2935 dant
1712 2874 2047 2935 rumoribus
2081 2890 2275 2950 neque
2310 2873 2520 2932 litteris
2555 2871 2717 2932 bulla
2759 2888 2936 2932 aurea
2977 2872 3072 2932 vel
3107 2872 3297 2952 sigillo
3343 2877 3509 2951 regni

1528 2989 1682 3049 quae
1708 2973 1961 3048 perdidit
1987 2973 2233 3050 signatis
2258 2968 2441 3030 fidem
2468 2967 2809 3030 adhibeam.-
3390 2979 3508 3033 594

1447 3110 1528 3122 -·
1564 3079 1783 3138 Notum
1811 3077 1952 3138 facit
1976 3075 2338 3154 principibus
2361 3081 2424 3135 et
2447 3077 2739 3135 universis
2760 3074 3036 3135 fidelibus
3062 3078 3185 3136 suis
3211 3078 3507 3153 quomodo

1524 3173 1702 3234 fuerit
1729 3173 2053 3234 debellatus
2080 3177 2218 3231 ante
2243 3171 2543 3231 Parmam.
3387 3182 3505 3234 596

1447 3311 1526 3324 —-
1564 3278 1824 3338 Johanni
1877 3278 2079 3338 Turdo
2132 3277 2208 3336 de
2260 3277 2545 3337 Messana
2580 3276 2815 3351 scribit,
2859 3276 3217 3338 consolando
3253 3293 3391 3337 eum
3422 3278 3497 3338 de

1523 3383 1712 3439 morte
1738 3376 1846 3437 filii
1873 3377 2052 3436 occisi
2076 3378 2140 3435 in
2167 3378 2602 3452 expugnatione
2628 3376 2943 3435 Victoriae.
3069 3383 3185 3435 598
3212 3379 3272 3434 et
3292 3382 3413 3435 not.
3444 3385 3500 3436 ι.

1447 3515 1524 3527 -
1563 3483 1866 3543 Fidelibus
1902 3483 2025 3542 suis
2052 3480 2260 3541 scribit
2290 3481 2363 3540 de
2399 3480 2646 3540 victoria
2679 3477 2880 3538 habita
2914 3484 3123 3538 contra
3155 3479 3506 3542 Parmenses

1521 3585 1656 3655 post
1694 3579 2190 3655 expugnationem
2227 3591 2473 3636 suorum
2518 3580 2843 3635 castrorum
2868 3580 2931 3633 et
2954 3574 3029 3634 de
3055 3590 3197 3634 nece
3224 3576 3505 3636 Bernardi

1521 3674 1771 3736 Rolandi
1799 3676 2002 3747 Russi‚
2036 3673 2347 3750 proditoris
2373 3673 2483 3731 sui.
3385 3681 3500 3733 609

1443 3813 1522 3826 -
1562 3782 1810 3842 Cuidam
1858 3783 2157 3842 communi
2203 3779 2448 3839 mandat
2489 3776 2652 3855 quod
2701 3777 2882 3837 faciat
2918 3780 3144 3854 justam
3191 3774 3502 3839 emendam

1518 3878 1807 3937 militibus
1832 3878 1937 3954 qui
1971 3892 2156 3954 equos
2181 3881 2241 3936 et
2269 3891 2434 3936 arma
2460 3890 2530 3934 ac
2556 3891 2648 3934 res
2673 3874 2819 3934 alias
2847 3876 2910 3932 in
2938 3876 3198 3934 exercitu
3232 3890 3340 3935 suo
3365 3892 3501 3952 per-

1517 3973 1816 4034 diderunt.
3379 3981 3490 4032 611

1512 4176 1769 4253 Idrunti‚
1791 4173 2034 4234 mandat
2061 4173 2222 4250 quod
2248 4172 2458 4232 fratres
2480 4172 2816 4230 monasterii
2836 4170 3168 4231 casinensis
3193 4177 3329 4247 post
3344 4189 3498 4232 mor-

1512 4277 1633 4331 tem
1673 4271 1953 4347 Stephani
1991 4268 2219 4329 abbatis
2248 4273 2452 4328 contra
2484 4268 2776 4345 justitiam
2803 4281 2921 4325 non
2968 4266 3270 4340 molestet,
3317 4283 3496 4344 super

1510 4370 1872 4447 possessione
1900 4365 2292 4444 quarumdam
2319 4363 2783 4424 obedientiarum
2807 4368 2867 4422 et
2890 4362 3221 4425 domorum.
3373 4372 3491 4424 620

1431 4510 1513 4522 —-
1551 4474 1798 4538 Mandat
1827 4472 2138 4534 comitibus
2177 4475 2238 4530 et
2279 4470 2574 4530 nobilibus
2617 4470 2786 4545 regni
2826 4467 3055 4528 Siciliae
3080 4473 3150 4527 ut
3179 4474 3389 4545 parent
3427 4486 3490 4529 se

1510 4574 1585 4636 ad
1607 4570 2043 4650 procedendum
2074 4574 2303 4627 armata
2328 4583 2507 4627 manu
2534 4571 2737 4626 contra
2765 4564 3009 4624 rebelles
3034 4566 3286 4643 imperii,
3317 4583 3484 4626 nun-

1506 4674 1661 4731 tians
1687 4669 1992 4729 victoriam
2026 4666 2100 4726 de
2126 4663 2460 4725 infidelibus
2488 4668 2844 4741 reportatam
2872 4668 2932 4721 et
2964 4664 3293 4738 captionem
3321 4663 3482 4724 Civi-

1505 4771 1647 4829 tatis
1670 4766 1892 4827 Novae.
3363 4769 3478 4823 933

1532 2177 1681 2236 sime
1719 2176 2045 2237 referantur
2080 2192 2404 2253 eorumque
2448 2175 2764 2253 descriptio
2804 2177 3054 2253 publicis
3090 2177 3308 2238 tabulis
3349 2196 3520 2241 man-
3615 2241 3622 2251 ,
