4525 6031
1068 671 1191 731 890
2105 666 2474 730 cossam
2523 667 2828 742 omum
3284 695 3289 700 -
3500 670 3665 750 [Anu.
3701 672 3880 735 1250.

1071 805 1231 876 lecti
1270 803 1623 876 familiaris
1651 814 1722 875 et
1752 801 1976 875 fidelis
2009 803 2224 874 nostri
2245 855 2265 893 ,
2302 802 2689 895 obligamus
2721 804 2947 876 eidem
2989 804 3222 876 comiti
3264 805 3544 876 nomine
3577 806 3887 901 pignoris

1068 927 1418 999 civitatem
1449 936 1756 998 nostram
1791 927 1880 999 de
1912 925 2342 1019 Nordlingen
2375 925 2744 998 tenendam
2783 937 2854 998 et
2894 926 3408 999 defendendam
3442 929 3594 1000 loco
3627 939 3697 1000 et
3730 930 3884 1002 vice

1070 1060 1306 1121 nostra
1342 1051 1432 1121 ab
1468 1050 1790 1122 omnibus
1824 1049 2376 1121 infestationibus
2408 1049 2795 1121 emulorum
2827 1059 3257 1140 nostrorum,
3289 1051 3386 1123 ita
3425 1063 3657 1123 tamen
3694 1052 3884 1145 quod

1068 1194 1291 1265 usque
1323 1171 1415 1244 ad
1451 1173 1847 1266 proximum
1889 1172 2194 1242 futurum
2240 1173 2489 1242 festum
2523 1173 2727 1243 beate
2761 1173 3137 1267 walpurge
3170 1170 3433 1272 [hujus]
3467 1176 3661 1264 anni,
3697 1196 3883 1247 none

1070 1296 1494 1384 indictionis,
1538 1296 1808 1365 nullum
1857 1297 2401 1366 emolumentum
2447 1294 2659 1366 debet
2698 1318 2792 1367 ex
2835 1296 2985 1390 ipsa
3039 1297 3316 1369 civitate
3363 1299 3762 1392 percipere,
3817 1309 3889 1370 et

1072 1419 1261 1492 cives
1310 1430 1585 1491 nostros
1642 1419 1953 1509 ejusdem
2004 1418 2213 1489 nullis
2267 1419 2591 1512 precariis
2629 1420 2743 1490 vel
2806 1420 3286 1492 exactionibus
3343 1421 3491 1492 sive
3537 1421 3886 1514 aliquibus

1070 1543 1224 1613 aliis
1261 1542 1557 1613 servitiis
1598 1562 1959 1632 agravare.
1995 1542 2085 1612 Et
2120 1542 2177 1612 si
2216 1563 2437 1634 usque
2478 1540 2925 1614 adeumdem
2965 1543 3331 1613 terminum
3363 1543 3656 1638 predicti
3696 1545 3885 1616 cives

1071 1667 1161 1738 de
1210 1667 1585 1760 Ratispona
1643 1665 2128 1735 nunciaverint
2189 1664 2417 1736 eidem
2472 1663 2707 1735 comiti
2769 1665 3149 1760 plenariam
3209 1666 3744 1739 satisfactionem
3795 1667 3884 1740 de

1070 1789 1356 1885 prefatis
1405 1789 1607 1859 bonis
1652 1809 1890 1859 eorum
1939 1788 2009 1858 in
2064 1796 2300 1859 nostra
2360 1787 2549 1858 curia
2591 1788 3010 1876 obtinuisse,
3049 1786 3233 1859 idem
3278 1809 3512 1860 comes
3565 1790 3885 1862 eamdem

1072 1913 1420 1984 civitatem
1471 1922 1779 1983 nostram
1817 1920 2093 1982 tenetur
2137 1911 2337 1982 nobis
2379 1910 2769 2002 relinquere
2803 1911 3093 1982 liberam
3131 1921 3201 1983 et
3242 1912 3564 1983 solutam.
3610 1913 3684 1983 Si
3715 1934 3897 1986 vero·

1073 2035 1333 2107 eisdem
1373 2034 1640 2106 civibus
1684 2056 1810 2129 per
1842 2055 1969 2104 nos
2015 2034 2192 2104 sicut
2239 2034 2500 2104 dictum
2556 2043 2661 2104 est
2715 2030 3031 2104 satisfieri
3083 2054 3223 2105 non
3274 2044 3547 2128 posset,
3598 2043 3764 2106 tunc
3812 2035 3885 2105 in

1071 2156 1386 2252 predicto
1442 2157 1734 2227 termino
1790 2156 1992 2227 beate
2040 2156 2418 2250 Walpurge
2472 2155 2831 2227 Rudolffus
2882 2167 2953 2228 et
3004 2157 3443 2228 Hermannus
3493 2159 3740 2229 fratres
3796 2159 3885 2231 de

1071 2281 1452 2351 Hurnheim
1501 2289 1572 2351 et
1619 2279 1978 2351 Cunradus
2031 2280 2370 2374 Kroppro,
2427 2278 2670 2351 fideles
2716 2279 2972 2370 nostri,
3019 2280 3109 2352 de
3158 2280 3590 2375 plenitudine
3650 2290 3886 2353 nostre

1067 2404 1448 2476 voluntatis
1480 2413 1550 2475 et
1581 2403 1890 2495 ejusdem
1923 2403 2192 2474 comitis
2222 2412 2463 2475 taxare
2498 2412 2821 2475 tenentur
2854 2413 2924 2475 et
2963 2405 3284 2476 estimare
3317 2425 3660 2475 summam
3696 2403 3887 2499 capi·

1072 2529 1225 2600 talis
1268 2527 1562 2623 pecunie
1601 2526 1689 2599 de
1723 2527 2119 2598 memoratis
2149 2527 2354 2598 bonis
2394 2527 2653 2599 civium
2687 2528 3291 2622 Ratisponensium
3327 2550 3457 2623 per
3494 2528 3885 2623 predictum

1066 2651 1492 2724 Fridericum
1526 2651 1614 2723 de
1664 2651 2044 2721 Monsenek
2103 2650 2352 2722 ablatis
2402 2661 2474 2722 et
2527 2652 2826 2724 detentis
2881 2677 2898 2722 ε
2943 2674 3154 2745 quam
3194 2651 3559 2748 pecuniam
3615 2653 3884 2724 solvere

1067 2774 1235 2869 ipsis
1271 2775 1539 2846 civibus
1585 2775 1924 2845 serenitas
1964 2785 2199 2845 nostra
2247 2775 2658 2868 spopondit,
2701 2786 2771 2845 et
2812 2775 2869 2847 si
2922 2776 3096 2848 forte
3133 2774 3226 2846 ad
3267 2775 3671 2847 eorumdem
3721 2776 3885 2847 esti-

1067 2898 1442 2969 mationem
1492 2897 1832 2969 bonorum
1886 2896 2096 2968 iidem
2149 2898 2397 2968 fratres
2452 2897 2541 2969 (16
2588 2897 2963 2968 Hurnheim
3023 2908 3094 2969 et
3147 2899 3455 2993 Kroppfo
3515 2898 3741 2970 donec
3790 2899 3885 2971 ad

1068 3023 1392 3095 eumdem
1441 3023 1810 3121 terminum
1861 3022 2139 3091 minime
2186 3022 2645 3113 convenient,
2695 3044 2790 3094 ex
2837 3032 3000 3094 tunc
3040 3018 3141 3119 (a)
3176 3022 3493 3094 eamdem
3532 3022 3880 3096 civitatem

1066 3134 1373 3217 nostram
1421 3144 1550 3239 ipsi
1596 3144 1829 3217 comiti
1877 3143 2250 3236 obligatam
2294 3166 2445 3215 esse
2486 3145 2965 3236 cognoscimus
3013 3166 3142 3241 pro
3187 3145 3583 3238 quingentis
3633 3132 3887 3218 marcis

1068 3268 1364 3360 argenti,
1398 3268 1487 3340 (16
1521 3268 1776 3361 quibus
1806 3268 2167 3338 annuatim
2201 3268 2558 3363 percipere
2590 3278 2753 3340 tunc
2787 3268 2998 3340 debet
3024 3290 3066 3340 a
3105 3268 3371 3340 civibus
3399 3269 3682 3364 prefatis
3712 3270 3884 3341 civi-

1068 3392 1230 3462 tatis
1264 3401 1499 3462 nostre
1550 3390 1735 3462 idem
1777 3411 2009 3462 comes
2052 3411 2320 3462 marcas
2364 3392 2634 3484 argenti
2689 3402 2969 3463 centum
3020 3392 3561 3485 quinquaginta,
3615 3392 3885 3466 medie-

1071 3523 1283 3585 tatem
1324 3512 1649 3584 videlicet
1688 3514 1759 3583 in
1803 3514 1979 3584 festo
2016 3514 2459 3585 Pentecostes
2510 3523 2581 3585 et
2630 3515 2966 3610 reliquam
3015 3516 3083 3586 in
3130 3517 3307 3587 festo
3341 3516 3528 3588 beati
3569 3517 3880 3608 Martini,

1067 3636 1400 3732 predictis
1435 3635 1702 3706 civibus
1734 3636 2350 3730 Ratisponensibus
2381 3638 2876 3733 persolvendas
2910 3649 2980 3710 et
3017 3639 3611 3733 excomputandas
3645 3661 3689 3712 a
3719 3661 3883 3735 pre-

1068 3763 1211 3832 fato
1237 3758 1586 3832 Friderico
1614 3758 1703 3830 de
1726 3760 2103 3832 Monsenek
2129 3781 2256 3854 pro
2289 3760 2538 3832 debitis
2560 3760 2631 3831 in
2660 3762 2913 3855 quibus
2940 3762 3069 3832 sibi
3100 3770 3442 3833 tenemur.
3468 3764 3641 3833 Item
3673 3762 3883 3836 debet

1066 3882 1255 3955 idem
1291 3902 1524 3953 comes
1547 3881 1907 3976 percipere
1940 3881 2228 3974 singulis
2259 3884 2461 3954 annis
2493 3883 2581 3954 de
2620 3883 2769 3978 ipsa
2806 3884 3085 3956 civitate
3115 3893 3382 3974 nostra,
3421 3885 3646 3956 donec
3677 3884 3884 3958 fuerit

1063 4005 1134 4076 in
1171 4004 1491 4075 manibus
1532 4004 1684 4095 ejus
1714 4003 1784 4073 in
1819 4004 2146 4099 pignore,
2179 4005 2423 4097 viginti
2465 4006 2678 4077 libras
2722 4006 3149 4079 Hallensium
3181 4007 3275 4079 ad
3324 4007 3881 4087 satisfaciendum

1063 4127 1394 4221 expensis
1430 4137 1502 4199 et
1548 4127 2189 4222 excomputandum
2232 4128 2550 4200 Rabnoni
2587 4130 2916 4223 pincerne
2949 4130 3039 4202 de
3071 4130 3283 4222 Ering
3326 4140 3398 4201 et
3439 4129 3751 4226 dapifero
3793 4130 3883 4204 de

1062 4249 1541 4340 Rechenberg,
1591 4248 1923 4321 militibus
1966 4250 2280 4342 ejusdem
2330 4250 2626 4341 comitis,
2668 4272 2798 4346 pro
2830 4251 3068 4324 debito
3105 4252 3467 4345 sexaginta
3494 4272 3888 4324 marcarum

1063 4372 1136 4443 in
1171 4373 1424 4466 quibus
1455 4372 1555 4443 eis
1592 4371 1681 4443 de
1720 4373 2173 4466 promissione
2207 4383 2443 4445 nostra
2480 4384 2820 4464 tenemur,
2861 4384 2932 4445 et
2967 4375 3036 4445 in
3071 4377 3267 4447 nullo
3299 4376 3437 4448 alio
3478 4385 3616 4447 tam
3643 4374 3885 4447 minis-

1062 4505 1171 4567 ter
1208 4516 1419 4589 quam
1451 4494 1641 4568 cives
1675 4496 1894 4567 nostri
1932 4496 2231 4591 predicti
2269 4506 2594 4569 tenentur
2638 4497 2869 4571 eidem
2909 4498 3144 4572 comiti
3184 4499 3633 4594 respondere.
3675 4498 3887 4571 Facta

1146 4758 1229 4838 (a)
1273 4759 1348 4820 In
1373 4762 1655 4837 impresso
1680 4757 1778 4820 hic
1802 4758 1972 4821 adest
1990 4756 2074 4820 ad
2093 4780 2115 4819 .-
2135 4760 2298 4839 quod
2322 4760 2625 4824 abundare
2652 4762 2910 4825 videtur.
