4525 6031
756 1153 1006 1262 affin
1018 1184 1033 1209 ‚

795 4571 921 4626 Apud

711 4623 990 4731 nm?

1131 634 1253 696 838
2185 641 2551 706 nonnam
2599 644 2899 721 onaan
3567 639 3732 718 [Aa.
3769 640 3942 705 1242.

1575 898 1750 906 ...ο-
1757 899 1792 906 ...-
1799 899 1870 907 n-
2888 899 3301 909 -———---—-
3311 896 3516 906 ——-

1240 1150 1667 1261 ConraduS,
1708 1153 2227 1239 Romanorum
2278 1158 2356 1237 in
2396 1182 2654 1266 regem
2690 1155 3003 1262 electus,
3040 1153 3521 1264 privilegium
3561 1152 3659 1235 ab
3701 1153 3941 1260 impe-

1126 1291 1378 1366 ratore
1413 1295 1627 1393 patre
1664 1313 1805 1369 suo
1841 1287 2198 1396 hospitali
2236 1288 2557 1371 Sanctae
2594 1289 2874 1372 Mariae
2913 1287 3555 1370 Theutonicorum
3592 1287 3688 1367 de
3720 1284 3940 1367 bonis

1127 1414 1423 1524 imperii
1497 1417 1926 1503 feudalibus
1994 1446 2198 1503 anno
2276 1424 2481 1503 1223
2551 1420 2978 1526 indultum,
3039 1430 3353 1504 renovat
3408 1431 3485 1503 et
3538 1419 3939 1501 inserendo

1122 1549 1549 1632 confirmat.

1284 1761 1475 1840 (Edit.
1509 1766 1569 1822 ln
1596 1762 1932 1826 Brandenb.
1959 1768 2334 1846 usurpationis
2364 1765 2587 1842 θᾶσαι,
2619 1786 2679 1845 p.
2721 1777 2859 1846 102,
2889 1768 3024 1828 coll.
3056 1784 3194 1827 cum
3222 1784 3354 1844 cop.
3380 1766 3650 1828 authent.
3677 1767 3743 1825 tn
3767 1765 3929 1827 arch.

1360 1868 1703 1947 stuttgart.)

1214 2055 1606 2146 ConraduS‚
1650 2057 1794 2129 divi
1830 2058 2106 2149 augusti
2142 2058 2577 2153 imperatoris
2614 2059 2957 2131 Frederici
2993 2057 3211 2148 filius,
3256 2059 3384 2130 Dei
3422 2056 3645 2150 gratia
3681 2056 3931 2128 Roma-

1115 2199 1364 2251 norum
1397 2180 1469 2249 in
1502 2202 1739 2271 regem
1770 2182 2033 2253 electus
2064 2203 2341 2277 semper
2366 2195 2699 2276 augustus
2731 2199 2803 2255 et
2833 2183 3037 2255 heres
3065 2182 3262 2275 regni
3288 2182 3745 2271 lherusalem,
3777 2179 3932 2252 uni-

1114 2304 1334 2375 versis
1351 2303 1598 2375 Christi
1623 2303 1945 2376 fidelibus
1971 2317 2367 2400 presentem
2386 2307 2685 2378 litteram
2704 2306 3085 2399 cognituris
3113 2306 3183 2375 in
3205 2314 3646 2400 perpetuum.
3668 2305 3931 2376 Tenere

1112 2429 1540 2521 presentium
1567 2430 1833 2499 cunctis
1866 2427 2018 2500 fieri
2055 2430 2374 2524 cupimus
2413 2430 2852 2501 manifestum
2883 2429 3075 2523 quod
3103 2450 3231 2500 nos
3274 2428 3692 2499 serenissimi
3718 2429 3932 2524 patris

1112 2560 1184 2621 et
1219 2551 1480 2622 domini
1518 2552 1736 2624 nostri
1774 2553 1917 2624 divi
1959 2555 2235 2644 augusti
2266 2553 2592 2625 Friderici
2627 2552 3063 2646 imperatoris
3096 2573 3382 2647 presens
3422 2550 3756 2645 scriptum
3790 2572 3929 2624 non

1110 2676 1592 2765 cancellatum,
1626 2697 1767 2749 non
1786 2677 2144 2767 viciatum,
2177 2700 2319 2748 non
2349 2678 2679 2748 abolitum
2706 2698 2836 2748 nec
2868 2676 2938 2746 in
2962 2676 3195 2769 aliqua
3222 2684 3420 2770 parte
3449 2675 3701 2765 lesum,
3718 2695 3929 2746 aurea

1107 2800 1298 2871 bulla
1329 2800 1701 2892 sigillatum
1722 2854 1740 2891 ,
1784 2800 2089 2872 vidimus
2122 2812 2192 2872 et
2231 2802 2625 2873 audivimus
2653 2801 2721 2871 in
2763 2800 2895 2871 hec
2921 2800 3137 2871 verba
3168 2798 3634 2894 conscriptum
3666 2829 3683 2870 ε

1206 2921 1571 3021 (Sequitur
1598 2923 1686 2995 de
1719 2925 1935 2996 verbo
1963 2925 2055 2996 ad
2086 2925 2379 2997 verbum
2410 2924 2845 3020 privilegium
2884 2923 3212 2996 Friderici
3249 2925 3334 3013 ΙΙ,
3377 2923 3620 2995 datum
3655 2922 3925 3018 Capuae

1105 3070 1345 3123 mense
1380 3050 1734 3141 januariO,
1776 3072 1961 3123 anno
2006 3050 2395 3122 dominicae
2441 3049 2931 3123 incarnationis
2980 3050 3073 3122 M.
3098 3048 3490 3140 CC.XXIII,
3548 3048 3924 3121 indictione

1103 3173 1498 3245 undecima.
1530 3173 1689 3246 Vid.
1721 3196 1957 3269 supra,
1991 3184 2159 3246 tom.
2198 3176 2280 3263 11,
2316 3197 2386 3268 p.
2427 3172 2632 3268 294.)

1104 3430 1174 3490 et
1204 3419 1537 3513 genitoris
1564 3419 1779 3490 nostri
1815 3419 2143 3491 Friderici
2175 3421 2643 3493 Romanorum
2675 3419 3110 3514 imperatoris
3144 3441 3419 3514 semper
3454 3420 3729 3511 augusti
3764 3441 3920 3492 ves-

1102 3543 1286 3634 tigiis
1335 3541 1761 3629 inherentes»,
1802 3543 2093 3634 gratiam
2143 3543 2467 3636 hospitali
2504 3547 2755 3615 Sancte
2804 3543 3017 3616 Marie
3067 3542 3157 3615 de
3204 3543 3414 3615 domo
3453 3543 3917 3615 Theutonico·

1099 3688 1254 3737 rum
1287 3665 1631 3736 indultam
1664 3675 1885 3736 ratam
1918 3676 1988 3736 et
2022 3676 2290 3757 gratam
2330 3666 2695 3757 habemuS,
2736 3688 3159 3761 presensque
3206 3666 3643 3760 privilegium
3698 3666 3916 3759 sigillo

1096 3805 1333 3862 nostre
1366 3787 1744 3879 majestatis
1780 3788 2106 3859 fratribus
2133 3790 2222 3861 de
2255 3789 2464 3860 domo
2498 3789 2810 3884 predicta
2844 3789 3165 3861 dedimus
3196 3791 3622 3862 roboratum.

1193 3917 1446 3985 Datum
1473 3913 1928 4004 Hagenowie,
1958 3934 2144 3985 anno
2176 3912 2452 3984 Domini
2472 3914 2564 3985 Μ.
2590 3913 2714 3984 CC.
2739 3912 3274 4006 quadragesimo
3307 3913 3646 4003 secund0,
3680 3932 3914 3983 mense

1089 4040 1326 4131 junio,
1358 4037 1734 4111 indictione
1766 4037 2307 4131 quintadecima.

1197 4589 1632 4698 ConraduS,
1708 4591 1788 4672 in
1848 4592 2369 4673 Romanorum
2430 4617 2691 4702 regem
2764 4590 3044 4674 electus
3064 4651 3088 4698 ,
3161 4590 3489 4674 Johanni
3560 4586 3909 4697 episcopo

1082 4718 1455 4804 Mindensi
1501 4723 1843 4807 concedit
1879 4733 1966 4805 ut
1998 4723 2260 4806 omnia
2304 4724 2550 4807 officia
2587 4726 2684 4807 ad
2722 4724 3240 4834 episcopatum
3273 4718 3731 4832 pertinentia
3763 4715 3908 4827 ipsi
