4525 6031
657 626 860 693 rm.
889 630 989 711 6.]
1268 678 1275 683 .
1545 632 1940 697 marolus
1986 634 2578 699 mucan-rma.
3343 634 3464 697 cn

762 1089 1241 1174 Innocentius
1275 1117 1473 1199 papa
1525 1116 1779 1201 regem
1838 1091 2303 1175 Francorum
2354 1102 2613 1176 monet
2658 1117 2739 1174 se
2782 1090 3082 1174 nullum
3118 1117 3210 1174 ex
3254 1101 3467 1201 parte

658 1221 1011 1305 Friderici
1077 1234 1483 1306 tractatum
1556 1224 1762 1332 pacis
1824 1225 2336 1308 admissurum
2366 1286 2390 1330 ‚
2455 1226 2605 1307 nisi
2666 1248 2844 1306 cum
2904 1225 3130 1334 pleno
3180 1220 3467 1309 honore

655 1350 1029 1439 Ecclesiae
1082 1370 1157 1439 et
1207 1358 1352 1441 sub
1408 1381 1499 1440 ea
1544 1357 1977 1440 conditione
2033 1360 2241 1467 quod
2291 1358 2491 1443 idem
2551 1354 2975 1441 Fridericus
3026 1359 3146 1443 vel
3192 1358 3468 1469 aliquis

652 1494 750 1575 de
799 1516 939 1575 sua
987 1488 1349 1601 progenie
1401 1514 1799 1601 nunquam
1851 1492 1948 1574 de
2000 1504 2294 1575 caetero
2343 1493 2441 1575 ad
2495 1490 2791 1603 imperii
2835 1493 3175 1603 regimen
3226 1514 3464 1577 assu·-

654 1637 932 1710 matur.

811 1830 1070 1912 (laedit,
1093 1848 1171 1893 cx
1197 1830 1332 1894 cod.
1362 1829 1520 1893 Bibl.
1546 1842 1670 1910 reg.
1695 1827 1989 1910 Beroltnq
2011 1839 2253 1907 n0188,
2283 1832 2393 1896 rol.
2428 1840 2538 1896 ¹88
2565 1833 2790 1912 vet-xo.)

749 2017 999 2110 Vigilat
1045 2038 1167 2089 cor
1191 2024 1504 2089 nostrum
1541 2015 1610 2086 in
1645 2015 1776 2088 hiis
1811 2016 2085 2089 assidue
2122 2038 2248 2111 per
2278 2039 2416 2111 que
2450 2016 2675 2090 honor
2707 2011 3013 2091 Ecclesie
3044 2010 3470 2116 producatur

647 2153 719 2215 et
743 2142 1125 2215 christiano
1156 2142 1419 2236 populo
1446 2140 1906 2233 tranquillitas
1934 2162 2019 2212 ac
2046 2140 2318 2213 devotis
2349 2141 2536 2212 sedis
2562 2142 2957 2237 Apostolice
2981 2145 3203 2237 possit
3230 2154 3467 2240 optata

649 2268 1069 2364 prosperitas
1090 2265 1492 2363 provenire.
1520 2267 1808 2361 Propter
1841 2264 1973 2338 hoc
1994 2275 2236 2337 autem
2266 2265 2538 2338 firmam
2561 2277 2633 2339 et
2656 2268 3140 2342 inconcussam
3171 2281 3239 2343 te
3269 2272 3468 2343 volu-

647 2413 803 2465 mus
832 2391 1093 2464 habere
1123 2390 1449 2463 fiduciam
1478 2390 1670 2483 quod
1706 2390 1870 2462 licet
1903 2389 2093 2485 pacis
2120 2400 2416 2463 eventus
2444 2413 2720 2487 semper
2746 2392 2819 2463 in
2852 2392 3197 2465 desiderio
3226 2406 3465 2468 nostro

647 2517 856 2589 fucrit
881 2528 954 2590 et
983 2514 1262 2606 existat,
1308 2525 1538 2588 tamen
1565 2513 1910 2608 quidquid
1946 2514 2304 2587 hincinde
2335 2515 2608 2587 dicatur
2639 2517 2752 2588 vel
2785 2517 3129 2610 cogitetur
3157 2528 3278 2591 aut
3303 2542 3463 2615 pre·

645 2653 965 2714 sumatur
997 2642 1091 2714 ab
1130 2639 1441 2732 homine,
1484 2649 1854 2711 tractatum
1902 2639 2094 2734 pacis
2137 2642 2478 2736 exparte
2513 2640 2591 2711 F.
2629 2641 2983 2735 quondam
3030 2642 3464 2739 imperatoris

643 2767 1042 2838 nullatenus
1079 2765 1525 2838 admittemus
1567 2765 1699 2836 nisi
1737 2785 1897 2836 cum
1938 2765 2150 2859 pleno
2186 2773 2257 2836 et
2297 2763 2815 2837 evidentissimo
2842 2764 3105 2838 honore
3150 2767 3457 2841 Ecclesia

642 2911 725 2964 ac
756 2864 1034 2963 illorum
1067 2891 1290 2962 salute
1314 2889 1436 2984 qni
1465 2889 1595 2960 sibi
1623 2888 1980 2962 adhesisse
2012 2889 2085 2959 in
2104 2888 2235 2961 bac
2260 2898 2460 2983 parte
2490 2901 2874 2964 noscuntur
2911 2917 2934 2962 ε-
2970 2892 3152 2963 inter
3179 2914 3362 2988 quos
3394 2902 3462 2967 te

642 3014 1033 3088 serenitatis
1075 3013 1265 3106 regie
1315 3011 1573 3086 intuitu
1613 3024 1686 3086 et
1731 3012 2024 3086 obtentu
2077 3012 2474 3087 devotionis
2521 3014 2983 3090 sincerissime
3027 3038 3237 3112 qnam
3282 3018 3464 3090 circa

640 3140 864 3212 Deum
894 3147 966 3210 et
994 3137 1217 3233 ipsam
1251 3138 1436 3231 geris
1459 3137 1865 3230 Ecclesiam,
1898 3157 2118 3209 unum
2144 3137 2237 3212 de
2264 3139 2643 3232 maioribus
2677 3151 2748 3213 et
2779 3142 3167 3237 potioribus
3192 3153 3467 3238 reputa·-

412 3302 418 3306 .
504 3317 509 3321 -
638 3284 821 3336 mus·
855 3265 1175 3337 Ceterum
1222 3284 1355 3359 pro
1400 3263 1748 3336 constanti
1794 3272 2031 3336 teneas
2077 3264 2273 3358 quod
2321 3265 2847 3359 qualiscumque
2897 3266 3089 3362 pacis
3133 3277 3465 3341 tractatus

640 3387 1253 3481 emergandictns
1292 3388 1367 3461 F.
1419 3399 1543 3461 aut
1578 3388 1833 3482 aliquis
1875 3388 1971 3462 de
2006 3410 2139 3462 sua
2174 3389 2511 3486 progenie
2555 3411 2914 3486 nunquam
2957 3390 3049 3464 de
3093 3400 3334 3464 cetero
3371 3391 3464 3465 ad

637 3511 909 3609 imperii
939 3512 1248 3607 regimen
1283 3521 1694 3586 assumetur.

3593 1108 3794 1220 ‚33¹st

743 3980 1206 4087 Fridericus,
1247 3981 1764 4065 Romanorum
1811 3981 2252 4090 imperator,
2294 3980 2690 4065 conventui
2744 3981 3221 4066 Casaenovae
3273 4008 3464 4091 pro—
3552 4004 3850 4058 muca-012

637 4113 868 4197 mittit
901 4114 1111 4225 quod
1147 4113 1245 4198 ab
1298 4115 1467 4223 ipso
1519 4114 1872 4198 collectas
1927 4139 2079 4197 non
2134 4114 2283 4196 nisi
2340 4139 2476 4222 per
2524 4113 3046 4198 marchionem
3083 4113 3458 4198 iacobum

638 4246 737 4329 de
773 4246 1076 4331 Caretto
1101 4246 1361 4357 colligi
1398 4246 1646 4330 faciet.

800 4434 1144 4515 (Memorat.
1176 4454 1273 4517 ap.
1304 4437 1622 4518 Βοκηκκιι,
1654 4436 1879 4519 Reqest.
1908 4435 2145 4518 imper„
2176 4450 2238 4515 p,
2275 4441 2415 4512 20⁷,
2444 4441 2516 4499 η’
2551 4435 2753 4517 1143»)

740 4622 993 4695 Datum
1072 4623 1260 4720 apud
1326 4625 1561 4699 Casale
1640 4626 1872 4702 Sancti
1942 4624 2223 4718 Evasii‚
2285 4647 2472 4702 anno
2544 4626 2889 4702 dominice
2966 4624 3462 4698 incarnationis

636 4741 731 4818 M.
746 4745 1178 4840 CC.XLV111,
1210 4772 1448 4825 mense
1479 4763 1805 4846 augustO,
1836 4752 2216 4827 indictione
2241 4739 2370 4827 VL'

3510 4058 3663 4101 Sancti
3695 4059 3848 4102 Enati
3858 4089 3872 4112 ‚

3595 4117 3802 4166 angusto.
