4525 6031
672 679 877 739 limum.
911 674 1004 760 8.]
1573 676 1967 740 HISTORIA
2019 677 2615 743 mPLOMA‘ncA.
3391 670 3510 735 779

677 811 942 884 Alsatie
972 810 1153 883 filios
1181 809 1474 882 haberet
1501 820 1573 883 et
1602 811 1992 905 possideret
2018 815 2423 887 comitatum
2450 825 2525 887 et
2558 811 2989 887 dominatum
3024 810 3112 887 de
3146 808 3403 886 Werde
3436 817 3515 879 et

686 945 953 1008 tantum
1000 934 1260 1006 faceret
1295 956 1458 1025 erga
1502 934 1861 1009 dominum
1895 958 2136 1009 meum
2174 938 2429 1012 ducem
2473 937 2665 1030 quod
2691 937 2839 1032 ipse
2870 934 3194 1009 dominus
3234 934 3386 1009 dux
3422 932 3511 1007 de

676 1061 835 1151 jure
891 1058 1220 1130 redderet
1273 1058 1339 1128 ei
1382 1058 1664 1129 feudum
1713 1061 2299 1153 prenominatum,
2353 1063 2616 1133 scilicet
2651 1069 2953 1131 castrum
2979 1056 3320 1151 Estuphin
3353 1076 3512 1127 cum

686 1180 1103 1277 appenditiis
1160 1181 1339 1269 suiS,
1405 1202 1535 1273 ego
1589 1182 1776 1254 Cono
1828 1205 2258 1255 remanerem
2292 1184 2514 1256 homo
2566 1183 2831 1256 domini
2874 1181 3093 1255 nostri
3139 1179 3336 1253 ducis
3386 1200 3513 1273 pro

688 1306 1007 1378 ducentis
1057 1304 1426 1377 matehatis
1486 1306 1757 1398 argenti
1805 1329 1980 1400 quas
2026 1308 2199 1379 mihi
2267 1311 2537 1383 solvere
2580 1317 2951 1379 teneretur
3000 1306 3177 1376 infra
3222 1325 3509 1375 annum.

686 1428 975 1524 Propter
1005 1428 1195 1523 quod
1235 1450 1366 1521 ego
1401 1429 1717 1525 reaccepi
1746 1430 1835 1501 de
1874 1430 2157 1502 domino
2183 1454 2340 1503 meo
2375 1432 2550 1503 duce
2582 1432 2655 1501 in
2685 1429 2972 1502 feudum
3016 1440 3087 1500 et
3116 1427 3514 1521 homagium

689 1553 933 1624 decem
970 1551 1359 1623 marchatas
1395 1562 1575 1623 terre
1614 1552 1705 1624 de
1739 1574 1895 1626 meo
1930 1555 2186 1626 allodio
2228 1577 2404 1648 quas
2446 1577 2577 1647 ego
2607 1556 2832 1627 debeo
2869 1553 2998 1624 sibi
3037 1553 3216 1623 infra
3252 1573 3514 1622 annum

687 1676 1040 1748 adserere.
1087 1677 1377 1770 Insuper
1427 1697 1559 1768 ego
1601 1676 1788 1749 Cono
1826 1678 2067 1750 'debeo
2110 1679 2405 1751 reddere
2456 1679 2816 1750 annuatim
2848 1677 3131 1749 domino
3160 1698 3315 1748 meo
3354 1675 3514 1747 duci

688 1797 1086 1891 quindecim
1121 1807 1425 1870 carratas
1451 1797 1627 1888 vini,
1671 1808 1742 1869 et
1773 1797 1896 1870 filii
1923 1801 2061 1870 mei
2092 1800 2213 1893 qui
2241 1800 2507 1872 dictum
2539 1812 2842 1872 castrum
2878 1808 3193 1870 tenerent
3249 1852 3267 1870 .
3329 1852 3347 1868 .
3409 1850 3428 1867 .
3491 1851 3509 1867 .

940 1975 958 1993 .
1016 1921 1393 1994 redderent
1437 1922 1752 1993 similiter
1795 1923 2079 1996 domino
2113 1923 2275 1995 duci
2305 1924 2526 1995 dictas
2557 1923 2956 2018 quindecim
2984 1932 3289 1995 carratas
3325 1923 3470 1994 vini
3492 1975 3512 2007 ,

685 2057 765 2120 et
795 2047 1035 2118 vinum
1071 2045 1630 2141 prenominatum
1663 2046 2003 2119 debemus
2029 2048 2164 2119 sibi
2186 2048 2577 2120 conducere
2608 2069 2833 2142 usque
2859 2047 3301 2123 Wisembach
3331 2048 3518 2119 bona

691 2169 855 2243 fide.
885 2171 1258 2242 Sciendum
1293 2181 1396 2241 est
1424 2170 1634 2241 etiam
1669 2171 1861 2265 quod
1881 2171 2204 2243 dominus
2231 2194 2438 2245 meus
2465 2172 2617 2245 dnx
2646 2171 3168 2266 prenominatus
3200 2170 3411 2245 debet
3438 2193 3518 2249 se

685 2297 935 2388 juvare
997 2295 1086 2366 de
1139 2304 1366 2367 castro
1418 2294 1764 2390 Estuphin
1808 2305 2050 2367 contra
2081 2317 2367 2387 omneS,
2413 2296 2748 2388 quamdiu
2781 2316 2910 2387 650
2945 2307 3014 2369 et
3042 2295 3336 2367 heredes
3374 2295 3518 2369 mei

695 2418 956 2490 dictum
1021 2427 1324 2490 castrum
1384 2418 1798 2510 tenebimus,
1863 2429 2312 2515 preterquam
2375 2428 2619 2492 contra
2671 2419 2974 2491 Ulricum
3017 2419 3375 2491 dominum
3426 2419 3516 2497 de

692 2542 1139 2636 Rappolstein
1167 2553 1238 2612 et
1263 2541 1815 2633 consanguineos
1844 2564 2062 2614 meos.
2095 2544 2419 2614 Preterea
2446 2564 2579 2639 650
2606 2552 2850 2637 potero
2870 2544 3122 2635 juvare
3152 2543 3514 2619 dominum

698 2687 932 2736 meum
965 2664 1409 2737 Fredericum
1443 2664 1935 2761 imperatorem
1966 2669 2437 2739 Romanorum
2471 2677 2542 2739 et
2571 2689 2807 2761 regem
2817 2719 3239 2738 ......
3297 2665 3516 2738 filium

699 2810 900 2860 suum
949 2783 1091 2884 (i),
1145 2788 1468 2861 comitem
1517 2789 1960 2884 Rudolphum
2016 2790 2104 2861 de
2150 2791 2520 2887 Habspurg
2560 2801 2630 2862 et
2674 2791 2979 2865 Ulricum
3028 2789 3386 2862 dominum
3426 2790 3517 2868 (16

696 2913 1146 3008 Rappolstein
1209 2910 1525 3007 superius
1586 2914 2020 2985 nominatum
2042 2966 2061 3001 ‚
2118 2935 2260 2985 non
2321 2916 2638 2987 obstante
2684 2916 3084 3007 juramento
3141 2914 3334 3008 quod
3387 2914 3518 2985 feci

699 3037 983 3112 domino
1017 3058 1176 3109 meo
1204 3037 1391 3109 duci.
1430 3037 1717 3109 Promisi
1755 3037 1963 3109 etiam
1991 3039 2365 3111 ohservare
2389 3038 2687 3112 fideliter
2714 3040 3053 3113 honorem
3087 3039 3350 3114 domini
3380 3041 3519 3112 mei

701 3160 898 3234 ducis
935 3170 1004 3232 et
1029 3161 1213 3232 bona
1245 3160 1381 3233 fide
1410 3161 1850 3233 commodum
1886 3184 2091 3233 suum
2127 3163 2556 3257 perquirere,
2590 3172 2661 3234 et
2692 3163 2819 3235 has
2841 3164 3339 3236 conventiones
3358 3186 3517 3258 pre-

691 3280 923 3357 ffictas
979 3284 1209 3375 juravi
1241 3285 1436 3355 bona
1481 3280 1622 3357 fide
1668 3294 1905 3356 tenere
1955 3295 2026 3357 et
2072 3284 2562 3358 inviolabiliter
2592 3287 2989 3358 ohservare.
3038 3287 3122 3358 'In
3172 3286 3372 3378 cujus
3417 3285 3519 3357 rei

689 3408 1169 3480 *testimonium
1196 3417 1556 3502 presentes
1586 3409 1850 3480 litteras
1877 3408 2081 3501 sigilii
2103 3410 2248 3480 mei
2269 3409 2652 3482 munimine
2680 3409 3028 3482 roboravi.

691 3567 696 3570 -
793 3534 1053 3604 Datum
1080 3553 1266 3603 anno
1289 3532 1565 3603 Domini
1594 3533 1959 3605 millesimo
1987 3533 2464 3607 ducentesimo
2495 3534 3069 3631 quinquagesimo
3086 3588 3107 3626 ,
3136 3532 3255 3607 die
3282 3533 3522 3606 martis

693 3665 865 3729 ante
896 3657 1150 3727 festum
1185 3656 1391 3727 beate
1421 3655 1637 3728 Marie
1664 3656 2101 3748 Magdalene.
3216 3677 3225 3680 ·

694 4298 704 4307 ·
803 4258 1235 4344 zffidericus
1255 4321 1279 4368 ,
1325 4258 1847 4344 Romanorum
1895 4260 2311 4369 imperator
2325 4319 2348 4364 ,
2402 4257 2934 4341 conventiones
2978 4267 3059 4340 et
3110 4267 3332 4367 pacta
3370 4280 3520 4365 per
3596 4256 3921 4407 „ffiLt-ssg

1207 4437 1215 4444 ·
1941 4435 1950 4440 ·
3675 4417 3845 4471 nuno.)

656 4593 659 4596 ’
780 4604 855 4680 (4)
891 4605 1014 4663 nux
1039 4587 1539 4681 enim‘Lotaringiae
1564 4622 1706 4665 anno
1735 4606 1873 4664 ⁴248
1901 4605 1972 4664 ad
1993 4599 2174 4680 partes
2200 4605 2472 4664 ccclesiae
2498 4610 2555 4663 et
2580 4604 2841 4663 willelmi
2869 4603 2939 4661 (ιο
2965 4602 3243 4661 nouanda
3271 4600 3522 4659 decum-

712 4708 895 4773 verat,
931 4703 1072 4761 sicut
1096 4704 1150 4761 id
1176 4705 1534 4779 comperimus
1561 4721 1630 4762 ex
1652 4703 2022 4763 instrumentis
2039 4719 2129 4777 ap.
2161 4705 2225 4760 D.
2257 4703 2507 4774 Cum,
2531 4703 2679 4760 Hist.
2707 4700 2771 4759 do
2795 4702 3078 4773 Lorraino,
3109 4707 3152 4757 t.
3182 4700 3272 4771 lv,
3305 4713 3521 4772 preuv„

712 4814 772 4871 p.
804 4814 1381 4859 coccum-ccoeuvn.
