4525 6031
1854 645 2479 708 Anm'rAMENTA.
2736 647 2740 664 '
3457 652 3575 715 911

756 793 828 856 et
858 791 1249 855 vestrorum
1272 777 1595 852 obsidum
1625 780 1942 872 datione,
1980 780 2221 855 fideles
2246 781 2463 853 nostri
2492 781 2579 854 de
2614 803 2829 875 regno
2856 781 3062 856 fidem
3085 785 3344 856 avobis
3375 787 3581 880 plene

756 929 839 980 ac
863 905 1099 980 debite
1125 902 1517 977 securitatis
1549 914 1961 998 expectent,
1995 906 2315 977 nonnulli
2350 928 2443 977 ex
2465 905 2665 977 vobis
2691 908 2823 978 sub
2851 910 3243 980 velamento
3268 907 3579 982 fidelium

756 1051 884 1126 per
917 1027 1169 1124 Apulie
1207 1027 1624 1097 maritimam
1675 1027 2179 1120 discurrenteS,
2225 1028 2584 1124 piraticam
2626 1029 2697 1099 in
2729 1032 3113 1122 regnicolas
3139 1031 3382 1105 fideles
3411 1055 3577 1106 nos-

758 1163 902 1225 tros
951 1158 1320 1240 exercent,
1388 1159 1462 1221 et
1518 1171 1659 1244 quo
1720 1152 1940 1243 magis
1995 1174 2361 1225 movemur
2402 1163 2474 1224 et
2513 1152 2825 1244 dignius,
2857 1156 3155 1226 vascella
3189 1156 3581 1250 specialiter

756 1275 1158 1369 navigantia
1199 1296 1359 1347 cum
1401 1274 1611 1346 rebus
1638 1275 1891 1347 nostris
1921 1276 2324 1368 offendunt,
2362 1277 2669 1349 mentitis
2700 1278 2772 1348 in
2801 1277 2934 1349 hiis
2962 1278 3345 1350 victricium
3375 1282 3577 1373 aqui·

756 1400 979 1472 larum
1020 1409 1414 1471 nostrarum
1447 1397 1799 1490 insigniiS,
1836 1410 1917 1470 ut
1955 1399 2361 1493 navigantes
2389 1399 2735 1496 intrepide
2767 1399 3045 1474 dolosas
3070 1402 3373 1497 ipsorum
3408 1404 3577 1476 insi·

610 1595 623 1604 ,
756 1524 909 1596 dias
943 1545 1086 1595 non
1125 1531 1443 1595 evertent
1483 1520 1663 1618 (sic).
1718 1523 1886 1594 Cum
1927 1522 2163 1615 igitur,
2208 1523 2389 1595 sicut
2423 1545 2550 1618 pro
2587 1534 2781 1596 certo
2836 1535 3188 1614 tenemuS,
3238 1528 3576 1600 committi

756 1647 1069 1745 predicta
1110 1667 1253 1718 non
1302 1646 1625 1738 valeant,
1673 1646 1846 1741 quin
1882 1646 2049 1742 ipsis
2082 1648 2526 1720 conniventia
2553 1658 2784 1719 vestra
2816 1649 2928 1720 vel
2960 1670 3339 1721 consensus
3372 1672 3576 1724 acce-

754 1771 915 1863 dat,
953 1771 1308 1845 devotioni
1344 1781 1574 1842 vestre
1606 1771 2022 1842 mandamus
2049 1771 2377 1865 quatinus
2405 1770 2583 1841 infra
2619 1772 2794 1843 duos
2823 1793 3095 1843 menses
3121 1774 3579 1869 areceptione

756 1895 1185 1992 presentium
1223 1896 1739 1987 numerandOS,
1800 1896 2104 1991 dampna
2156 1917 2471 1989 queque,
2518 1917 2656 1988 que
2693 1897 2841 1986 Ugo
2879 1895 2969 1967 de
3026 1897 3198 1968 Lilla
3250 1898 3581 1990 magister

756 2030 1165 2115 procurator
1194 2020 1384 2091 curie
1421 2020 1494 2091 in
1524 2018 1811 2115 Apulia,
1849 2018 2073 2092 fidelis
2109 2032 2372 2111 noster,
2402 2040 2528 2114 per
2555 2021 2818 2090 litteras
2841 2041 3002 2091 suas
3019 2021 3217 2093 vobis
3239 2023 3572 2115 ascribet,

757 2146 960 2217 nobis
998 2154 1070 2216 et
1119 2144 1486 2237 regnicolis
1526 2142 1852 2216 fidelibus
1903 2143 2159 2215 nostris
2211 2144 2401 2214 illata
2446 2142 2711 2215 faciatis
2761 2167 2917 2215 cum
2964 2145 3151 2216 omni
3184 2145 3575 2237 integritate

758 2269 1051 2341 restitui.
1085 2268 1337 2341 Scituri
1363 2267 1591 2361 quod,
1625 2267 1681 2338 si
1717 2267 2023 2361 presenti
2052 2267 2382 2338 mandato
2408 2277 2646 2338 nostro
2672 2289 2813 2338 non
2836 2267 3043 2338 fuerit
3066 2268 3323 2339 avobis
3341 2269 3576 2342 debita

755 2394 1222 2466 satisfactione
1257 2393 1613 2488 provisum
1633 2446 1654 2484 ,
1700 2391 2024 2464 fidelibus
2056 2391 2310 2464 nostris
2342 2401 2413 2463 et
2444 2391 2643 2462 nobis
2675 2390 2885 2482 digne
2916 2391 3400 2464 mandabimus
3428 2395 3576 2468 fore

753 2528 1063 2592 cautum.

854 2645 1108 2715 Datum
1145 2641 1335 2736 apud
1375 2638 2109 2736 Aquampendentem,
2148 2640 2331 2712 XIIII
2363 2639 2629 2730 martii,
2665 2640 2969 2712 secunde
2996 2640 3416 2714 indictionis,

863 3172 1270 3279 HenricuS,
1311 3196 1444 3253 rex
1481 3148 1912 3278 Sardiniae,
1962 3170 2156 3252 sacri
2195 3168 2494 3277 imperii
2528 3168 2609 3249 in
2648 3166 2866 3249 Italia
2901 3167 3239 3278 legatuS,
3281 3168 3573 3252 civibus

758 3306 1187 3389 Mantuanis
1224 3305 1541 3386 mandat
1575 3303 1784 3412 quod
1823 3302 2260 3386 Rainerium
2314 3302 2411 3384 de
2446 3301 2909 3410 Moregnana
2944 3301 3326 3409 captivum
3369 3304 3576 3411 apud

757 3464 889 3522 eos
937 3439 1330 3521 detentum
1363 3436 1690 3519 liberum
1727 3434 1937 3518 abire
1970 3436 2439 3544 permittant.

917 3654 1265 3736 (Memorat.
1299 3669 1397 3730 ap.
1428 3649 1752 3727 Bosana,
1775 3650 1998 3732 Reqcst.
2022 3649 2252 3729 imper..
2277 3666 2336 3727 p.
2364 3657 2507 3729 275,
2529 3657 2596 3708 n⁰
2622 3655 2684 3723 6,
2713 3664 2790 3708 ex
2817 3648 2987 3724 copIa
3013 3648 3190 3708 seculi
3216 3647 3389 3726 xm,
3418 3647 3578 3725 apud

996 3759 1357 3837 Mantuam.)

854 3952 1109 4024 Datum
1141 3948 1512 4038 Cremona,
1541 3946 1765 4019 XXIX
1788 3944 2003 4037 junii,
2042 3942 2349 4014 secunda
2381 3940 2782 4012 indictione.

865 4468 1274 4578 Henricus,
1314 4498 1448 4555 rex
1484 4472 1914 4577 Sardiniae,
1956 4472 2149 4554 sacri
2187 4471 2482 4580 imperii
2525 4470 2603 4550 in
2652 4467 2868 4553 Italia
2906 4467 3243 4578 legatus,
3284 4468 3576 4551 civibus

655 4578 664 4591 ⁵
760 4600 1192 4684 Mantuanis
1244 4604 1507 4688 scribit
1558 4606 1767 4714 quod
1825 4604 2308 4687 Leonardum
2371 4604 2465 4684 de
2527 4602 2835 4685 Caserta
2890 4601 2971 4684 in
3023 4601 3575 4710 possessionem

761 4731 1169 4818 feudorum
1219 4737 1516 4847 imperii
1561 4738 1808 4821 eidem
1855 4736 2419 4847 assignatorum
2475 4735 2866 4819 inducant.

3683 4560 3729 4604 1·-
3745 4532 3941 4601 octobris

3750 4613 3878 4658 1244.
