4525 6031
660 653 861 714 Inter.
894 652 987 728 7.]
1555 647 1951 710 HISTORIA
1999 649 2597 713 DIPLOMATICA.
3367 653 3487 718 739

757 790 1069 880 Exurgat
1102 787 1292 858 Deus
1316 838 1337 876 ,
1396 795 1466 857 et
1520 785 1778 857 inimici
1839 786 1947 858 sui
1996 787 2274 881 penitus
2327 787 2750 882 dissipentur
2800 788 2921 880 qui
2979 786 3337 862 confidunt
3395 791 3485 864 de

662 912 972 1010 potentia
1026 910 1258 1006 potius
1312 930 1523 1002 quam
1571 909 1659 982 de
1696 911 1897 1001 jure;
1962 910 2052 982 de
2103 912 2340 983 furore
2384 912 2693 984 maximo
2730 913 2879 1004 jam
2912 911 3073 983 elati
3112 913 3491 986 terroribus

664 1048 871 1130 atque
904 1035 1111 1107 minis
1140 1033 1272 1107 sibi
1306 1033 1604 1106 credunt
1645 1034 1819 1105 alios
1851 1034 2229 1127 subjugare
2253 1087 2273 1125 ,
2314 1034 2440 1107 sed
2477 1056 2619 1107 non
2663 1035 2762 1107 sic
2793 1056 2925 1106 nec
2974 1056 3249 1129 semper
3292 1023 3494 1109 feriet

664 1159 1152 1254 quodcumque
1180 1157 1557 1230 minabitur
1582 1178 1788 1228 arcus
1816 1179 1947 1229 nec
1976 1158 2182 1252 lupus
2215 1159 2442 1252 rapiet
2474 1158 2664 1250 quod
2705 1158 3030 1229 intendit.
3065 1158 3292 1230 Nolite
3319 1181 3492 1230 ven—

667 1284 831 1357 tosis
859 1283 1094 1355 verbis
1127 1282 1337 1373 igitur
1383 1301 1513 1352 nos
1568 1290 1857 1372 terrere,
1912 1281 2032 1375 qui
2087 1302 2231 1354 non
2279 1304 2519 1352 sumus
2567 1281 2946 1352 arundines
2979 1281 3310 1375 paludine
3357 1304 3494 1374 que

665 1416 880 1484 vento
904 1406 1176 1479 modico
1194 1405 1573 1498 agitantur,
1595 1426 1728 1476 neo
1745 1404 2001 1500 plumis
2024 1404 2283 1476 similes
2302 1426 2433 1476 nec
2457 1404 2706 1500 brume
2735 1415 2814 1475 ut
2841 1425 2884 1475 a
2916 1404 3255 1476 solaribus
3284 1405 3494 1478 radiis

666 1530 1148 1603 dissolvamur.
1194 1529 1517 1599 Preterea
1557 1528 1891 1600 noveritis
1926 1527 2117 1622 quod
2152 1549 2389 1619 regem
2428 1529 2756 1599 Hentium
2796 1528 3183 1620 tenuimuS,
3222 1530 3491 1601 tenebi-

665 1675 821 1725 mus
847 1663 919 1725 et
949 1663 1290 1742 tenemus,
1332 1662 1663 1745 tanquam
1690 1653 1840 1724 fore
1868 1652 2175 1723 creditur
2206 1652 2422 1725 nostri
2451 1653 2670 1745 juris;
2706 1653 2833 1724 sed
2861 1653 2919 1726 si
2952 1662 3254 1724 vestram
3280 1653 3495 1725 vultis

666 1776 989 1868 injuriam
1016 1775 1400 1866 vindicare,
1428 1775 1530 1847 uti
1558 1774 1823 1846 viribus
1851 1795 1979 1846 vos
2006 1784 2311 1869 oportet,
2339 1786 2410 1846 et
2439 1775 2585 1847 vim
2613 1775 2684 1845 vi
2720 1776 3075 1869 expellere
3103 1777 3304 1849 nobis
3334 1777 3496 1849 lice-

665 1899 793 1972 bit.
821 1899 1280 1990 Accingemus
1313 1899 1500 1969 enim
1531 1899 1843 1992 gladium
1870 1919 2082 1994 super
2108 1898 2336 1969 femur
2368 1908 2439 1969 et
2467 1899 2770 1990 rugitum
2802 1898 3120 1972 dabimus
3151 1909 3229 1971 ut
3257 1900 3494 1974 leones

665 2022 757 2095 ad
790 2021 1337 2119 expugnandum
1372 2043 1503 2094 vos
1555 2021 1896 2094 hostiliter
1948 2031 2461 2115 oppugnantes,
2512 2044 2646 2093 nec
2708 2021 3218 2115 magnificentie
3262 2035 3493 2097 vestre

667 2146 1066 2239 suffragium
1115 2146 1310 2235 dabit
1343 2145 1865 2216 innumerabilis
1898 2145 2300 2235 multitudo,
2337 2146 2501 2238 quia
2531 2146 2654 2217 ubi
2687 2146 3064 2219 multitudo
3086 2201 3107 2239 ,
3149 2147 3246 2219 ibi
3280 2148 3493 2221 debet

668 2271 979 2344 confusio
1013 2269 1353 2364 assignari
1376 2322 1397 2360 ,
1434 2278 1504 2341 et
1535 2269 1635 2340 sio
1669 2268 1923 2341 dicitur
1950 2269 2020 2339 in
2050 2270 2437 2365 proverbiis
2466 2270 2910 2364 antiquorum
2949 2297 2966 2340 ε

1142 2443 1198 2502 Α
1228 2459 1372 2503 cane
1396 2457 1519 2501 non
1551 2457 1767 2520 magno
1793 2458 1929 2519 sepe
1960 2447 2193 2502 tenetur
2219 2458 2380 2519 aper.

772 2944 1239 3052 FridericuS,
1280 2944 1799 3028 Romanorum
1845 2945 2286 3055 imperator,
2326 2943 2782 3054 regratiatur
2816 2945 3205 3028 communi
3241 2945 3484 3031 Muti-

667 3080 921 3185 nensi,
970 3078 1256 3162 dolenti
1299 3078 1394 3160 de
1437 3104 1619 3160 casu
1664 3077 1868 3187 regis
1913 3078 2346 3182 Sardiniae,
2401 3086 2811 3187 monetque
2860 3089 2946 3162 ut
3017 3079 3095 3160 in
3153 3080 3303 3162 fide
3349 3107 3489 3165 sua

666 3221 1188 3321 perseverent,
1242 3236 1485 3319 quum
1522 3209 1835 3294 ultimae
1883 3209 2284 3294 rebellium
2339 3235 2655 3293 suorum
2705 3211 3169 3319 depressioni
3221 3237 3490 3296 vacare

668 3344 1045 3453 disponat.
3153 3354 3162 3363 “

832 3553 1014 3633 (Edit.
1046 3569 1145 3629 ap.
1174 3551 1348 3612 Petri
1364 3550 1433 3611 de
1462 3552 1594 3614 Vin.
1617 3552 1812 3631 epist„
1835 3552 1939 3613 llb.
1968 3552 2075 3626 111,
2098 3568 2228 3629 cap.
2251 3552 2494 3615 vall.
2520 3554 2592 3613 In
2612 3554 2745 3614 cod.
2767 3553 3153 3615 Mediomont.
3179 3554 3295 3615 Tb.
3316 3554 3488 3614 Phn-

909 3659 1083 3737 lipps,
1113 3669 1181 3718 n⁰
1203 3667 1383 3734 8930,
1411 3658 1555 3719 haec
1580 3658 1813 3719 rubrica
1844 3660 2098 3736 legitur:
2130 3655 2468 3720 staden-icus
2488 3660 2614 3741 reqi
2637 3659 2896 3734 Boemie,
2926 3660 3030 3720 sed
3055 3662 3255 3721 minus
3281 3658 3487 3740 recte.)

763 3881 875 3953 Ex
908 3881 1244 3953 relatione
1296 3881 1651 3952 literarum
1690 3889 2114 3970 vestrarum,
2162 3901 2339 3974 quas
2382 3901 2593 3974 super
2622 3891 2889 3951 eventu
2922 3881 3008 3951 Η.
3048 3881 3231 3975 regis
3266 3882 3494 3953 Sardi-

668 4004 780 4075 nie
804 4056 824 4094 ,
866 4003 1101 4075 dilecti
1130 4001 1252 4074 filii
1279 4002 1497 4074 nostri
1519 4055 1540 4093 ,
1576 4023 1802 4095 nuper
1835 4011 2073 4073 nostro
2101 4001 2387 4073 culmini
2419 4001 2848 4091 destinastiS,
2910 4011 3102 4072 tanto
3129 4002 3490 4075 clariorem

665 4127 987 4201 novimus
1030 4124 1242 4198 fidem
1285 4134 1588 4198 vestram
1613 4179 1632 4215 ,
1681 4134 1946 4219 quanto
1994 4146 2120 4219 per
2156 4125 2587 4196 evidentiora
2619 4125 2816 4216 signa
2857 4126 3310 4217 cognovimus
3348 4147 3490 4198 non

671 4249 900 4322 minus
946 4248 1034 4321 de
1074 4270 1361 4321 casuum
1407 4257 1800 4320 nostrorum
1840 4247 2259 4320 adversitate
2297 4269 2424 4320 vos
2460 4247 2790 4341 deprimi,
2831 4268 3040 4341 quam
3088 4248 3175 4319 de
3215 4269 3488 4320 succes-

673 4391 874 4443 suum
909 4371 1363 4468 prosperitate
1407 4370 1631 4441 letari.
1675 4371 1818 4441 Hec
1845 4380 2009 4441 sunt
2049 4371 2304 4441 etenim
2345 4371 2733 4442 devotionis
2764 4371 3051 4459 indicia,
3099 4394 3237 4464 que
3270 4383 3491 4444 mater

672 4492 971 4568 fidelitas
1009 4493 1293 4586 requirit
1324 4493 1395 4564 in
1433 4491 1765 4583 subditis,
1792 4502 1874 4563 ut
1902 4494 2500 4587 qualitercumque
2541 4495 2814 4566 fortune
2860 4494 3179 4568 dubietas
3213 4517 3486 4567 succes·
3571 4548 3580 4559 .

675 4640 837 4692 sura
869 4617 1279 4714 proveniat,
1319 4616 1916 4709 qualitercumque
1958 4624 2272 4710 tempora
2312 4617 2829 4711 promittentur,
2865 4616 3173 4690 fidelium
3212 4640 3489 4712 semper

676 4742 889 4814 corda
921 4740 1058 4812 sint
1086 4738 1328 4812 eadem
1359 4738 1524 4810 etin
1554 4737 2003 4810 laudabilium
2023 4739 2284 4831 jugiter
2309 4760 2601 4835 operum
2634 4741 3061 4814 exhibitione
3089 4742 3480 4838 persistant.

3628 2950 3822 3006 Unum]
