4525 6031
1043 669 1165 732 566
2043 670 2475 734 anERlct
2521 669 2875 734 summm
3490 665 3655 744 [Amr.
3692 665 3872 728 1247.

1046 826 1165 877 eos
1200 804 1465 876 brachii
1500 803 1718 874 nostri
1747 804 2058 897 potentia
2091 804 2509 894 defensavit,
2533 806 2773 899 culpas
2800 823 3071 892 omneS,
3099 800 3512 873 offensiones
3546 811 3617 872 et
3649 802 3879 872 banna

1004 978 1009 983 κ
1044 948 1183 1020 que
1232 925 1543 1020 predicte
1597 925 2160 1017 transgressionis
2204 926 2568 998 occasione
2624 934 2865 997 contra
2912 945 3041 997 nos
3081 932 3153 995 et
3193 945 3468 994 sacrum
3510 922 3879 1017 imperium

1046 1048 1566 1136 commiserunt,
1601 1047 1700 1117 eis
1734 1048 1822 1119 de
1854 1048 2073 1139 gratia
2105 1058 2343 1120 nostra
2370 1059 2440 1120 et
2466 1048 2838 1143 imperialis
2869 1046 3302 1142 plenitudine
3331 1046 3694 1140 potestatis
3725 1068 3875 1117 om-

1046 1170 1217 1241 nino
1261 1170 1675 1241 remittimus
1726 1179 1797 1241 et
1840 1171 1911 1241 in
1957 1182 2373 1266 perpetuum
2420 1173 2853 1261 relaxamus3
2891 1168 3380 1243 confirmantes
3426 1170 3596 1264 ipsis
3638 1190 3881 1242 omnes

1047 1294 1270 1365 bonos
1299 1314 1465 1364 usus
1495 1302 1564 1363 et
1590 1293 2010 1387 approbatas
2042 1294 2582 1366 consuetudines
2623 1294 2867 1387 quales
2895 1291 3236 1364 hactenus
3274 1314 3498 1387 usque
3544 1313 3731 1362 nunc
3775 1291 3882 1363 usi

1047 1414 1259 1486 fnisse
1290 1425 1698 1487 noscuntur.
1719 1415 2111 1487 Predictam
2142 1417 2350 1487 etiam
2385 1417 2738 1488 civitatem
2753 1415 3045 1487 Viterbii
3079 1425 3150 1486 et
3182 1415 3371 1487 cives
3408 1415 3719 1508 ejusdem
3748 1415 3883 1485 sin-

1047 1537 1382 1628 gulariter
1416 1537 1724 1628 singulos
1766 1546 1837 1608 et
1875 1538 2363 1609 universaliter
2392 1539 2784 1627 universos,
2817 1547 3052 1632 preter
3079 1558 3200 1608 eos
3244 1535 3723 1608 tantummodo
3762 1535 3882 1629 qui

1047 1659 1353 1731 criminis
1380 1661 1637 1732 conscii
1670 1661 2048 1755 perpetrati
2074 1671 2144 1732 et
2170 1662 2569 1733 vulneratas
2597 1661 2726 1732 sibi
2755 1660 3213 1733 conscientias
3242 1659 3617 1730 sentientes
3649 1658 3884 1730 civita-

1052 1794 1190 1854 tem
1228 1784 1450 1877 ipsam
1488 1783 1656 1855 dum
1691 1784 1783 1855 ad
1819 1793 2132 1855 nostrum
2171 1783 2553 1856 dominium
2599 1794 2668 1856 et
2708 1784 3116 1857 mandatum
3161 1782 3367 1854 rediit
3415 1782 3877 1875 reliquerunt,

1047 1929 1310 2001 selpsos
1340 1907 1865 2002 participatione
1891 1906 2202 1979 fidelium
2230 1917 2636 2002 reputantes
2664 1908 3013 1999 indignOS,
3046 1908 3248 2002 plene
3282 1906 3354 1976 in
3382 1916 3690 1977 nostram
3720 1926 3880 1998 gra·

1051 2031 1216 2102 tiam
1253 2031 1645 2125 recepimus
1682 2041 1752 2102 et
1785 2032 2130 2121 favorem,
2166 2031 2262 2104 ita
2303 2040 2385 2102 nt
2427 2052 2560 2102 nec
2602 2031 2673 2102 in
2717 2031 3032 2125 personis
3062 2031 3370 2125 ipsorum
3405 2051 3537 2100 nec
3567 2029 3640 2100 in
3673 2029 3883 2100 rebus

1049 2154 1493 2248 dispendium
1534 2174 1577 2223 a
1617 2153 1819 2225 nobis
1868 2169 1990 2225 aut
2034 2153 2446 2227 officialibus
2503 2154 2758 2239 nostris
2815 2162 3102 2247 propter
3162 2174 3246 2224 ea
3299 2152 3677 2247 pertineat3
3709 2150 3882 2243 quin

1051 2277 1284 2372 potius
1333 2277 1688 2349 civitatem
1738 2278 2056 2350 eamdem
2102 2266 2176 2350 e't
2224 2278 2413 2350 cives
2456 2277 2529 2349 in
2584 2278 2771 2349 bono
2822 2285 3008 2348 statu
3059 2286 3338 2365 tenere,
3393 2288 3878 2364 manutenere,

1052 2402 1290 2475 fovere
1320 2401 1620 2472 velimus
1647 2421 1729 2472 ac
1761 2420 2030 2492 regere,
2052 2401 2553 2495 sicutaliquam
2582 2400 2791 2471 aliam
2827 2399 3181 2472 civitatem
3214 2400 3404 2470 Italie
3437 2419 3575 2492 que
3603 2419 3886 2494 semper

1050 2524 1122 2594 in
1169 2521 1306 2621 fide
1352 2545 1435 2595 ac
1481 2523 1857 2597 devotione
1907 2534 2144 2596 nostra
2183 2524 2485 2619 perstitit
2534 2534 2606 2595 et
2659 2524 2857 2593 nullo
2908 2543 3218 2615 unquam
3278 2532 3589 2617 tempore
3641 2530 3882 2592 notam

1052 2646 1610 2739 transgressionis
1657 2646 1973 2720 incurrit.
2024 2648 2410 2719 Statuimus
2458 2646 2694 2738 itaque
2745 2653 2817 2716 et
2861 2644 3200 2739 imperiali
3253 2646 3605 2717 sancimus
3654 2644 3882 2716 edicto

1048 2779 1391 2861 quatenus
1418 2771 1651 2840 nullus
1677 2769 1854 2859 dux,
1879 2770 2115 2841 nullus
2140 2767 2477 2858 marchi0‚
2506 2769 2740 2839 nullus
2767 2767 3331 2862 archiepiscopus
3349 2769 3459 2840 vel
3485 2769 3876 2863 episcopus,

1048 2891 1284 2962 nullus
1318 2913 1554 2965 comes
1585 2903 1707 2963 aut
1734 2892 2155 2981 vicecomes,
2189 2892 2426 2963 nullus
2455 2892 2759 2983 legatus,
2793 2890 3095 2965 vicarius
3130 2902 3251 2962 aut
3277 2892 3716 2985 capitaneuS‚
3749 2911 3880 2986 po·

1053 3024 1263 3086 testas
1284 3024 1406 3087 aut
1436 3025 1690 3105 rector,
1729 3015 1922 3086 nulla
1958 3014 2231 3106 civitas,
2261 3017 2534 3087 nullum
2556 3037 2955 3106 commune,
2987 3017 3181 3088 nulla
3211 3015 3653 3105 universitas,
3689 2996 3882 3086 nulla

1051 3139 1356 3232 denique
1397 3159 1699 3233 persona
1742 3139 1882 3210 alta
1918 3142 2037 3212 vel
2079 3140 2394 3229 humiliS‚
2437 3140 2899 3212 ecclesiastica
2939 3141 3055 3213 vel
3100 3140 3463 3230 secularis,
3496 3139 3882 3212 antedictos

1050 3262 1522 3335 viterbienses
1560 3261 1803 3336 fideles
1831 3272 2106 3336 nostros
2146 3264 2218 3334 in
2256 3262 2395 3335 fide
2432 3273 2505 3335 et
2536 3264 2908 3336 devotione
2945 3274 3181 3335 nostra
3218 3274 3289 3335 et
3320 3264 3590 3358 imperii
3621 3261 3877 3357 persis-

1053 3395 1280 3457 tentes
1313 3397 1454 3457 eta
1486 3386 1739 3458 nostris
1771 3407 1855 3457 ac
1886 3385 2163 3482 imperii
2194 3387 2492 3459 servitiis
2522 3387 2804 3458 minime
2835 3387 3244 3459 recedentes
3274 3397 3513 3459 contra
3543 3384 3884 3482 presentis

1050 3512 1394 3607 privilegii
1449 3511 1668 3582 nostri
1719 3520 2028 3583 tenorem
2070 3533 2246 3583 ausu
2285 3513 2646 3584 temerario
2691 3512 3114 3606 inquietare,
3154 3514 3523 3585 molestare
3560 3534 3683 3584 seu
3719 3534 3879 3607 per·

1052 3636 1333 3706 turbare
1376 3644 1753 3730 presumat.
1794 3635 1998 3720 Quod
2031 3636 2150 3729 qui
2184 3636 2683 3731 presumpserit
2717 3635 3265 3728 indignationem
3301 3637 3627 3707 culminis
3660 3635 3881 3707 nostri

1052 3778 1128 3829 se
1160 3759 1435 3830 noverit
1464 3759 1904 3830 incursurum
1938 3769 2008 3831 et
2044 3781 2168 3831 cen
2181 3769 2325 3829 tum
2357 3760 2571 3831 libras
2601 3760 2757 3830 auri
2796 3759 3038 3854 optimi
3072 3782 3201 3856 pro
3231 3781 3413 3855 pena
3457 3758 3876 3855 compositu-

1052 3903 1235 3971 rum,
1276 3902 1570 3973 quarum
1615 3882 1954 3953 medietas
1995 3881 2160 3954 fisco
2209 3891 2447 3955 nostro
2495 3892 2567 3954 et
2606 3883 2875 3977 reliqua
2922 3883 3258 3955 medietas
3297 3884 3517 3979 passis
3558 3882 3880 3976 injuriam

1050 4004 1461 4099 applicetur.
1501 4004 1613 4076 Ad
1644 4005 2041 4097 hujusmodi
2072 4014 2308 4077 autem
2340 4005 2444 4075 rei
2475 4006 2881 4076 memoriam
2914 4016 2983 4076 et
3015 4007 3229 4077 robur
3258 4016 3597 4101 perpetuo
3625 4005 3879 4077 valitu-

1050 4150 1232 4219 rum,
1261 4149 1550 4222 presens
1581 4128 2018 4223 privilegium
2054 4150 2180 4222 per
2211 4129 2491 4199 Petrum
2532 4126 2622 4198 de
2659 4127 2890 4222 Capua
2919 4127 3266 4198 notarium
3296 4137 3368 4197 et
3399 4126 3680 4197 fidelem
3712 4146 3876 4197 nos-

1054 4260 1236 4321 trum
1287 4251 1495 4322 scribi
1537 4261 1605 4322 et
1644 4251 1836 4322 bulla
1885 4272 2098 4322 aurea
2139 4250 2413 4345 typario
2461 4259 2697 4321 nostre
2751 4248 3134 4342 majestatis
3175 4248 3516 4343 impressa
3548 4246 3880 4340 jussimus

1051 4374 1490 4447 communiri.
2909 4355 2922 4368 ³

1147 4500 1368 4591 Hujus
1396 4498 1497 4568 rei
1526 4506 1735 4569 testes
1762 4497 2044 4568 fuerunt
2066 4497 2301 4570 dilecti
2333 4495 2455 4567 filii
2481 4495 2699 4568 nostri
2729 4495 3070 4567 Henricus
3094 4495 3380 4567 illustris
3405 4516 3536 4566 rex
3564 4495 3880 4568 Sardinie

1053 4633 1125 4694 et
1169 4622 1345 4693 sacri
1395 4619 1665 4714 imperii
1714 4620 1984 4712 legatus
2032 4622 2102 4692 in
2154 4620 2350 4693 ltalia
2387 4618 2767 4713 generalis,
2814 4629 2884 4692 et
2933 4619 3324 4692 Fridericus
3374 4620 3463 4691 de
3514 4617 3881 4692 Antiochia

1053 4765 1287 4816 comes
1317 4744 1494 4817 Albe
1515 4798 1535 4836 ,
1573 4742 1749 4814 sacri
1783 4742 2053 4840 imperii
2094 4745 2167 4816 in
2201 4743 2446 4816 Tuscia
2483 4742 2783 4815 vicarius
2826 4744 3211 4836 generaliS‚
3241 4742 3670 4818 Mainfredus‘
3694 4762 3881 4813 mar-
