4525 6031
1080 569 1206 639 sss
2139 568 2510 635 comneni
2558 566 2862 647 ounnrt
3526 571 3693 658 [An.
3730 575 3909 640 nm.

1086 713 1173 785 Λ.
1212 711 1489 786 sculteti
1510 708 1893 805 Aquensis,
1928 710 2016 782 Η.
2055 709 2145 783 (16
2172 709 2449 800 Ulmen,
2489 709 2605 782 W.
2643 707 2735 780 de
2759 704 3169 803 Spanheim‚
3200 706 3288 780 G.
3319 706 3417 780 de
3437 708 3662 802 Diste,
3691 709 3915 785 Chris-

1085 838 1255 909 tiani
1297 836 1665 932 pincerne,
1714 835 1797 908 G.
1854 833 2262 907 marschalci
2309 843 2381 906 et
2426 831 2804 906 Reinhardi
2838 830 2931 904 de
2970 832 3242 921 Druva,
3290 829 3601 905 fidelium
3630 843 3911 910 nostro-

1084 984 1269 1052 rum,
1309 957 1690 1032 defendere
1724 981 1851 1055 pro
1885 960 2199 1054 quolibet
2229 958 2554 1030 invasore
2584 955 2789 1029 nobis
2816 955 3074 1028 malum
3098 955 3212 1028 vel
3246 977 3625 1049 gravamen
3656 957 3913 1033 inferre

1080 1083 1391 1157 volente.
1431 1083 1635 1169 Quod
1679 1083 1738 1155 si
1782 1083 2075 1179 predicti
2130 1090 2291 1154 octo
2338 1081 2409 1151 in
2465 1080 2666 1152 dictis
2713 1078 2858 1151 suis
2894 1099 3040 1151 non
3081 1089 3412 1175 poterunt
3445 1082 3905 1178 concordare,

1083 1207 1468 1280 secundum
1512 1206 1774 1280 dictum
1823 1205 2125 1279 Heinrici
2170 1205 2260 1278 de
2304 1204 2803 1295 Luccelnburc,
2846 1204 3175 1276 avunculi
3209 1204 3359 1297 sui,
3396 1215 3469 1279 et
3491 1206 3904 1301 Walerami,

1083 1332 1313 1404 fratris
1365 1333 1508 1423 sui,
1563 1332 1898 1428 premissa
1941 1330 2291 1404 tenebitur
2336 1329 2753 1425 adimplere3
2790 1337 3197 1424 recepturus
3228 1328 3526 1424 proinde
3561 1329 3907 1405 sufficien-

1085 1467 1227 1528 tem
1254 1458 1696 1529 securitatem
1735 1456 1823 1529 de
1875 1458 2093 1530 tribus
2142 1456 2422 1528 milibus
2467 1475 2857 1527 marcarum
2902 1474 2945 1525 a
2985 1453 3185 1526 nobis
3220 1453 3285 1526 ei
3315 1454 3751 1547 assignandis
3776 1455 3909 1530 hoc

1082 1579 1294 1654 modo
1350 1611 1367 1653 z
1438 1581 1983 1675 quadringentas
2036 1601 2304 1652 marcas
2361 1579 2491 1675 ipsi
2549 1577 2640 1649 ad
2702 1598 2949 1648 manus
2994 1576 3474 1672 persolvemus
3517 1586 3591 1650 et
3618 1578 3909 1674 opidum

1081 1713 1396 1777 nostrum
1428 1705 1661 1777 Duren
1692 1704 1978 1776 habebit
2011 1725 2140 1800 pro
2182 1703 2370 1774 mille
2404 1702 2653 1773 marcis
2682 1701 2880 1772 titulo
2920 1700 3224 1795 pignoris
3254 1701 3635 1794 obligatum
3668 1700 3803 1800 (l),
3838 1712 3914 1776 et

1080 1828 1155 1899 in
1185 1825 1574 1923 Epiphania
1617 1827 1896 1899 Domini
1943 1827 2266 1922 proximo
2294 1823 2712 1898 adveniente
2735 1833 3104 1896 sexcentas
3133 1845 3399 1896 marcas
3432 1824 3913 1922 persolvemus

1083 1949 1341 2040 eidem,
1374 1959 1445 2022 et
1476 1950 1545 2020 in
1581 1951 1756 2023 festo
1799 1949 2300 2024 Purificationis
2326 1950 2535 2022 beate
2571 1949 2784 2022 Marie
2808 1947 3112 2039 Virginis
3147 1948 3469 2043 proximo
3500 1937 3692 2022 mille
3722 1970 3909 2021 mar·

1082 2095 1226 2147 cas,
1263 2074 1335 2144 Si
1369 2095 1538 2147 vero
1571 2073 1884 2170 predicta
1913 2075 2313 2147 memoratis
2351 2072 2663 2145 terminis
2687 2072 2751 2145 ei
2779 2093 2924 2144 non
2955 2071 3214 2144 fuerint
3260 2070 3671 2167 adimpleta,
3726 2056 3911 2146 dicte

1080 2197 1591 2294 quadringente
1633 2219 1866 2270 marce
1909 2207 1981 2270 et
2029 2200 2372 2294 prefatum
2422 2196 2710 2293 opidum
2757 2205 3073 2270 nostrum
3117 2196 3354 2268 Duren
3399 2217 3529 2291 pro
3561 2195 3912 2270 sexcentis

1082 2319 1336 2393 marcis
1364 2320 1496 2417 ipsi
1526 2320 1677 2393 sine
1710 2322 2256 2395 contradictione
2290 2321 2492 2394 titulo
2518 2319 2826 2416 pignoris
2856 2319 3353 2411 remanebunt,
3380 2330 3453 2391 et
3471 2320 3563 2393 ab
3587 2319 3912 2393 omnibus

1082 2445 1411 2541 predictis
1446 2445 1965 2519 conditionibus
2009 2468 2134 2519 seu
2170 2446 2752 2519 conventionibus
2784 2445 2916 2517 erit
2951 2444 3231 2541 penitus
3263 2444 3649 2518 absolutus.
3680 2445 3910 2519 Tene-

1080 2568 1311 2641 bimur
1339 2569 1628 2665 insuper
1655 2570 1956 2644 eundem
1986 2570 2313 2643 comitem
2344 2569 2840 2662 Juliacensem‚
2876 2568 3209 2642 dilectum
3236 2566 3515 2642 fidelem
3544 2582 3864 2643 nostrum
3882 2622 3904 2662 ,

1079 2712 1121 2764 a
1175 2690 1620 2785 fidejussione
1664 2716 1793 2790 pro
1821 2694 2021 2767 nobis
2052 2696 2233 2767 facta
2260 2695 2353 2766 ab
2385 2695 2571 2790 ipso,
2605 2691 2990 2766 secundum
3018 2714 3258 2767 veram
3287 2694 3929 2791 computationem,-

1079 2817 1375 2889 reddere
1417 2817 1711 2889 liberum
1754 2828 1825 2889 et
1870 2819 2199 2889 solutum.
2253 2819 2329 2890 ln
2380 2818 2580 2911 cujus
2624 2813 2724 2888 rei
2760 2817 3230 2889 testimonium
3258 2827 3616 2913 presentes
3643 2818 3910 2893 litteras

1071 2940 1305 3035 sigillo
1333 2940 1554 3012 nostri
1583 2939 1908 3013 culminis
1935 2941 2401 3014 communitas
2436 2941 2567 3013 sibi
2598 2940 2889 3014 fecimus
2914 2939 3267 3013 exhiberi.

1175 3065 1426 3135 Datum
1482 3062 1703 3158 Aquis
1763 3087 1892 3161 per
1949 3066 2365 3138 familiarem
2414 3075 2487 3137 et
2527 3064 2865 3138 dilectum
2904 3073 3223 3138 nostrum
3284 3063 3769 3140 Eheu-bardum
3806 3064 3905 3142 (16

1068 3188 1484 3280 Eberstein,
1518 3207 1705 3261 anno
1738 3188 2014 3260 Domini
2044 3190 2139 3263 M.
2154 3189 2278 3262 CC.
2292 3188 2535 3280 XLVI,
2567 3188 2641 3260 in
2662 3188 2901 3281 vigilia
2929 3189 3132 3262 beate
3159 3188 3369 3262 13616
3393 3187 3709 3283 virginis.

1864 3715 2088 3781 ΑΝΝΟ
2139 3717 2350 3782 1247.
2380 3753 2463 3767 —
2499 3719 2998 3784 INDIC'I'IONE
3044 3720 3114 3786 5.

713 4166 978 4275 „32:¹3¹
1187 4132 1586 4218 Conradus
1601 4196 1625 4241 ‚
1680 4134 1763 4216 16
1809 4132 2335 4221 Romanorum
2389 4162 2650 4246 regem
2706 4137 2989 4221 electus
3004 4198 3031 4244 ,
3072 4137 3457 4223 Friderico
3508 4139 3767 4224 comiti
3806 4138 3904 4222 de

731 4275 762 4318 ³
787 4252 978 4318 ”³⁶¹³
1069 4265 1449 4376 Liningen
1503 4266 1765 4351 villam
1821 4266 2076 4351 Sancti
2130 4268 2347 4352 Pauli
2398 4295 2634 4379 prope
2687 4269 3223 4382 Wissemburg
3272 4281 3353 4355 et
3407 4272 3672 4355 omnia
3716 4270 3903 4356 feo-

1075 4396 1281 4480 dalia
1317 4423 1518 4509 quae
1559 4399 1953 4509 quondam
1987 4399 2234 4482 tenuit
2268 4398 2358 4481 B.
2402 4399 2499 4483 de
2537 4400 3164 4512 Wedeglenbert,
3204 4403 3573 4488 oonoedit.

1146 4694 1220 4767 (4)
1260 4692 1386 4751 vid.
1415 4708 1609 4767 supra,
1639 4709 1697 4766 p.
1730 4692 1856 4765 824,
1888 4691 2272 4750 documentum
2300 4692 2367 4751 (16
2390 4692 2829 4773 oppigneratione
2857 4652 3039 4770 oppidi
3063 4696 3263 4756 mm.
