4525 6031
1008 754 2279 945 FRIDERICI
2404 756 3472 947 SECUNDI

1455 1122 1949 1180 nummolum
1995 1122 2550 1191 1uPERATOR1S‚
2598 1123 3044 1180 Jssnusnmffl

1876 1232 1966 1285 ET
2010 1231 2356 1287 SICILIAE
2399 1231 2623 1288 REGIS

1281 1460 2026 1579 HISTORIA
2122 1460 3218 1582 DIPLOMATICA.

1637 1968 1863 2029 ΑΝΝΟ
1917 1968 2119 2030 1247.
2149 2002 2229 2015 -
2271 1969 2760 2030 INDICTIONE
2809 1972 2872 2032 5.

952 2391 1176 2474 Anno
1241 2389 1542 2472 Domini
1604 2388 1706 2472 M.
1735 2388 2161 2491 CC.XLVII
2235 2390 2457 2496 pauci
2522 2389 2800 2470 milites
2856 2391 2952 2469 de
3008 2390 3310 2494 Parma,
3379 2387 3673 2470 banniti

846 2521 1322 2631 imperatoris
1345 2583 1368 2624 ,
1434 2531 1805 2604 venerunt
1866 2521 1963 2602 de
2032 2520 2416 2602 Placentia
2485 2530 2558 2601 et
2633 2520 3106 2601 intraverunt
3171 2520 3531 2601 Parmam
3604 2534 3677 2603 et

847 2656 1299 2763 expulerunt
1360 2664 1656 2763 partem
1706 2654 2180 2761 imperatoris
2239 2652 2363 2734 die
2415 2652 2546 2735 XV
2597 2653 2926 2734 intrante
2973 2651 3193 2761 junio
3252 2714 3270 2733 .
3341 2716 3359 2733 .
3432 2716 3449 2733 .
3522 2717 3540 2734 .
3585 2653 3679 2735 Et

848 2788 1292 2871 concionem
1329 2795 1990 2895 congregaverunt
2034 2786 2480 2869 Parmenses
2530 2796 2605 2867 et
2648 2785 3041 2895 elegerunt
3074 2785 3476 2868 dominum
3525 2788 3681 2869 Ge-

851 2921 1166 3003 rardum
1220 2921 1316 3001 de
1363 2918 1707 3029 Corrigio
1752 2919 1831 2998 in
1887 2927 2366 3026 potestatem,
2406 2928 2482 2999 et
2533 2918 2680 3000 hoc
2725 2917 2872 3000 fuit
2922 2918 3045 2999 die
3099 2917 3482 3001 dominica
3516 2919 3682 3002 XVI

856 3054 1185 3136 intrante
1232 3052 1478 3162 junio.
1541 3051 1947 3133 Salimbeni
2001 3051 2444 3148 chronicon,
2492 3051 2629 3133 fol.
2683 3054 2868 3135 288.
2929 3098 3039 3113 —
3108 3051 3247 3133 Die
3299 3053 3683 3138 dominico

834 3185 1128 3269 ultimo
1183 3184 1468 3266 mensis
1515 3183 1713 3292 junii
1763 3182 2121 3291 proximi,
2163 3183 2578 3291 imperator
2613 3209 2793 3265 cum
2848 3183 3203 3266 comitiva
3252 3185 3582 3269 militum
3639 3214 3685 3269 a

858 3317 1204 3426 partibus
1269 3316 1582 3398 Taurini
1639 3318 1949 3398 veniens
2011 3316 2394 3399 civitatem
2473 3316 2888 3399 Cremonae
2964 3316 3295 3400 intravit.
3376 3319 3686 3403 Invento

859 3450 1063 3531 enim
1128 3448 1235 3531 ibi
1307 3448 1617 3532 Ezolino
1673 3449 1806 3556 qui
1861 3449 1940 3527 in
1999 3473 2137 3529 sua
2200 3448 2556 3531 comitiva
2618 3448 2951 3530 habebat
3005 3448 3133 3531 DC
3188 3450 3501 3558 milites,
3566 3452 3688 3535 die

861 3581 1127 3664 martis
1186 3579 1506 3688 proximi
1573 3580 1674 3661 ad
1742 3581 2156 3674 exercitum
2221 3581 2456 3688 [regis
2505 3580 2742 3685 Entii]
2798 3581 3152 3688 accessit3
3220 3582 3356 3691 qui
3432 3584 3688 3665 statim

862 3713 1242 3795 transiens
1297 3712 1616 3795 fluvium
1684 3713 1887 3794 Tarii
1941 3723 2518 3795 castrametatus
2583 3725 2697 3795 est
2743 3715 2951 3821 apud
3001 3714 3362 3798 Sanctum
3424 3716 3685 3798 Bran-

862 3847 1222 3928 caxinum
1232 3905 1605 3927 .....
1652 3849 1758 3950 [et
1804 3846 2107 3950 deinde]
2172 3872 2313 3927 sua
2366 3857 2614 3929 castra
2664 3844 2883 3955 juxta
2941 3848 3319 3930 civitatem
3372 3848 3690 3930 Parmae

864 3977 1052 4062 fixit.
1102 3978 1444 4061 chronic.
1483 3982 1574 4059 de
1614 3981 1768 4059 reb.
1815 3978 1895 4059 in
1925 3981 2103 4061 Ital.
2137 3992 2358 4086 qest„
2406 4007 2485 4087 p.
2529 3982 2719 4085 211,
2752 3982 2939 4062 212.

988 4566 1467 4650 Innocentius
1518 4594 1717 4675 papa
1771 4557 2122 4676 episcopo
2166 4566 2497 4650 Ostiensi
2547 4576 2621 4648 et
2675 4565 2922 4648 tribus
2966 4564 3136 4647 aliis
3184 4564 3700 4648 cardinalibus
3818 4581 4044 4691 ἓςῗῶἳςξν

877 4700 974 4782 de
1030 4726 1390 4808 prospero
1450 4726 1801 4783 successu
1860 4726 1999 4784 suo
2056 4711 2321 4782 contra
2374 4698 2841 4782 Fridericum
2901 4699 3296 4808 quondam
3350 4701 3698 4808 impera-
