<?xml version="1.0" encoding="UTF-8"?>
<!DOCTYPE html PUBLIC "-//W3C//DTD XHTML 1.0 Transitional//EN"
    "http://www.w3.org/TR/xhtml1/DTD/xhtml1-transitional.dtd">
<html xmlns="http://www.w3.org/1999/xhtml" xml:lang="en" lang="en">
 <head>
  <title>
</title>
<meta http-equiv="Content-Type" content="text/html;charset=utf-8" />
  <meta name='ocr-system' content='tesseract 3.04.00' />
  <meta name='ocr-capabilities' content='ocr_page ocr_carea ocr_par ocr_line ocrx_word'/>
</head>
<body>
  <div class='ocr_page' id='page_1' title='image "./historiadiploma01empegoog_0235.png"; bbox 0 0 4525 6031; ppageno 0'>
   <div class='ocr_carea' id='block_1_1' title="bbox 687 700 3517 778">
    <p class='ocr_par' dir='ltr' id='par_1_1' title="bbox 687 700 3517 778">
     <span class='ocr_line' id='line_1_1' title="bbox 687 700 3517 778; baseline 0.003 -17"><span class='ocrx_word' id='word_1_1' title='bbox 687 703 894 762; x_wconf 69' lang='lat' dir='ltr'>lumcr.</span> <span class='ocrx_word' id='word_1_2' title='bbox 928 700 1021 778; x_wconf 87' lang='grc'>8.]</span> <span class='ocrx_word' id='word_1_3' title='bbox 1586 700 1982 763; x_wconf 80' lang='lat' dir='ltr'>ms&#39;romA</span> <span class='ocrx_word' id='word_1_4' title='bbox 2028 701 2622 764; x_wconf 74' lang='lat' dir='ltr'>mPLOMATch.</span> <span class='ocrx_word' id='word_1_5' title='bbox 3399 711 3517 771; x_wconf 96' lang='lat'>777</span> 
     </span>
    </p>
   </div>
   <div class='ocr_carea' id='block_1_2' title="bbox 679 835 3521 4886">
    <p class='ocr_par' dir='ltr' id='par_1_2' title="bbox 679 835 3521 2662">
     <span class='ocr_line' id='line_1_2' title="bbox 693 835 3518 932; baseline 0.002 -22"><span class='ocrx_word' id='word_1_6' title='bbox 693 839 869 911; x_wconf 91' lang='lat' dir='ltr'>simo</span> <span class='ocrx_word' id='word_1_7' title='bbox 897 835 1377 909; x_wconf 87' lang='lat' dir='ltr'>ducentesimo</span> <span class='ocrx_word' id='word_1_8' title='bbox 1406 837 1980 930; x_wconf 84' lang='lat' dir='ltr'>quinquagesimo</span> <span class='ocrx_word' id='word_1_9' title='bbox 2009 847 2081 908; x_wconf 90' lang='lat' dir='ltr'>et</span> <span class='ocrx_word' id='word_1_10' title='bbox 2114 837 2459 909; x_wconf 87' lang='lat' dir='ltr'>tricesimo</span> <span class='ocrx_word' id='word_1_11' title='bbox 2488 859 2673 908; x_wconf 90' lang='lat' dir='ltr'>anno</span> <span class='ocrx_word' id='word_1_12' title='bbox 2705 837 2976 932; x_wconf 90' lang='lat' dir='ltr'>imperii</span> <span class='ocrx_word' id='word_1_13' title='bbox 3004 838 3266 911; x_wconf 94' lang='lat' dir='ltr'>domini</span> <span class='ocrx_word' id='word_1_14' title='bbox 3300 844 3518 915; x_wconf 86' lang='lat' dir='ltr'>nostri</span> 
     </span>
     <span class='ocr_line' id='line_1_3' title="bbox 690 960 3510 1056; baseline 0.001 -24"><span class='ocrx_word' id='word_1_15' title='bbox 690 961 1035 1033; x_wconf 88' lang='lat' dir='ltr'>Frederici</span> <span class='ocrx_word' id='word_1_16' title='bbox 1075 960 1201 1031; x_wconf 89' lang='lat' dir='ltr'>Dei</span> <span class='ocrx_word' id='word_1_17' title='bbox 1241 960 1463 1051; x_wconf 79' lang='lat' dir='ltr'>gratia</span> <span class='ocrx_word' id='word_1_18' title='bbox 1497 960 1927 1032; x_wconf 85' lang='lat' dir='ltr'>invictissimi</span> <span class='ocrx_word' id='word_1_19' title='bbox 1953 962 2422 1032; x_wconf 88' lang='lat' dir='ltr'>Romanorum</span> <span class='ocrx_word' id='word_1_20' title='bbox 2451 960 2886 1055; x_wconf 89' lang='lat' dir='ltr'>imperatoris</span> <span class='ocrx_word' id='word_1_21' title='bbox 2908 983 3182 1055; x_wconf 82' lang='lat' dir='ltr'><strong>semper</strong></span> <span class='ocrx_word' id='word_1_22' title='bbox 3209 966 3510 1056; x_wconf 84' lang='lat' dir='ltr'>augusti,</span> 
     </span>
     <span class='ocr_line' id='line_1_4' title="bbox 688 1083 3519 1178; baseline 0.001 -22"><span class='ocrx_word' id='word_1_23' title='bbox 688 1084 1067 1156; x_wconf 81' lang='lat' dir='ltr'><strong>Jerusalem</strong></span> <span class='ocrx_word' id='word_1_24' title='bbox 1100 1094 1170 1155; x_wconf 90' lang='lat' dir='ltr'>et</span> <span class='ocrx_word' id='word_1_25' title='bbox 1200 1083 1426 1154; x_wconf 84' lang='lat' dir='ltr'>Sicilie</span> <span class='ocrx_word' id='word_1_26' title='bbox 1457 1084 1638 1175; x_wconf 80' lang='lat' dir='ltr'>regis</span> <span class='ocrx_word' id='word_1_27' title='bbox 1662 1137 1682 1174; x_wconf 91' lang='lat'>,</span> <span class='ocrx_word' id='word_1_28' title='bbox 1725 1083 1839 1155; x_wconf 91' lang='lat' dir='ltr'>die</span> <span class='ocrx_word' id='word_1_29' title='bbox 1868 1085 2143 1155; x_wconf 88' lang='lat' dir='ltr'>veneris</span> <span class='ocrx_word' id='word_1_30' title='bbox 2170 1085 2395 1178; x_wconf 91' lang='lat' dir='ltr'>primo</span> <span class='ocrx_word' id='word_1_31' title='bbox 2415 1085 2599 1177; x_wconf 87' lang='lat' dir='ltr'>julii,</span> <span class='ocrx_word' id='word_1_32' title='bbox 2652 1095 2895 1156; x_wconf 89' lang='lat' dir='ltr'>octave</span> <span class='ocrx_word' id='word_1_33' title='bbox 2932 1085 3355 1178; x_wconf 85' lang='lat' dir='ltr'>indictionis,</span> <span class='ocrx_word' id='word_1_34' title='bbox 3406 1110 3519 1160; x_wconf 90' lang='lat' dir='ltr'>me</span> 
     </span>
     <span class='ocr_line' id='line_1_5' title="bbox 686 1205 3520 1303; baseline 0.001 -26"><span class='ocrx_word' id='word_1_35' title='bbox 686 1205 1018 1277; x_wconf 77' lang='lat' dir='ltr'>Iacobum</span> <span class='ocrx_word' id='word_1_36' title='bbox 1064 1206 1390 1299; x_wconf 82' lang='lat' dir='ltr'>Capuane</span> <span class='ocrx_word' id='word_1_37' title='bbox 1437 1206 1737 1278; x_wconf 88' lang='lat' dir='ltr'>civitatis</span> <span class='ocrx_word' id='word_1_38' title='bbox 1778 1207 2086 1299; x_wconf 91' lang='lat' dir='ltr'>judicem</span> <span class='ocrx_word' id='word_1_39' title='bbox 2133 1208 2348 1279; x_wconf 82' lang='lat' dir='ltr'>frater</span> <span class='ocrx_word' id='word_1_40' title='bbox 2393 1208 2652 1303; x_wconf 81' lang='lat' dir='ltr'>Symon</span> <span class='ocrx_word' id='word_1_41' title='bbox 2696 1205 3080 1279; x_wconf 88' lang='lat' dir='ltr'>monachus</span> <span class='ocrx_word' id='word_1_42' title='bbox 3119 1211 3520 1282; x_wconf 88' lang='lat' dir='ltr'>monasterii</span> 
     </span>
     <span class='ocr_line' id='line_1_6' title="bbox 687 1328 3521 1424; baseline 0.002 -24"><span class='ocrx_word' id='word_1_43' title='bbox 687 1328 1074 1400; x_wconf 82' lang='lat' dir='ltr'>Casinensis</span> <span class='ocrx_word' id='word_1_44' title='bbox 1123 1351 1250 1423; x_wconf 91' lang='lat' dir='ltr'>pro</span> <span class='ocrx_word' id='word_1_45' title='bbox 1292 1339 1491 1424; x_wconf 89' lang='lat' dir='ltr'>parte</span> <span class='ocrx_word' id='word_1_46' title='bbox 1547 1329 1862 1422; x_wconf 90' lang='lat' dir='ltr'>ejusdem</span> <span class='ocrx_word' id='word_1_47' title='bbox 1907 1340 2295 1402; x_wconf 88' lang='lat' dir='ltr'>conventus</span> <span class='ocrx_word' id='word_1_48' title='bbox 2345 1331 2743 1402; x_wconf 89' lang='lat' dir='ltr'>monasterii</span> <span class='ocrx_word' id='word_1_49' title='bbox 2809 1331 3082 1423; x_wconf 79' lang='lat' dir='ltr'>rogavit</span> <span class='ocrx_word' id='word_1_50' title='bbox 3129 1342 3395 1404; x_wconf 89' lang='lat' dir='ltr'>attente</span> <span class='ocrx_word' id='word_1_51' title='bbox 3442 1344 3521 1405; x_wconf 91' lang='lat' dir='ltr'>ut</span> 
     </span>
     <span class='ocr_line' id='line_1_7' title="bbox 690 1452 3521 1549; baseline 0.002 -27"><span class='ocrx_word' id='word_1_52' title='bbox 690 1452 1035 1545; x_wconf 86' lang='lat' dir='ltr'>quasdam</span> <span class='ocrx_word' id='word_1_53' title='bbox 1089 1454 1482 1548; x_wconf 81' lang='lat' dir='ltr'>imperiales</span> <span class='ocrx_word' id='word_1_54' title='bbox 1529 1453 1792 1524; x_wconf 81' lang='lat' dir='ltr'>litteras</span> <span class='ocrx_word' id='word_1_55' title='bbox 1825 1454 2165 1549; x_wconf 89' lang='lat' dir='ltr'>imperiali</span> <span class='ocrx_word' id='word_1_56' title='bbox 2211 1454 2440 1547; x_wconf 80' lang='lat' dir='ltr'>sigillo</span> <span class='ocrx_word' id='word_1_57' title='bbox 2492 1475 2694 1525; x_wconf 91' lang='lat' dir='ltr'>cereo</span> <span class='ocrx_word' id='word_1_58' title='bbox 2728 1455 3056 1544; x_wconf 77' lang='lat' dir='ltr'>munitaS,</span> <span class='ocrx_word' id='word_1_59' title='bbox 3091 1455 3521 1530; x_wconf 82' lang='lat' dir='ltr'>fratriBene-</span> 
     </span>
     <span class='ocr_line' id='line_1_8' title="bbox 686 1574 3515 1674; baseline 0.002 -28"><span class='ocrx_word' id='word_1_60' title='bbox 686 1574 873 1647; x_wconf 91' lang='lat' dir='ltr'>dicto</span> <span class='ocrx_word' id='word_1_61' title='bbox 935 1578 1363 1670; x_wconf 82' lang='lat' dir='ltr'>procuratori</span> <span class='ocrx_word' id='word_1_62' title='bbox 1414 1578 1759 1649; x_wconf 89' lang='lat' dir='ltr'>bonorum</span> <span class='ocrx_word' id='word_1_63' title='bbox 1805 1578 2157 1671; x_wconf 91' lang='lat' dir='ltr'>quondam</span> <span class='ocrx_word' id='word_1_64' title='bbox 2207 1578 2390 1650; x_wconf 89' lang='lat' dir='ltr'>Petri</span> <span class='ocrx_word' id='word_1_65' title='bbox 2450 1579 2539 1650; x_wconf 92' lang='lat' dir='ltr'>de</span> <span class='ocrx_word' id='word_1_66' title='bbox 2586 1579 2806 1650; x_wconf 86' lang='lat' dir='ltr'>Vinea</span> <span class='ocrx_word' id='word_1_67' title='bbox 2847 1578 3307 1670; x_wconf 39' lang='lat' dir='ltr'>transmissa&amp;</span> <span class='ocrx_word' id='word_1_68' title='bbox 3377 1602 3515 1674; x_wconf 91' lang='lat' dir='ltr'>que</span> 
     </span>
     <span class='ocr_line' id='line_1_9' title="bbox 685 1700 3513 1797; baseline 0.002 -27"><span class='ocrx_word' id='word_1_69' title='bbox 685 1719 902 1793; x_wconf 88' lang='lat' dir='ltr'>penes</span> <span class='ocrx_word' id='word_1_70' title='bbox 931 1700 1158 1795; x_wconf 89' lang='lat' dir='ltr'>ipsum</span> <span class='ocrx_word' id='word_1_71' title='bbox 1203 1701 1489 1773; x_wconf 83' lang='lat' dir='ltr'>fratrem</span> <span class='ocrx_word' id='word_1_72' title='bbox 1514 1702 1968 1773; x_wconf 90' lang='lat' dir='ltr'>Benedictum</span> <span class='ocrx_word' id='word_1_73' title='bbox 2004 1722 2366 1774; x_wconf 90' lang='lat' dir='ltr'>remanere</span> <span class='ocrx_word' id='word_1_74' title='bbox 2398 1702 2776 1790; x_wconf 91' lang='lat' dir='ltr'>debebant,</span> <span class='ocrx_word' id='word_1_75' title='bbox 2814 1701 2908 1773; x_wconf 91' lang='lat' dir='ltr'>ad</span> <span class='ocrx_word' id='word_1_76' title='bbox 2938 1724 3114 1797; x_wconf 92' lang='lat' dir='ltr'>opus</span> <span class='ocrx_word' id='word_1_77' title='bbox 3149 1712 3220 1773; x_wconf 91' lang='lat' dir='ltr'>et</span> <span class='ocrx_word' id='word_1_78' title='bbox 3251 1702 3513 1776; x_wconf 89' lang='lat' dir='ltr'>utilita-</span> 
     </span>
     <span class='ocr_line' id='line_1_10' title="bbox 687 1825 3515 1920; baseline 0.003 -28"><span class='ocrx_word' id='word_1_79' title='bbox 687 1830 826 1892; x_wconf 85' lang='lat' dir='ltr'>tem</span> <span class='ocrx_word' id='word_1_80' title='bbox 863 1826 1030 1899; x_wconf 91' lang='lat' dir='ltr'>dicti</span> <span class='ocrx_word' id='word_1_81' title='bbox 1072 1836 1462 1897; x_wconf 89' lang='lat' dir='ltr'>conventus</span> <span class='ocrx_word' id='word_1_82' title='bbox 1494 1846 1620 1920; x_wconf 91' lang='lat' dir='ltr'>per</span> <span class='ocrx_word' id='word_1_83' title='bbox 1651 1847 1899 1896; x_wconf 90' lang='lat' dir='ltr'>manus</span> <span class='ocrx_word' id='word_1_84' title='bbox 1907 1878 2415 1897; x_wconf 92' lang='grc'><strong>.......</strong></span> <span class='ocrx_word' id='word_1_85' title='bbox 2469 1825 2805 1898; x_wconf 76' lang='lat' dir='ltr'>Iohannis</span> <span class='ocrx_word' id='word_1_86' title='bbox 2837 1828 3087 1898; x_wconf 89' lang='lat' dir='ltr'>notarii</span> <span class='ocrx_word' id='word_1_87' title='bbox 3132 1825 3204 1896; x_wconf 93' lang='lat' dir='ltr'>in</span> <span class='ocrx_word' id='word_1_88' title='bbox 3236 1828 3515 1920; x_wconf 86' lang='lat' dir='ltr'>publica</span> 
     </span>
     <span class='ocr_line' id='line_1_11' title="bbox 683 1949 3513 2044; baseline -0.001 -17"><span class='ocrx_word' id='word_1_89' title='bbox 683 1956 988 2027; x_wconf 83' lang='lat' dir='ltr'>facerem</span> <span class='ocrx_word' id='word_1_90' title='bbox 1026 1952 1443 2023; x_wconf 90' lang='lat' dir='ltr'>documenta</span> <span class='ocrx_word' id='word_1_91' title='bbox 1467 1949 1847 2020; x_wconf 83' lang='lat' dir='ltr'>transferri.</span> <span class='ocrx_word' id='word_1_92' title='bbox 1883 1949 2094 2041; x_wconf 92' lang='lat' dir='ltr'>Cujus</span> <span class='ocrx_word' id='word_1_93' title='bbox 2122 1969 2365 2044; x_wconf 85' lang='lat' dir='ltr'>preces</span> <span class='ocrx_word' id='word_1_94' title='bbox 2383 1958 2625 2042; x_wconf 91' lang='lat' dir='ltr'>utpote</span> <span class='ocrx_word' id='word_1_95' title='bbox 2637 1951 2860 2040; x_wconf 87' lang='lat' dir='ltr'>justas</span> <span class='ocrx_word' id='word_1_96' title='bbox 2878 1951 3357 2044; x_wconf 88' lang='lat' dir='ltr'>admittentes,</span> <span class='ocrx_word' id='word_1_97' title='bbox 3383 1968 3513 2044; x_wconf 81' lang='lat' dir='ltr'>ego</span> 
     </span>
     <span class='ocr_line' id='line_1_12' title="bbox 683 2071 3515 2173; baseline -0.001 -24"><span class='ocrx_word' id='word_1_98' title='bbox 683 2076 1037 2173; x_wconf 86' lang='lat' dir='ltr'>predictus</span> <span class='ocrx_word' id='word_1_99' title='bbox 1093 2073 1318 2165; x_wconf 79' lang='lat' dir='ltr'>judex</span> <span class='ocrx_word' id='word_1_100' title='bbox 1359 2072 1628 2144; x_wconf 84' lang='lat' dir='ltr'>litteras</span> <span class='ocrx_word' id='word_1_101' title='bbox 1663 2072 1847 2167; x_wconf 90' lang='lat' dir='ltr'>ipsas</span> <span class='ocrx_word' id='word_1_102' title='bbox 1895 2072 2062 2143; x_wconf 91' lang='lat' dir='ltr'>mihi</span> <span class='ocrx_word' id='word_1_103' title='bbox 2113 2082 2184 2143; x_wconf 90' lang='lat' dir='ltr'>et</span> <span class='ocrx_word' id='word_1_104' title='bbox 2220 2073 2535 2167; x_wconf 90' lang='lat' dir='ltr'>predicto</span> <span class='ocrx_word' id='word_1_105' title='bbox 2564 2071 2862 2145; x_wconf 81' lang='lat' dir='ltr'>Iohanni</span> <span class='ocrx_word' id='word_1_106' title='bbox 2892 2076 3166 2148; x_wconf 91' lang='lat' dir='ltr'>notario</span> <span class='ocrx_word' id='word_1_107' title='bbox 3198 2098 3326 2171; x_wconf 89' lang='lat' dir='ltr'>per</span> <span class='ocrx_word' id='word_1_108' title='bbox 3360 2097 3515 2172; x_wconf 88' lang='lat' dir='ltr'>pre-</span> 
     </span>
     <span class='ocr_line' id='line_1_13' title="bbox 682 2195 3514 2290; baseline 0.001 -18"><span class='ocrx_word' id='word_1_109' title='bbox 682 2201 900 2272; x_wconf 83' lang='lat' dir='ltr'>fatum</span> <span class='ocrx_word' id='word_1_110' title='bbox 943 2199 1227 2269; x_wconf 82' lang='lat' dir='ltr'>fratrem</span> <span class='ocrx_word' id='word_1_111' title='bbox 1275 2195 1727 2267; x_wconf 88' lang='lat' dir='ltr'>Benedictum</span> <span class='ocrx_word' id='word_1_112' title='bbox 1770 2205 2237 2290; x_wconf 88' lang='lat' dir='ltr'>presentatas,</span> <span class='ocrx_word' id='word_1_113' title='bbox 2279 2196 2719 2290; x_wconf 88' lang='lat' dir='ltr'>presentibus</span> <span class='ocrx_word' id='word_1_114' title='bbox 2756 2205 2826 2267; x_wconf 92' lang='lat' dir='ltr'>et</span> <span class='ocrx_word' id='word_1_115' title='bbox 2859 2196 2951 2268; x_wconf 90' lang='lat' dir='ltr'>ad</span> <span class='ocrx_word' id='word_1_116' title='bbox 2979 2197 3113 2270; x_wconf 90' lang='lat' dir='ltr'>hoc</span> <span class='ocrx_word' id='word_1_117' title='bbox 3139 2201 3406 2272; x_wconf 85' lang='lat' dir='ltr'>vocatis</span> <span class='ocrx_word' id='word_1_118' title='bbox 3441 2214 3514 2274; x_wconf 90' lang='lat' dir='ltr'>et</span> 
     </span>
     <span class='ocr_line' id='line_1_14' title="bbox 680 2318 3511 2415; baseline 0.001 -21"><span class='ocrx_word' id='word_1_119' title='bbox 680 2323 938 2415; x_wconf 82' lang='lat' dir='ltr'>rogatis</span> <span class='ocrx_word' id='word_1_120' title='bbox 982 2321 1273 2393; x_wconf 86' lang='lat' dir='ltr'>testibus</span> <span class='ocrx_word' id='word_1_121' title='bbox 1336 2319 1606 2391; x_wconf 89' lang='lat' dir='ltr'>notario</span> <span class='ocrx_word' id='word_1_122' title='bbox 1656 2319 2006 2391; x_wconf 90' lang='lat' dir='ltr'>Gualterio</span> <span class='ocrx_word' id='word_1_123' title='bbox 2060 2318 2400 2406; x_wconf 91' lang='lat' dir='ltr'>Bonucio,</span> <span class='ocrx_word' id='word_1_124' title='bbox 2458 2320 2729 2390; x_wconf 87' lang='lat' dir='ltr'>notario</span> <span class='ocrx_word' id='word_1_125' title='bbox 2783 2320 3076 2392; x_wconf 89' lang='lat' dir='ltr'>Patricio</span> <span class='ocrx_word' id='word_1_126' title='bbox 3125 2335 3197 2394; x_wconf 90' lang='lat' dir='ltr'>et</span> <span class='ocrx_word' id='word_1_127' title='bbox 3239 2325 3511 2398; x_wconf 86' lang='lat' dir='ltr'>notario</span> 
     </span>
     <span class='ocr_line' id='line_1_15' title="bbox 679 2442 3510 2541; baseline 0 -22"><span class='ocrx_word' id='word_1_128' title='bbox 679 2446 938 2519; x_wconf 76' lang='lat' dir='ltr'>Iacobo</span> <span class='ocrx_word' id='word_1_129' title='bbox 983 2443 1451 2533; x_wconf 90' lang='lat' dir='ltr'>Guadelandi,</span> <span class='ocrx_word' id='word_1_130' title='bbox 1507 2442 1651 2515; x_wconf 87' lang='lat' dir='ltr'>vidi</span> <span class='ocrx_word' id='word_1_131' title='bbox 1697 2451 1768 2513; x_wconf 90' lang='lat' dir='ltr'>et</span> <span class='ocrx_word' id='word_1_132' title='bbox 1804 2442 1941 2534; x_wconf 83' lang='lat' dir='ltr'>legi</span> <span class='ocrx_word' id='word_1_133' title='bbox 1974 2451 2045 2513; x_wconf 91' lang='lat' dir='ltr'>et</span> <span class='ocrx_word' id='word_1_134' title='bbox 2075 2442 2261 2537; x_wconf 90' lang='lat' dir='ltr'>ipsas</span> <span class='ocrx_word' id='word_1_135' title='bbox 2300 2463 2391 2512; x_wconf 81' lang='lat' dir='ltr'>ex</span> <span class='ocrx_word' id='word_1_136' title='bbox 2422 2443 2610 2513; x_wconf 92' lang='lat' dir='ltr'>omni</span> <span class='ocrx_word' id='word_1_137' title='bbox 2645 2453 2842 2538; x_wconf 89' lang='lat' dir='ltr'>parte</span> <span class='ocrx_word' id='word_1_138' title='bbox 2884 2446 3121 2516; x_wconf 87' lang='lat' dir='ltr'>notavi</span> <span class='ocrx_word' id='word_1_139' title='bbox 3167 2449 3510 2541; x_wconf 82' lang='lat' dir='ltr'>perfectas</span> 
     </span>
     <span class='ocr_line' id='line_1_16' title="bbox 687 2565 3500 2662; baseline 0 -20"><span class='ocrx_word' id='word_1_140' title='bbox 687 2580 757 2642; x_wconf 90' lang='lat' dir='ltr'>et</span> <span class='ocrx_word' id='word_1_141' title='bbox 794 2569 985 2642; x_wconf 92' lang='lat' dir='ltr'>omni</span> <span class='ocrx_word' id='word_1_142' title='bbox 1006 2568 1178 2640; x_wconf 89' lang='lat' dir='ltr'>vitio</span> <span class='ocrx_word' id='word_1_143' title='bbox 1218 2577 1289 2638; x_wconf 91' lang='lat' dir='ltr'>et</span> <span class='ocrx_word' id='word_1_144' title='bbox 1325 2566 1716 2662; x_wconf 89' lang='lat' dir='ltr'>suspicione</span> <span class='ocrx_word' id='word_1_145' title='bbox 1749 2565 2106 2637; x_wconf 87' lang='lat' dir='ltr'>carebant.</span> <span class='ocrx_word' id='word_1_146' title='bbox 2140 2566 2450 2650; x_wconf 89' lang='lat' dir='ltr'>Quarum</span> <span class='ocrx_word' id='word_1_147' title='bbox 2490 2574 2689 2636; x_wconf 88' lang='lat' dir='ltr'>tenor</span> <span class='ocrx_word' id='word_1_148' title='bbox 2720 2588 2847 2661; x_wconf 92' lang='lat' dir='ltr'>per</span> <span class='ocrx_word' id='word_1_149' title='bbox 2881 2568 3113 2638; x_wconf 94' lang='lat' dir='ltr'>omnia</span> <span class='ocrx_word' id='word_1_150' title='bbox 3147 2569 3301 2640; x_wconf 91' lang='lat' dir='ltr'>talis</span> <span class='ocrx_word' id='word_1_151' title='bbox 3334 2580 3440 2642; x_wconf 90' lang='lat' dir='ltr'>est</span> <span class='ocrx_word' id='word_1_152' title='bbox 3483 2601 3500 2642; x_wconf 89' lang='lat'><strong>:</strong></span> 
     </span>
    </p>

    <p class='ocr_par' dir='ltr' id='par_1_3' title="bbox 679 2688 3508 4886">
     <span class='ocr_line' id='line_1_17' title="bbox 780 2688 3508 2784; baseline 0.001 -21"><span class='ocrx_word' id='word_1_153' title='bbox 780 2692 1187 2764; x_wconf 88' lang='lat' dir='ltr'>Fredericus</span> <span class='ocrx_word' id='word_1_154' title='bbox 1218 2690 1345 2762; x_wconf 92' lang='lat' dir='ltr'>Dei</span> <span class='ocrx_word' id='word_1_155' title='bbox 1381 2690 1603 2782; x_wconf 81' lang='lat' dir='ltr'>gratia</span> <span class='ocrx_word' id='word_1_156' title='bbox 1632 2690 2101 2762; x_wconf 84' lang='lat' dir='ltr'>Romanorum</span> <span class='ocrx_word' id='word_1_157' title='bbox 2129 2688 2506 2783; x_wconf 88' lang='lat' dir='ltr'>imperator</span> <span class='ocrx_word' id='word_1_158' title='bbox 2527 2710 2803 2784; x_wconf 90' lang='lat' dir='ltr'>semper</span> <span class='ocrx_word' id='word_1_159' title='bbox 2834 2700 3194 2782; x_wconf 81' lang='lat' dir='ltr'>augustus,</span> <span class='ocrx_word' id='word_1_160' title='bbox 3230 2694 3508 2765; x_wconf 87' lang='lat' dir='ltr'>Jerusa-</span> 
     </span>
     <span class='ocr_line' id='line_1_18' title="bbox 682 2812 3504 2907; baseline 0.001 -20"><span class='ocrx_word' id='word_1_161' title='bbox 682 2816 818 2887; x_wconf 89' lang='lat' dir='ltr'>lem</span> <span class='ocrx_word' id='word_1_162' title='bbox 853 2826 925 2887; x_wconf 90' lang='lat' dir='ltr'>et</span> <span class='ocrx_word' id='word_1_163' title='bbox 951 2815 1180 2886; x_wconf 89' lang='lat' dir='ltr'>Sicilie</span> <span class='ocrx_word' id='word_1_164' title='bbox 1211 2835 1366 2905; x_wconf 70' lang='lat' dir='ltr'>reX,</span> <span class='ocrx_word' id='word_1_165' title='bbox 1406 2813 1601 2884; x_wconf 82' lang='lat' dir='ltr'>fratri</span> <span class='ocrx_word' id='word_1_166' title='bbox 1628 2813 2003 2885; x_wconf 90' lang='lat' dir='ltr'>Benedicto</span> <span class='ocrx_word' id='word_1_167' title='bbox 2031 2813 2462 2907; x_wconf 88' lang='lat' dir='ltr'>procuratori</span> <span class='ocrx_word' id='word_1_168' title='bbox 2477 2812 2821 2883; x_wconf 93' lang='lat' dir='ltr'>bonorum</span> <span class='ocrx_word' id='word_1_169' title='bbox 2847 2814 3200 2905; x_wconf 90' lang='lat' dir='ltr'>quondam</span> <span class='ocrx_word' id='word_1_170' title='bbox 3220 2817 3400 2889; x_wconf 88' lang='lat' dir='ltr'>Petri</span> <span class='ocrx_word' id='word_1_171' title='bbox 3416 2818 3504 2890; x_wconf 91' lang='lat' dir='ltr'>de</span> 
     </span>
     <span class='ocr_line' id='line_1_19' title="bbox 681 2936 3503 3037; baseline 0.001 -26"><span class='ocrx_word' id='word_1_172' title='bbox 681 2940 897 3011; x_wconf 86' lang='lat' dir='ltr'>Vinea</span> <span class='ocrx_word' id='word_1_173' title='bbox 930 2938 1331 3034; x_wconf 79' lang='lat' dir='ltr'>proditoriS,</span> <span class='ocrx_word' id='word_1_174' title='bbox 1368 2937 1559 3009; x_wconf 90' lang='lat' dir='ltr'>fideli</span> <span class='ocrx_word' id='word_1_175' title='bbox 1592 2959 1746 3026; x_wconf 91' lang='lat' dir='ltr'>suo,</span> <span class='ocrx_word' id='word_1_176' title='bbox 1776 2937 2068 3029; x_wconf 79' lang='lat' dir='ltr'>gratiam</span> <span class='ocrx_word' id='word_1_177' title='bbox 2087 2958 2284 3008; x_wconf 91' lang='lat' dir='ltr'>suam</span> <span class='ocrx_word' id='word_1_178' title='bbox 2306 2946 2377 3007; x_wconf 90' lang='lat' dir='ltr'>et</span> <span class='ocrx_word' id='word_1_179' title='bbox 2397 2936 2654 3008; x_wconf 92' lang='lat' dir='ltr'>bonam</span> <span class='ocrx_word' id='word_1_180' title='bbox 2674 2938 3128 3010; x_wconf 85' lang='lat' dir='ltr'>voluntatem.</span> <span class='ocrx_word' id='word_1_181' title='bbox 3151 2940 3283 3012; x_wconf 92' lang='lat' dir='ltr'>Pro</span> <span class='ocrx_word' id='word_1_182' title='bbox 3307 2951 3503 3037; x_wconf 89' lang='lat' dir='ltr'>parte</span> 
     </span>
     <span class='ocr_line' id='line_1_20' title="bbox 681 3061 3500 3137; baseline 0 -1"><span class='ocrx_word' id='word_1_183' title='bbox 681 3064 1101 3136; x_wconf 88' lang='lat' dir='ltr'>venerabilis</span> <span class='ocrx_word' id='word_1_184' title='bbox 1144 3072 1532 3135; x_wconf 87' lang='lat' dir='ltr'>conventus</span> <span class='ocrx_word' id='word_1_185' title='bbox 1580 3062 1980 3134; x_wconf 90' lang='lat' dir='ltr'>monasterii</span> <span class='ocrx_word' id='word_1_186' title='bbox 2010 3062 2398 3134; x_wconf 88' lang='lat' dir='ltr'>Casinensis</span> <span class='ocrx_word' id='word_1_187' title='bbox 2438 3072 2833 3134; x_wconf 90' lang='lat' dir='ltr'>nostrorum</span> <span class='ocrx_word' id='word_1_188' title='bbox 2862 3061 3173 3135; x_wconf 89' lang='lat' dir='ltr'>fidelium</span> <span class='ocrx_word' id='word_1_189' title='bbox 3207 3065 3337 3136; x_wconf 77' lang='lat' dir='ltr'>fuit</span> <span class='ocrx_word' id='word_1_190' title='bbox 3366 3088 3500 3137; x_wconf 91' lang='lat' dir='ltr'>nu-</span> 
     </span>
     <span class='ocr_line' id='line_1_21' title="bbox 682 3186 3502 3284; baseline 0.001 -25"><span class='ocrx_word' id='word_1_191' title='bbox 682 3210 809 3284; x_wconf 91' lang='lat' dir='ltr'>per</span> <span class='ocrx_word' id='word_1_192' title='bbox 840 3188 1234 3283; x_wconf 83' lang='lat' dir='ltr'>expositum</span> <span class='ocrx_word' id='word_1_193' title='bbox 1264 3208 1496 3258; x_wconf 89' lang='lat' dir='ltr'>coram</span> <span class='ocrx_word' id='word_1_194' title='bbox 1525 3186 1726 3258; x_wconf 93' lang='lat' dir='ltr'>nobis</span> <span class='ocrx_word' id='word_1_195' title='bbox 1747 3186 1933 3279; x_wconf 90' lang='lat' dir='ltr'>quod</span> <span class='ocrx_word' id='word_1_196' title='bbox 1964 3208 2122 3258; x_wconf 91' lang='lat' dir='ltr'>cum</span> <span class='ocrx_word' id='word_1_197' title='bbox 2157 3188 2249 3259; x_wconf 93' lang='lat' dir='ltr'>ad</span> <span class='ocrx_word' id='word_1_198' title='bbox 2282 3187 2856 3282; x_wconf 88' lang='lat' dir='ltr'>supplicationem</span> <span class='ocrx_word' id='word_1_199' title='bbox 2880 3188 3209 3260; x_wconf 89' lang='lat' dir='ltr'>Gualterii</span> <span class='ocrx_word' id='word_1_200' title='bbox 3233 3190 3502 3262; x_wconf 87' lang='lat' dir='ltr'>comitis</span> 
     </span>
     <span class='ocr_line' id='line_1_22' title="bbox 682 3309 3501 3407; baseline 0 -22"><span class='ocrx_word' id='word_1_201' title='bbox 682 3311 1132 3407; x_wconf 85' lang='lat' dir='ltr'>Manuppelli,</span> <span class='ocrx_word' id='word_1_202' title='bbox 1184 3311 1419 3383; x_wconf 90' lang='lat' dir='ltr'>dilecti</span> <span class='ocrx_word' id='word_1_203' title='bbox 1454 3309 1681 3382; x_wconf 90' lang='lat' dir='ltr'>fidelis</span> <span class='ocrx_word' id='word_1_204' title='bbox 1712 3311 1965 3400; x_wconf 86' lang='lat' dir='ltr'>nostri,</span> <span class='ocrx_word' id='word_1_205' title='bbox 1998 3310 2286 3383; x_wconf 91' lang='lat' dir='ltr'>Nicolao</span> <span class='ocrx_word' id='word_1_206' title='bbox 2328 3312 2580 3383; x_wconf 82' lang='lat' dir='ltr'>Rufulo</span> <span class='ocrx_word' id='word_1_207' title='bbox 2614 3311 2881 3383; x_wconf 91' lang='lat' dir='ltr'>dudum</span> <span class='ocrx_word' id='word_1_208' title='bbox 2906 3313 3236 3404; x_wconf 79' lang='lat' dir='ltr'>magistro</span> <span class='ocrx_word' id='word_1_209' title='bbox 3270 3335 3501 3386; x_wconf 89' lang='lat' dir='ltr'>came-</span> 
     </span>
     <span class='ocr_line' id='line_1_23' title="bbox 686 3433 3505 3529; baseline 0.001 -24"><span class='ocrx_word' id='word_1_210' title='bbox 686 3433 866 3506; x_wconf 92' lang='lat' dir='ltr'>rario</span> <span class='ocrx_word' id='word_1_211' title='bbox 910 3433 1341 3529; x_wconf 89' lang='lat' dir='ltr'>Principatus</span> <span class='ocrx_word' id='word_1_212' title='bbox 1386 3443 1458 3505; x_wconf 90' lang='lat' dir='ltr'>et</span> <span class='ocrx_word' id='word_1_213' title='bbox 1488 3435 1696 3504; x_wconf 88' lang='lat' dir='ltr'>Terre</span> <span class='ocrx_word' id='word_1_214' title='bbox 1741 3433 2027 3504; x_wconf 86' lang='lat' dir='ltr'>Laboris</span> <span class='ocrx_word' id='word_1_215' title='bbox 2075 3434 2203 3505; x_wconf 81' lang='lat' dir='ltr'>suit</span> <span class='ocrx_word' id='word_1_216' title='bbox 2238 3454 2366 3529; x_wconf 91' lang='lat' dir='ltr'>per</span> <span class='ocrx_word' id='word_1_217' title='bbox 2396 3434 2663 3506; x_wconf 89' lang='lat' dir='ltr'>litteras</span> <span class='ocrx_word' id='word_1_218' title='bbox 2692 3444 2966 3506; x_wconf 91' lang='lat' dir='ltr'>nostras</span> <span class='ocrx_word' id='word_1_219' title='bbox 2997 3434 3382 3528; x_wconf 86' lang='lat' dir='ltr'>injunctum</span> <span class='ocrx_word' id='word_1_220' title='bbox 3424 3446 3505 3508; x_wconf 89' lang='lat' dir='ltr'>ut</span> 
     </span>
     <span class='ocr_line' id='line_1_24' title="bbox 685 3556 3503 3652; baseline 0.002 -24"><span class='ocrx_word' id='word_1_221' title='bbox 685 3558 1262 3652; x_wconf 89' lang='lat' dir='ltr'>permutationem</span> <span class='ocrx_word' id='word_1_222' title='bbox 1313 3556 1676 3649; x_wconf 91' lang='lat' dir='ltr'>cujusdam</span> <span class='ocrx_word' id='word_1_223' title='bbox 1729 3557 1978 3628; x_wconf 91' lang='lat' dir='ltr'>domus</span> <span class='ocrx_word' id='word_1_224' title='bbox 2027 3557 2243 3651; x_wconf 89' lang='lat' dir='ltr'>ipsius</span> <span class='ocrx_word' id='word_1_225' title='bbox 2290 3558 2562 3630; x_wconf 90' lang='lat' dir='ltr'>comitis</span> <span class='ocrx_word' id='word_1_226' title='bbox 2594 3558 2724 3629; x_wconf 91' lang='lat' dir='ltr'>site</span> <span class='ocrx_word' id='word_1_227' title='bbox 2757 3558 2830 3629; x_wconf 93' lang='lat' dir='ltr'>in</span> <span class='ocrx_word' id='word_1_228' title='bbox 2861 3560 3114 3651; x_wconf 88' lang='lat' dir='ltr'>Sancto</span> <span class='ocrx_word' id='word_1_229' title='bbox 3159 3560 3503 3633; x_wconf 90' lang='lat' dir='ltr'>Germano</span> 
     </span>
     <span class='ocr_line' id='line_1_25' title="bbox 685 3680 3504 3777; baseline 0.001 -25"><span class='ocrx_word' id='word_1_230' title='bbox 685 3682 935 3754; x_wconf 82' lang='lat' dir='ltr'>factam</span> <span class='ocrx_word' id='word_1_231' title='bbox 969 3703 1129 3754; x_wconf 90' lang='lat' dir='ltr'>cum</span> <span class='ocrx_word' id='word_1_232' title='bbox 1157 3681 1460 3776; x_wconf 89' lang='lat' dir='ltr'>quadam</span> <span class='ocrx_word' id='word_1_233' title='bbox 1488 3680 1673 3775; x_wconf 89' lang='lat' dir='ltr'>petia</span> <span class='ocrx_word' id='word_1_234' title='bbox 1707 3689 1885 3751; x_wconf 90' lang='lat' dir='ltr'>terre</span> <span class='ocrx_word' id='word_1_235' title='bbox 1918 3680 2050 3751; x_wconf 90' lang='lat' dir='ltr'>sita</span> <span class='ocrx_word' id='word_1_236' title='bbox 2082 3680 2154 3750; x_wconf 92' lang='lat' dir='ltr'>in</span> <span class='ocrx_word' id='word_1_237' title='bbox 2192 3681 2627 3775; x_wconf 88' lang='lat' dir='ltr'>pertinentiis</span> <span class='ocrx_word' id='word_1_238' title='bbox 2659 3682 2889 3777; x_wconf 92' lang='lat' dir='ltr'>Capue</span> <span class='ocrx_word' id='word_1_239' title='bbox 2918 3683 2991 3752; x_wconf 92' lang='lat' dir='ltr'>in</span> <span class='ocrx_word' id='word_1_240' title='bbox 3020 3684 3172 3754; x_wconf 93' lang='lat' dir='ltr'>loco</span> <span class='ocrx_word' id='word_1_241' title='bbox 3193 3684 3310 3777; x_wconf 89' lang='lat' dir='ltr'>qui</span> <span class='ocrx_word' id='word_1_242' title='bbox 3336 3682 3504 3756; x_wconf 92' lang='lat' dir='ltr'>dici-</span> 
     </span>
     <span class='ocr_line' id='line_1_26' title="bbox 687 3796 3503 3899; baseline 0 -22"><span class='ocrx_word' id='word_1_243' title='bbox 687 3816 800 3877; x_wconf 89' lang='lat' dir='ltr'>tur</span> <span class='ocrx_word' id='word_1_244' title='bbox 845 3807 1137 3878; x_wconf 85' lang='lat' dir='ltr'>Sanctus</span> <span class='ocrx_word' id='word_1_245' title='bbox 1195 3804 1594 3877; x_wconf 88' lang='lat' dir='ltr'>Pancratius</span> <span class='ocrx_word' id='word_1_246' title='bbox 1617 3796 1669 3895; x_wconf 60' lang='lat'>,‘</span> <span class='ocrx_word' id='word_1_247' title='bbox 1705 3824 1914 3896; x_wconf 89' lang='lat' dir='ltr'>quam</span> <span class='ocrx_word' id='word_1_248' title='bbox 1975 3803 2470 3875; x_wconf 88' lang='lat' dir='ltr'>monasterium</span> <span class='ocrx_word' id='word_1_249' title='bbox 2526 3804 2752 3899; x_wconf 88' lang='lat' dir='ltr'>ipsum</span> <span class='ocrx_word' id='word_1_250' title='bbox 2814 3805 3126 3898; x_wconf 88' lang='lat' dir='ltr'>predicto</span> <span class='ocrx_word' id='word_1_251' title='bbox 3170 3806 3503 3898; x_wconf 90' lang='lat' dir='ltr'>proditori</span> 
     </span>
     <span class='ocr_line' id='line_1_27' title="bbox 679 3927 3504 4021; baseline -0.001 -19"><span class='ocrx_word' id='word_1_252' title='bbox 679 3940 922 4003; x_wconf 90' lang='lat' dir='ltr'>nostro</span> <span class='ocrx_word' id='word_1_253' title='bbox 970 3937 1446 4019; x_wconf 86' lang='lat' dir='ltr'>concesserat,</span> <span class='ocrx_word' id='word_1_254' title='bbox 1498 3949 1830 4000; x_wconf 85' lang='lat' dir='ltr'>revocare</span> <span class='ocrx_word' id='word_1_255' title='bbox 1866 3928 2185 4017; x_wconf 81' lang='lat' dir='ltr'>deberet,</span> <span class='ocrx_word' id='word_1_256' title='bbox 2229 3948 2314 3999; x_wconf 91' lang='lat' dir='ltr'>ac</span> <span class='ocrx_word' id='word_1_257' title='bbox 2351 3928 2537 3999; x_wconf 92' lang='lat' dir='ltr'>idem</span> <span class='ocrx_word' id='word_1_258' title='bbox 2565 3927 2890 3999; x_wconf 89' lang='lat' dir='ltr'>Nicolaus</span> <span class='ocrx_word' id='word_1_259' title='bbox 2930 3927 3115 3998; x_wconf 85' lang='lat' dir='ltr'>dicta</span> <span class='ocrx_word' id='word_1_260' title='bbox 3152 3939 3504 4021; x_wconf 89' lang='lat' dir='ltr'>permuta-</span> 
     </span>
     <span class='ocr_line' id='line_1_28' title="bbox 687 4049 3503 4146; baseline -0 -22"><span class='ocrx_word' id='word_1_261' title='bbox 687 4052 874 4124; x_wconf 82' lang='lat' dir='ltr'>tione</span> <span class='ocrx_word' id='word_1_262' title='bbox 906 4052 1193 4124; x_wconf 90' lang='lat' dir='ltr'>rescissa</span> <span class='ocrx_word' id='word_1_263' title='bbox 1225 4050 1630 4123; x_wconf 86' lang='lat' dir='ltr'>mandatum</span> <span class='ocrx_word' id='word_1_264' title='bbox 1663 4061 1977 4123; x_wconf 91' lang='lat' dir='ltr'>nostrum</span> <span class='ocrx_word' id='word_1_265' title='bbox 2011 4073 2220 4146; x_wconf 87' lang='lat' dir='ltr'>super</span> <span class='ocrx_word' id='word_1_266' title='bbox 2262 4050 2399 4123; x_wconf 91' lang='lat' dir='ltr'>hoc</span> <span class='ocrx_word' id='word_1_267' title='bbox 2436 4050 2807 4122; x_wconf 87' lang='lat' dir='ltr'>efficaciter</span> <span class='ocrx_word' id='word_1_268' title='bbox 2838 4049 2967 4120; x_wconf 84' lang='lat' dir='ltr'>fuit</span> <span class='ocrx_word' id='word_1_269' title='bbox 3008 4061 3374 4138; x_wconf 76' lang='lat' dir='ltr'>executuS,</span> <span class='ocrx_word' id='word_1_270' title='bbox 3431 4062 3503 4123; x_wconf 91' lang='lat' dir='ltr'>et</span> 
     </span>
     <span class='ocr_line' id='line_1_29' title="bbox 684 4173 3502 4270; baseline -0.001 -22"><span class='ocrx_word' id='word_1_271' title='bbox 684 4174 896 4248; x_wconf 91' lang='lat' dir='ltr'>domo</span> <span class='ocrx_word' id='word_1_272' title='bbox 949 4176 1099 4270; x_wconf 91' lang='lat' dir='ltr'>ipsa</span> <span class='ocrx_word' id='word_1_273' title='bbox 1153 4175 1422 4270; x_wconf 83' lang='lat' dir='ltr'>prefato</span> <span class='ocrx_word' id='word_1_274' title='bbox 1460 4174 1695 4247; x_wconf 87' lang='lat' dir='ltr'>comiti</span> <span class='ocrx_word' id='word_1_275' title='bbox 1728 4186 1800 4246; x_wconf 87' lang='lat' dir='ltr'>et</span> <span class='ocrx_word' id='word_1_276' title='bbox 1839 4174 2149 4269; x_wconf 87' lang='lat' dir='ltr'>predicta</span> <span class='ocrx_word' id='word_1_277' title='bbox 2189 4173 2377 4268; x_wconf 90' lang='lat' dir='ltr'>petia</span> <span class='ocrx_word' id='word_1_278' title='bbox 2419 4184 2599 4243; x_wconf 87' lang='lat' dir='ltr'>terre</span> <span class='ocrx_word' id='word_1_279' title='bbox 2653 4181 3035 4243; x_wconf 90' lang='lat' dir='ltr'>memorato</span> <span class='ocrx_word' id='word_1_280' title='bbox 3084 4173 3502 4246; x_wconf 89' lang='lat' dir='ltr'>monasterio</span> 
     </span>
     <span class='ocr_line' id='line_1_30' title="bbox 685 4294 3493 4393; baseline -0.001 -24"><span class='ocrx_word' id='word_1_281' title='bbox 685 4297 1050 4390; x_wconf 82' lang='lat' dir='ltr'>resignatis</span> <span class='ocrx_word' id='word_1_282' title='bbox 1073 4351 1094 4388; x_wconf 90' lang='lat'>‚</span> <span class='ocrx_word' id='word_1_283' title='bbox 1123 4308 1330 4393; x_wconf 89' lang='lat' dir='ltr'>prout</span> <span class='ocrx_word' id='word_1_284' title='bbox 1353 4298 1427 4369; x_wconf 91' lang='lat' dir='ltr'>in</span> <span class='ocrx_word' id='word_1_285' title='bbox 1454 4298 1914 4370; x_wconf 90' lang='lat' dir='ltr'>instrumento</span> <span class='ocrx_word' id='word_1_286' title='bbox 1943 4298 2107 4369; x_wconf 91' lang='lat' dir='ltr'>inde</span> <span class='ocrx_word' id='word_1_287' title='bbox 2135 4295 2452 4368; x_wconf 84' lang='lat' dir='ltr'>confecto</span> <span class='ocrx_word' id='word_1_288' title='bbox 2480 4294 2753 4389; x_wconf 87' lang='lat' dir='ltr'>plenius</span> <span class='ocrx_word' id='word_1_289' title='bbox 2776 4306 3094 4367; x_wconf 88' lang='lat' dir='ltr'>asserunt</span> <span class='ocrx_word' id='word_1_290' title='bbox 3118 4296 3493 4388; x_wconf 90' lang='lat' dir='ltr'>contineri,</span> 
     </span>
     <span class='ocr_line' id='line_1_31' title="bbox 685 4418 3498 4516; baseline -0 -22"><span class='ocrx_word' id='word_1_291' title='bbox 685 4433 760 4494; x_wconf 93' lang='lat' dir='ltr'>tu</span> <span class='ocrx_word' id='word_1_292' title='bbox 794 4422 1156 4494; x_wconf 89' lang='lat' dir='ltr'>occasione</span> <span class='ocrx_word' id='word_1_293' title='bbox 1187 4432 1506 4516; x_wconf 83' lang='lat' dir='ltr'>pretenta</span> <span class='ocrx_word' id='word_1_294' title='bbox 1541 4422 1732 4516; x_wconf 86' lang='lat' dir='ltr'>quod</span> <span class='ocrx_word' id='word_1_295' title='bbox 1765 4432 2020 4493; x_wconf 87' lang='lat' dir='ltr'>terram</span> <span class='ocrx_word' id='word_1_296' title='bbox 2051 4421 2275 4516; x_wconf 89' lang='lat' dir='ltr'>ipsam</span> <span class='ocrx_word' id='word_1_297' title='bbox 2297 4441 2457 4491; x_wconf 90' lang='lat' dir='ltr'>cum</span> <span class='ocrx_word' id='word_1_298' title='bbox 2477 4419 2633 4490; x_wconf 87' lang='lat' dir='ltr'>aliis</span> <span class='ocrx_word' id='word_1_299' title='bbox 2671 4419 2874 4491; x_wconf 91' lang='lat' dir='ltr'>bonis</span> <span class='ocrx_word' id='word_1_300' title='bbox 2903 4418 3275 4515; x_wconf 91' lang='lat' dir='ltr'>proditoris</span> <span class='ocrx_word' id='word_1_301' title='bbox 3314 4421 3498 4513; x_wconf 90' lang='lat' dir='ltr'>ejus-</span> 
     </span>
     <span class='ocr_line' id='line_1_32' title="bbox 685 4543 3502 4639; baseline 0 -21"><span class='ocrx_word' id='word_1_302' title='bbox 685 4543 848 4618; x_wconf 89' lang='lat' dir='ltr'>dem</span> <span class='ocrx_word' id='word_1_303' title='bbox 880 4554 1000 4617; x_wconf 87' lang='lat' dir='ltr'>tue</span> <span class='ocrx_word' id='word_1_304' title='bbox 1028 4546 1493 4639; x_wconf 87' lang='lat' dir='ltr'>procurationi</span> <span class='ocrx_word' id='word_1_305' title='bbox 1521 4545 1905 4618; x_wconf 90' lang='lat' dir='ltr'>commissis</span> <span class='ocrx_word' id='word_1_306' title='bbox 1935 4555 2002 4618; x_wconf 85' lang='lat' dir='ltr'>te</span> <span class='ocrx_word' id='word_1_307' title='bbox 2036 4546 2287 4617; x_wconf 88' lang='lat' dir='ltr'>asseris</span> <span class='ocrx_word' id='word_1_308' title='bbox 2319 4543 2668 4615; x_wconf 86' lang='lat' dir='ltr'>invenisse</span> <span class='ocrx_word' id='word_1_309' title='bbox 2693 4596 2713 4633; x_wconf 89' lang='lat'>,</span> <span class='ocrx_word' id='word_1_310' title='bbox 2750 4545 3240 4616; x_wconf 90' lang='lat' dir='ltr'>monasterium</span> <span class='ocrx_word' id='word_1_311' title='bbox 3273 4545 3502 4639; x_wconf 89' lang='lat' dir='ltr'>ipsum</span> 
     </span>
     <span class='ocr_line' id='line_1_33' title="bbox 683 4667 3500 4764; baseline -0 -23"><span class='ocrx_word' id='word_1_312' title='bbox 683 4683 895 4764; x_wconf 82' lang='lat' dir='ltr'>super</span> <span class='ocrx_word' id='word_1_313' title='bbox 945 4669 1256 4764; x_wconf 89' lang='lat' dir='ltr'>predicta</span> <span class='ocrx_word' id='word_1_314' title='bbox 1289 4670 1474 4764; x_wconf 87' lang='lat' dir='ltr'>petia</span> <span class='ocrx_word' id='word_1_315' title='bbox 1518 4679 1700 4741; x_wconf 85' lang='lat' dir='ltr'>terre</span> <span class='ocrx_word' id='word_1_316' title='bbox 1745 4669 2053 4741; x_wconf 85' lang='lat' dir='ltr'>indebite</span> <span class='ocrx_word' id='word_1_317' title='bbox 2098 4668 2375 4763; x_wconf 90' lang='lat' dir='ltr'>impetis</span> <span class='ocrx_word' id='word_1_318' title='bbox 2408 4678 2479 4740; x_wconf 90' lang='lat' dir='ltr'>et</span> <span class='ocrx_word' id='word_1_319' title='bbox 2510 4669 2874 4757; x_wconf 90' lang='lat' dir='ltr'>molestas,</span> <span class='ocrx_word' id='word_1_320' title='bbox 2919 4689 3061 4740; x_wconf 94' lang='lat' dir='ltr'>non</span> <span class='ocrx_word' id='word_1_321' title='bbox 3095 4667 3500 4764; x_wconf 90' lang='lat' dir='ltr'>permittens</span> 
     </span>
     <span class='ocr_line' id='line_1_34' title="bbox 679 4788 3498 4886; baseline -0.001 -23"><span class='ocrx_word' id='word_1_322' title='bbox 679 4791 1031 4886; x_wconf 85' lang='lat' dir='ltr'>predictos</span> <span class='ocrx_word' id='word_1_323' title='bbox 1060 4788 1303 4863; x_wconf 87' lang='lat' dir='ltr'>fideles</span> <span class='ocrx_word' id='word_1_324' title='bbox 1330 4800 1606 4865; x_wconf 85' lang='lat' dir='ltr'>nostros</span> <span class='ocrx_word' id='word_1_325' title='bbox 1640 4801 1894 4863; x_wconf 89' lang='lat' dir='ltr'>terram</span> <span class='ocrx_word' id='word_1_326' title='bbox 1926 4791 2149 4886; x_wconf 88' lang='lat' dir='ltr'>ipsam</span> <span class='ocrx_word' id='word_1_327' title='bbox 2179 4788 2465 4885; x_wconf 87' lang='lat' dir='ltr'>pacifice</span> <span class='ocrx_word' id='word_1_328' title='bbox 2494 4790 2874 4885; x_wconf 88' lang='lat' dir='ltr'>possidere.</span> <span class='ocrx_word' id='word_1_329' title='bbox 2908 4789 3130 4885; x_wconf 90' lang='lat' dir='ltr'>Super</span> <span class='ocrx_word' id='word_1_330' title='bbox 3159 4812 3299 4882; x_wconf 92' lang='lat' dir='ltr'>quo</span> <span class='ocrx_word' id='word_1_331' title='bbox 3331 4812 3498 4885; x_wconf 87' lang='lat' dir='ltr'>sup-</span> 
     </span>
    </p>
   </div>
  </div>
 </body>
</html>
