4525 6031
1816 629 2447 693 AnnrrAuEN‘rA.
3422 629 3549 698 919

815 768 1113 842 Domino
1139 765 1449 840 Mattheo
1480 764 1571 838 de
1602 765 1827 837 Luciis
1854 766 2250 838 restitutum
2278 777 2581 839 castrum
2610 766 2835 856 Lucii,
2876 766 3130 839 casalia
3150 766 3446 838 Piscarie
3476 778 3550 839 et

719 894 945 968 Modis
1007 904 1079 965 et
1131 892 1471 963 medietas
1517 890 1764 962 casalis
1821 891 2180 981 Ordicani,
2235 892 2453 963 annui
2491 892 2751 964 valoris
2787 891 3152 962 unciarum
3191 893 3322 962 XX
3384 914 3547 964 cum

714 1019 991 1111 juribus
1038 1015 1416 1107 distinctis;
1460 1036 1599 1108 que
1644 1024 1871 1086 castra
1911 1016 2194 1086 fuerunt
2222 1014 2598 1087 confiscata
2635 1014 2996 1087 occasione
3032 1017 3548 1108 conspirationis

719 1146 1068 1235 suprascr-te
1099 1164 1227 1237 per
1261 1138 1622 1212 dominum
1654 1138 1977 1228 Perrum,
2010 1140 2295 1212 fratrem
2327 1141 2665 1231 majorem
2711 1138 2879 1211 dicti
2922 1139 3187 1210 domini
3226 1139 3539 1229 Matthei,

723 1267 847 1360 qui
890 1275 1135 1361 captus
1160 1264 1293 1336 suit
1317 1274 1389 1336 et
1403 1263 1650 1335 missus
1683 1263 1754 1333 in
1789 1263 2087 1334 insulam
2120 1265 2331 1336 Malte
2362 1264 2483 1335 uhi
2519 1273 2835 1334 mortuus
2866 1262 3020 1334 fuit.
3049 1264 3137 1334 Et
3163 1263 3255 1334 ob
3286 1264 3547 1335 dictam

724 1390 1308 1484 conspirationem
1334 1388 1710 1481 imperator
1739 1386 2127 1459 Fridericus
2158 1388 2315 1483 capi
2346 1388 2510 1460 fecit
2546 1387 2721 1478 duas
2752 1409 3024 1475 sorores
3054 1386 3320 1459 domini
3354 1386 3549 1459 Perri

727 1524 801 1586 et
841 1536 959 1586 eas
994 1514 1308 1585 comburi
1349 1534 1508 1583 cum
1556 1512 1709 1583 aliis
1750 1512 2065 1607 pluribus
2101 1512 2293 1608 apud
2318 1512 2707 1608 Neapolim.
2739 1551 2841 1564 —
2866 1512 3134 1582 Archiv.
3171 1511 3542 1604 Neapolit„

726 1638 960 1711 fascic.
1001 1635 1121 1729 46,
1151 1637 1273 1709 sol.
1312 1637 1486 1711 423.

837 2182 1262 2267 Fridericus
1279 2246 1299 2282 ‚
1342 2185 1865 2270 Romanorum
1909 2188 2355 2296 imperator,
2395 2187 2687 2269 civibus
2732 2187 3197 2271 Urbeveteris
3253 2189 3553 2271 nuntiat

729 2313 1126 2399 victoriam
1164 2341 1209 2398 a
1247 2343 1327 2400 se
1364 2318 1460 2401 de
1494 2317 1907 2401 rebellibus
1944 2318 2239 2427 imperii
2272 2329 2760 2434 reportatam.

895 2531 1091 2606 (lned.
1118 2550 1195 2593 ex
1220 2533 1354 2593 cod.
1385 2532 1541 2593 Bibl.
1571 2533 1792 2594 Athen.
1824 2533 2099 2608 Taurin„
2125 2534 2201 2593 D.
2238 2543 2312 2593 38
2345 2532 2538 2612 (784),
2572 2533 2677 2594 fol.
2706 2543 2783 2596 69
2812 2534 3033 2613 verso.)

831 2718 1219 2791 Fridericus
1268 2718 1671 2813 imperator,
1703 2729 1840 2791 etc.
1883 2721 2113 2806 Quum
2153 2720 2437 2812 gloriosi
2479 2719 2807 2817 triumphi
2856 2721 3243 2793 sublimitas
3280 2722 3554 2796 fortune

735 2852 972 2915 nostre
1006 2841 1375 2938 participes
1409 2864 1588 2937 equa
1621 2853 1807 2916 sorte
1835 2844 2199 2917 universos
2226 2844 2694 2940 amplectitur,
2750 2845 3023 2917 felicem
3069 2857 3431 2918 exaustam
3467 2847 3554 2921 de

734 2967 966 3040 hostili
1022 2967 1210 3040 bello
1253 2966 1614 3041 victoriam
1657 2967 1749 3041 ad
1794 2977 2099 3042 vestram
2156 2977 2478 3064 optamus
2540 2968 2857 3042 notitiam
2916 2970 3319 3065 pervenire,
3365 2971 3559 3063 quod

736 3092 1038 3165 intrante
1079 3093 1409 3164 februarii
1439 3093 1553 3165 die
1581 3092 1808 3183 vmr,
1846 3091 1938 3165 ad
1992 3093 2240 3164 furoris
2281 3093 2513 3164 bellici
2561 3115 2807 3166 vocem
2851 3115 3043 3165 arma
3079 3095 3559 3189 producuntur

739 3216 831 3288 ad
866 3217 1162 3307 bellum,
1197 3214 1513 3290 hostibus
1536 3216 1844 3289 victricia
1871 3217 2133 3288 vexilla
2166 3215 2546 3307 minantur,
2607 3227 2677 3289 et
2728 3217 3278 3289 concertantium
3334 3220 3558 3291 virtus

738 3339 977 3411 unitur
1002 3341 1094 3412 ad
1124 3341 1417 3435 prelium
1440 3394 1460 3432 ,
1497 3351 1568 3413 et
1612 3350 1966 3436 assumpta
1995 3340 2362 3412 victoriosa
2395 3351 2718 3435 potenter
2748 3341 3040 3413 audacia
3068 3341 3140 3411 in
3169 3341 3403 3415 hostes
3430 3365 3555 3437 po-

744 3473 972 3537 tenter
1001 3464 1406 3557 insurgitur,
1445 3464 1944 3561 impugnantur
1967 3474 2038 3537 et
2064 3476 2579 3561 expugnantur,
2614 3474 2686 3536 et
2712 3464 2973 3537 cedunt
2999 3466 3247 3557 gladiis
3271 3477 3341 3538 et
3374 3489 3564 3540 rece·

725 3585 954 3680 dunt,
1009 3590 1510 3680 succumbunt,
1552 3589 2057 3684 procumbunt,
2089 3588 2161 3658 in
2199 3588 2419 3683 prelio
2454 3588 2844 3683 disparent,
2896 3599 2967 3661 et
3005 3589 3207 3662 solita
3252 3591 3361 3662 usi
3388 3613 3559 3663 con·

744 3710 1016 3785 fusione
1049 3734 1191 3785 non
1228 3724 1509 3809 parent,
1546 3735 1762 3807 quare
1798 3712 1888 3785 ad
1917 3722 2140 3784 castra
2168 3712 2614 3807 postmodum
2660 3705 3012 3786 victoriosi
3045 3713 3425 3786 redivimus
3447 3770 3467 3806 ,
3494 3724 3565 3787 et

742 3846 823 3907 nt
867 3836 959 3907 ad
1003 3838 1220 3931 glorie
1252 3836 1737 3934 triumphalem
1765 3847 2072 3910 montem
2105 3836 2486 3908 amicornm
2515 3835 2931 3907 universitas
2959 3847 3194 3910 nostra
3223 3860 3560 3911 conscen-

746 3957 981 4052 deret,
1027 3981 1308 4033 carcere
1340 3971 1580 4034 nostro
1603 3960 1881 4033 castrali
1903 3960 2261 4057 detentos,
2301 3958 2769 4053 desperationi
2805 3959 3047 4031 mortis
3087 3960 3401 4034 addictos
3428 3960 3557 4057 (a),

745 4083 1132 4177 longiorem
1163 4084 1460 4180 amplius
1492 4084 1631 4156 vite
1667 4082 1918 4155 lineam
1945 4086 2087 4153 non
2124 4091 2521 4176 speranteS,
2568 4102 2696 4176 pro
2740 4082 3030 4154 mortuis
3058 4081 3305 4174 dignos
3341 4095 3563 4157 morte

745 4208 1171 4303 recepimus,
1227 4218 1300 4280 et
1341 4219 1421 4280 ut
1450 4206 1775 4281 nobiliori
1805 4207 2039 4302 palma
2075 4204 2295 4298 glorie
2328 4206 2744 4298 frueremur,
2780 4205 3057 4300 pietatis
3090 4216 3239 4279 arte
3275 4209 3554 4302 moniti,

746 4332 1100 4405 merituris
1144 4332 1236 4430 (b)
1282 4334 1425 4405 vite
1468 4334 1719 4405 lineam
1750 4331 2102 4425 dedimus,
2142 4340 2215 4402 et
2257 4329 2557 4401 vinculis
2630 4330 2872 4402 ferreis
2924 4330 3243 4425 alligatos
3289 4334 3566 4404 censui-

687 4442 694 4449 ’
747 4475 905 4527 mus
946 4456 1340 4529 carceribus
1388 4456 1910 4552 mancipandos.
1951 4454 2165 4547 Igitur
2191 4453 2559 4525 inexausta
2590 4455 2867 4527 favente
2898 4455 3268 4528 clementia
3288 4505 3310 4545 ‚
3344 4455 3570 4552 tripu·

831 4628 919 4709 (a)
965 4629 1038 4690 In
1063 4630 1265 4692 codice
1288 4627 1503 4692 aditos.

833 4733 914 4814 (b)
956 4734 1079 4810 Sic,
1110 4737 1216 4798 sed
1244 4737 1504 4799 forsitan
1525 4733 2018 4810 mimicum,
2033 4751 2153 4814 ,seu
2182 4735 2385 4814 potius
2407 4733 2611 4797 mosetto
2637 4734 2952 4798 morituris.
3022 4794 3027 4799 ,

3723 2190 3850 2241 [1247

3658 2243 3917 2294 sebi-norim]
