4525 6031
1540 671 1790 733 1NnEx
1840 671 2533 734 DOCUMENTORUM.
3332 667 3448 729 951

652 879 879 955 1243

647 1002 874 1087 [maim]
946 1043 1362 1064 .......
1392 1034 1473 1046 -
1511 1001 1758 1061 Cuidam
1784 998 1943 1059 fideli
1971 1015 2079 1060 suo
2105 998 2308 1060 scribit
2332 1015 2395 1059 se
2425 999 2648 1076 ingenti
2669 1000 2930 1058 exercitu
2959 996 3201 1057 collecto
3227 998 3454 1058 Roma-

1472 1100 1568 1157 nis
1604 1097 1823 1157 finibus
1850 1098 2146 1169 insistere,
2177 1114 2420 1174 sperans
2457 1112 2598 1155 mox
2632 1098 2695 1154 in
2733 1094 3070 1172 Apostolica
3108 1091 3260 1154 Sede
3295 1095 3452 1153 anti-

1473 1197 1670 1256 stitem
1696 1194 2122 1254 instituendum
2148 1210 2276 1254 esse
2297 1196 2401 1270 qui
2426 1209 2629 1270 pacem
2656 1195 2807 1252 inter
2833 1192 3151 1252 Ecclesiam
3178 1199 3238 1251 et
3263 1191 3453 1267 impe-

737 1322 748 1333 ·
1475 1292 1630 1352 rium
1655 1289 1954 1350 reformet.
3376 1295 3449 1347 87

666 1393 861 1469 junio.
997 1391 1071 1450 In
1097 1391 1306 1450 cestris
1393 1420 1475 1432 —
1512 1386 1609 1447 Ad
1633 1388 2115 1465 supplicationem
2142 1385 2404 1446 Latberii
2432 1386 2663 1446 abbatis
2686 1385 2886 1447 Sancti
2912 1385 3228 1447 salvatoris
3248 1385 3324 1445 de
3348 1386 3454 1445 In-

934 1489 997 1545 in
1044 1486 1370 1563 depopula-
1474 1485 1623 1562 sula,
1646 1484 2016 1562 privilegium
2027 1484 2168 1544 huic
2188 1486 2543 1544 monasterio
2565 1483 2640 1543 ab
2659 1484 2909 1544 Henrico
2927 1485 3274 1561 imperatore
3292 1489 3458 1560 patre

631 1619 638 1624 ·
962 1587 1122 1646 tione
1138 1584 1338 1645 Urbis.
1476 1597 1582 1642 suo
1609 1589 1645 1639 9
1681 1581 1934 1641 octobris
1966 1588 2109 1640 1191
2147 1580 2446 1639 indultum
2471 1585 2719 1640 renovat
2743 1586 2804 1640 et
2825 1579 3158 1640 confirmat.
3377 1588 3453 1639 88

666 1680 863 1763 [junio
937 1719 955 1738 .
1016 1723 1365 1743 ......
1394 1711 1478 1722 -
1516 1678 2159 1754 Constantinopolitano
2201 1679 2541 1753 imperatori
2588 1679 2828 1737 nuntiat
2875 1694 2938 1736 se
2982 1682 3115 1753 post
3153 1677 3456 1737 liberatio-

625 1780 905 1864 ineunte.]
1477 1792 1614 1835 nem
1650 1774 1914 1836 Oddonis
1951 1774 2149 1835 Sancti
2183 1775 2409 1834 Nicolai
2447 1775 2512 1833 in
2556 1790 2785 1834 carcere
2828 1775 3101 1835 Tulliano
3144 1775 3458 1834 cardinalis

1477 1873 1820 1934 clementiae
1872 1888 2013 1933 suae
2055 1872 2360 1931 cumulum
2406 1873 2785 1949 imposuisse,
2840 1874 3180 1949 episcopum
3205 1873 3454 1933 Prenes-

1474 1973 1669 2031 tinum
1703 1970 2106 2032 adversarium
2138 1985 2316 2030 suum
2340 1968 2698 2029 absolvendo
2724 1975 2786 2028 et
2808 1969 3162 2031 dimittendo
3198 1970 3276 2031 ad
3313 1987 3461 2032 car-

1475 2066 1722 2126 dinales.
3381 2074 3457 2127 90

646 2165 887 2252 [junio.]
937 2222 957 2241 ‚
1020 2226 1035 2241 ,
1086 2226 1101 2243 ,
1151 2226 1170 2246 ‚
1218 2226 1234 2244 ,
1278 2228 1296 2245 ‚
1346 2225 1366 2246 ‚
1397 2196 1478 2220 —.-
1516 2163 1729 2223 Scribit
1767 2163 2000 2223 cuidam
2037 2163 2163 2239 regi
2202 2179 2265 2222 se
2301 2162 2579 2222 Ottonem
2624 2162 2825 2222 Sancti
2860 2163 3089 2223 Nicolai
3128 2165 3190 2223 in
3227 2179 3457 2225 carcere

1476 2259 1749 2319 Tulliano
1775 2259 2085 2319 diaconum
2114 2259 2466 2319 cardinalem
2496 2258 2858 2336 liberavisse,
2887 2277 3115 2320 necnon
3142 2267 3201 2320 et
3227 2263 3457 2337 episco-

1477 2373 1622 2434 pum
1645 2358 2055 2417 Prenestinum
2077 2357 2215 2416 licet
2241 2357 2561 2433 imperialis
2587 2357 2828 2418 honoris
2853 2359 3225 2418 notissimum
3244 2358 3458 2419 adver-

1476 2456 1730 2527 sarium,
1759 2454 1997 2514 orbitati
2023 2453 2315 2513 Ecclesiae
2345 2453 2776 2530 compatiendo.
3377 2464 3452 2516 93

645 2554 892 2631 [junio.]
942 2593 961 2614 .
1020 2598 1037 2614 .
1085 2595 1103 2614 .
1152 2594 1171 2615 .
1218 2595 1237 2615 .
1286 2596 1302 2614 .
1351 2597 1367 2615 .
1402 2583 1477 2596 --
1518 2551 1665 2628 Regi
1700 2552 1983 2611 Franciae
2018 2550 2221 2609 scribit
2245 2550 2461 2627 quibus
2486 2553 2678 2611 causis
2704 2551 3106 2611 Romanorum
3137 2555 3455 2628 possessio·

1479 2666 1584 2709 nes
1609 2665 1766 2709 anno
1792 2650 2104 2725 praeterito
2120 2654 2179 2708 et
2205 2665 2396 2724 nuper
2424 2651 2766 2720 vastaverit,
2798 2656 2857 2708 et
2881 2649 3129 2725 qualiter
3155 2649 3233 2710 ad
3258 2667 3459 2725 preces

1478 2744 1866 2806 cardinalium
1903 2744 2209 2806 discedens
2244 2745 2320 2804 ab
2347 2744 2505 2806 Urbe
2537 2761 2676 2805 cum
2712 2748 3020 2806 securitate
3056 2746 3130 2806 de
3167 2752 3458 2808 creatione

1477 2844 1619 2902 novi
1670 2841 1962 2918 pontilicis
1979 2885 1996 2914 ,
2052 2841 2381 2902 cardinales
2431 2845 2697 2918 captivos
2749 2848 3124 2920 caeterosque
3171 2845 3461 2922 praelatos

1303 2989 1315 3003 .
1478 2940 1868 3017 transalpinos
1891 2939 2254 3010 liberaverit,
2287 2945 2401 2999 etc.
3379 2950 3455 3002 95

647 3033 890 3119 [junio.]
937 3081 954 3099 .
1022 3080 1366 3100 ......
1398 3069 1480 3082 -
1517 3036 1731 3096 Scribit
1769 3038 2058 3096 universis
2091 3035 2366 3096 fidelibus
2402 3037 2528 3096 suis
2564 3051 2669 3111 pro
2704 3052 2907 3096 securo
2941 3036 3235 3098 conductu
3274 3036 3459 3099 Gual-

1477 3135 1610 3193 terii
1645 3132 1720 3192 de
1755 3131 1908 3193 Ocra
1943 3136 2158 3192 notarii
2192 3139 2252 3192 et
2294 3132 2581 3208 capellani
2605 3133 2723 3206 sul,
2771 3148 2950 3209 quem
2974 3132 3051 3193 ad
3089 3133 3460 3197 Ludovicum

1477 3231 1759 3293 Franciae
1785 3248 1984 3309 regem
2012 3233 2288 3291 nuntium
2316 3233 2515 3291 mittit.
3103 3242 3203 3308 98,
3234 3241 3360 3296 not.
3400 3247 3456 3299 i.

634 3335 708 3387 28
729 3330 905 3406 junii.
986 3331 1319 3393 Beneventi.
1401 3361 1480 3374 —
1519 3329 1798 3389 Notiflcat
1826 3328 1961 3388 duci
1997 3327 2350 3388 Brabantiae
2376 3328 2722 3387 electionem
2747 3326 3033 3388 Sinibaldi
3065 3329 3266 3390 Sancti
3298 3331 3456 3391 Lau-

1479 3429 1652 3488 rentii
1676 3429 1737 3486 in
1766 3427 1992 3486 Lucina
2022 3426 2340 3486 cardinalis
2365 3427 2428 3484 in
2455 3441 2699 3502 papam,
2730 3431 3039 3503 speratque
3075 3442 3279 3503 pacem
3305 3430 3460 3490 inter

1481 3524 1791 3600 imperium
1823 3528 1883 3583 et
1919 3523 2239 3583 Ecclesiam
2274 3522 2502 3582 facilius
2527 3522 2652 3582 fore
2678 3522 3134 3583 reformandam.
3380 3530 3457 3586 99

634 3629 707 3681 30
729 3622 902 3699 junii.
985 3618 1328 3680 Beneventi.
1400 3651 1479 3664 —
1520 3617 1771 3678 Hem-ico
1814 3618 2137 3677 marchioni
2192 3618 2474 3677 Misnensi
2523 3620 2814 3694 promittit
2864 3618 3024 3695 quod
3068 3620 3121 3680 si
3174 3620 3460 3683 Henricus

1477 3718 1842 3793 lantgravius
1897 3715 2254 3792 'thuringiae
2303 3715 2631 3775 avunculus
2689 3717 2816 3792 ejus
2857 3718 2983 3775 sine
3037 3716 3283 3778 haerede
3331 3718 3458 3782 filio

1477 3816 1766 3891 praemori
1790 3814 2121 3889 contigerit,
2145 3814 2253 3888 ipsi
2277 3810 2598 3871 marchioni
2620 3815 2754 3890 jure
2776 3811 2995 3872 feudali
3023 3813 3280 3875 conferet
3306 3815 3458 3879 duos

1477 3909 1736 3986 ejusdem
1763 3908 2079 3984 lantgravii
2104 3909 2499 3983 principatus,
2529 3908 2751 3966 scilicet
2778 3907 3167 3985 lantgraviam
3196 3910 3454 3971 Thurin-

1479 4008 1608 4082 giae
1634 4011 1692 4063 et
1719 4007 2058 4064 comitivam
2085 4004 2290 4080 palatii
2317 4004 2627 4063 saxoniae.
3342 4014 3455 4069 100

635 4108 709 4161 26
749 4102 903 4178 julii.
1068 4098 1246 4177 Apud
1399 4132 1480 4147 —
1517 4102 1860 4161 Innocentio
1887 4115 2071 4176 papae
2098 4098 2301 4159 scribit
2327 4099 2399 4159 de
2426 4101 2553 4176 ejus
2575 4098 2855 4159 electione
2885 4100 3282 4177 congaudens,
3315 4106 3456 4163 mit-

950 4196 1365 4257 Beneventum.
1477 4203 1669 4278 titque
1696 4201 1918 4277 legatos
1949 4201 2052 4275 qui
2078 4200 2337 4274 seipsum
2365 4198 2439 4257 ad
2468 4202 2596 4275 ejus
2621 4197 2985 4274 beneplacita
3008 4207 3302 4277 paratum,
3326 4203 3457 4262 sal-

1476 4299 1570 4359 vis
1588 4301 1721 4374 jure
1748 4303 1808 4355 et
1833 4295 2054 4355 honore
2079 4296 2342 4371 imperii,
2371 4294 2643 4354 offerant.
3341 4308 3454 4360 104

631 4401 904 4475 augusto.
1036 4389 1265 4451 Ariani.
1400 4425 1480 4441 —
1518 4392 1803 4453 Landolto
1832 4393 2102 4467 episcopo
2130 4391 2579 4464 wormatiensi,
2602 4393 2711 4451 toti
2749 4390 2907 4453 clero
2924 4392 3258 4471 populoque
3275 4394 3454 4472 hujus

1478 4490 1733 4551 civitatls
1759 4489 2046 4565 promittit
2071 4487 2232 4564 quod
2259 4489 2310 4548 si
2336 4504 2401 4546 se
2435 4503 2571 4547 cum
2605 4488 2866 4549 Ecclesia
2899 4491 3170 4551 Romana
3203 4506 3455 4567 compo-

1478 4590 1750 4650 sitionem
1786 4587 1934 4645 inire
1959 4585 2301 4662 contigerit,
2332 4587 2490 4661 ipsos
2526 4586 2601 4645 ab
2632 4585 2835 4646 eadem
2869 4589 3291 4663 compositione
3330 4605 3454 4650 non

1476 4687 1731 4765 patietur
1753 4682 2010 4744 excludi.
3338 4694 3452 4749 106

630 4789 905 4861 augusto.
1037 4782 1269 4843 Ariani.
1397 4813 1479 4828 —
1517 4781 1830 4842 Civitatem
1863 4779 2360 4839 wormatiensem
2396 4777 2641 4855 deputat
2678 4777 2755 4839 ad
2794 4779 3172 4843 celebrandas
3212 4798 3454 4843 annua-
