4525 6031
993 521 1116 584 592
1994 520 2419 581 mum-:luel
2469 519 2818 581 SECUNDI
3430 519 3597 597 [An.
3633 521 3810 583 1248.

992 655 1184 751 quod
1227 665 1477 748 potens
1521 663 1629 723 est
1669 653 1854 723 Deus
1899 652 2249 747 deponere
2293 654 2633 749 superbos
2674 664 2746 724 et
2788 650 3085 723 humiles
3117 651 3466 741 exaltare,
3503 654 3817 746 protinus

993 779 1339 852 exivimus
1366 786 1608 848 contra
1640 776 1827 869 ipsos
1859 777 2160 871 populus
2191 785 2265 848 et
2292 778 2547 850 milites
2576 774 2911 866 universi,
2934 795 3378 871 nequaquam
3406 786 3643 847 nostra
3667 797 3818 849 ves·

996 902 1160 994 tigia
1195 899 1628 972 retardantes
1667 899 1900 992 quoad
1946 921 2168 992 usque
2205 900 2616 972 dimicantes
2658 898 3020 993 junximus
3053 919 3183 970 nos
3222 921 3381 971 cum
3416 900 3543 989 eis,
3575 921 3818 995 prece-

994 1024 1202 1098 dente
1239 1023 1502 1095 vexillo
1535 1044 1692 1093 cum
1725 1024 1945 1093 forma
1971 1023 2272 1114 Virginis
2301 1024 2601 1118 pretiose
2630 1024 2829 1113 cujus
2862 1022 3276 1113 regebamur
3307 1022 3553 1094 semita
3580 1034 3654 1094 et
3682 1023 3812 1095 du·

993 1158 1180 1219 catu.
1214 1148 1303 1217 Et
1337 1144 1654 1238 quamvis
1682 1145 1947 1217 duriter
1978 1167 2021 1217 a
2052 1146 2393 1242 principio
2423 1146 2858 1235 restitissent,
2886 1165 3015 1216 nos
3051 1155 3280 1215 tamen
3311 1145 3816 1218 invalescentes

992 1271 1235 1344 durius
1266 1270 1336 1339 in
1369 1269 1652 1340 eosdem
1680 1268 2170 1359 confregimuS,
2203 1270 2656 1342 contrivimus
2684 1279 2754 1340 et
2787 1268 3288 1364 prostravimus
3317 1268 3505 1363 ipsos
3539 1290 3807 1342 omnes.

990 1397 1077 1467 Et
1109 1393 1541 1466 descendens
1582 1392 1834 1485 impius
1868 1392 2274 1464 Fredericus
2312 1414 2440 1488 per
2474 1392 2903 1485 subterfugia
2939 1400 3270 1485 tanquam
3312 1394 3517 1481 latre,
3557 1392 3819 1464 dimisit

990 1538 1154 1589 suos
1186 1528 1257 1588 et
1287 1515 1506 1611 spolia
1538 1537 1663 1586 sua
1697 1537 1979 1609 prorsus
2011 1538 2103 1586 ex
2135 1516 2391 1610 quibus
2428 1516 2558 1587 tria
2599 1516 2814 1586 millia
2853 1515 3166 1611 cepimus
3204 1526 3274 1587 et
3317 1515 3578 1610 plures.
3614 1515 3812 1610 Cepi·

986 1662 1143 1710 mus
1169 1660 1448 1732 quoque
1476 1637 1904 1709 carrocbium
1929 1638 2523 1710 Cremonensium.
2552 1639 2873 1735 Cepimus
2900 1639 3112 1709 etiam
3139 1638 3368 1709 menia
3392 1659 3530 1731 que
3558 1639 3817 1710 fecerat

988 1773 1062 1835 et
1091 1761 1324 1834 omnia
1356 1773 1582 1833 castra
1608 1782 1735 1833 sua
1761 1761 2073 1855 cepimus
2106 1773 2177 1833 et
2204 1760 2545 1833 babemus
2575 1763 2809 1835 omnia
2837 1783 2962 1834 sua
2991 1784 3131 1855 que
3159 1760 3491 1833 babebat.
3529 1763 3815 1834 Interfe-

987 1888 1209 1959 cimus
1235 1907 1516 1979 quoque
1534 1884 1888 1956 Tbadeum
1908 1887 2219 1977 judicem
2245 1908 2479 1975 suum,
2498 1886 2960 1958 cubicularios
2989 1897 3061 1959 et
3087 1886 3506 1958 camerarios
3538 1907 3809 1977 omnes,

987 2019 1262 2081 nostros
1298 2008 1505 2079 etiam
1540 2008 1996 2099 banneratos;
2030 2009 2118 2080 de
2163 2009 2306 2079 suis
2345 2009 2676 2080 militibus
2719 2023 2793 2082 et
2823 2011 3084 2104 populo
3116 2010 3589 2081 interfecimus
3629 2010 3812 2081 ultra

986 2133 1177 2204 mille
1210 2132 1663 2224 quingentos,
1693 2142 1926 2227 preter
1952 2133 2329 2205 subversos
2369 2153 2708 2225 equorum
2750 2133 3048 2228 pedibus
3083 2144 3156 2204 et
3194 2134 3428 2224 ruina,
3469 2154 3646 2225 quos
3680 2154 3806 2227 pre

988 2255 1432 2326 multitudine
1488 2255 1877 2327 describere
1927 2277 2068 2327 non
2118 2257 2499 2350 potuimus.
2553 2256 2745 2328 Alios
2794 2267 3030 2328 autem
3083 2257 3172 2329 de
3225 2256 3369 2328 suis
3423 2257 3814 2348 fugavimus

986 2400 1511 2472 usquequaque.
1545 2379 1854 2451 Tandem
1894 2379 1967 2450 in
2003 2380 2357 2452 civitatem
2392 2380 2688 2471 regressi
2724 2402 2885 2451 cum
2919 2380 3047 2451 Dei
3083 2380 3406 2451 laudibus
3443 2389 3514 2450 et
3548 2377 3812 2451 honore

985 2513 1220 2574 nostre
1248 2501 1714 2596 disposuimus
1744 2502 2022 2593 negotia
2051 2502 2378 2591 civitatis,
2411 2499 2843 2573 confidentes
2878 2502 2951 2572 in
2988 2502 3109 2574 illo
3144 2502 3265 2596 qui
3297 2513 3404 2573 est
3429 2523 3600 2574 vera
3627 2502 3814 2574 salus

988 2626 1297 2698 omnium
1333 2635 1544 2717 atque
1586 2624 1833 2714 virtus,
1885 2624 2078 2716 quod
2114 2624 2430 2696 contritis
2482 2624 2782 2696 brachiis
2841 2625 3212 2719 impiorum
3260 2626 3514 2698 amodo
3561 2646 3693 2698 nos
3742 2635 3813 2697 et

984 2748 1201 2821 nostri
1232 2769 1404 2843 pace
1430 2756 1770 2842 perpetua
1805 2746 2174 2841 potiemur.
2199 2748 2286 2818 Et
2308 2745 2439 2821 hec
2459 2747 2659 2819 vobis
2690 2748 2782 2820 ad
2809 2747 3144 2839 gaudium
3169 2748 3595 2839 intimamuS‚
3615 2768 3810 2840 mag·

986 2848 1407 2943 nificentiam
1435 2879 1740 2941 vestram
1765 2869 2224 2963 deposcentes
2248 2879 2594 2962 quatenus
2620 2890 2866 2941 omnes
2888 2871 3375 2943 universaliter
3396 2871 3466 2941 in
3496 2881 3812 2942 nostrum

986 2994 1326 3068 auxilium
1360 3003 1431 3066 et
1457 3013 2097 3083 succursum,mora
2131 2992 2403 3065 sublata
2439 2994 2951 3086 qualibet,cum
2983 2994 3341 3067 carrochio
3357 3006 3594 3068 vestro
3625 3014 3816 3067 acce·

986 3120 1195 3207 datie,
1223 3119 1386 3211 quia
1419 3139 1579 3188 cum
1611 3118 1796 3189 Deus
1823 3117 2174 3211 aperuerit
2200 3116 2405 3188 nobis
2426 3117 2642 3206 viam,
2671 3119 3047 3212 procedere
3080 3119 3402 3189 volumus
3434 3139 3560 3213 per
3590 3117 3812 3212 ipsam

986 3241 1395 3311 festinanter
1409 3250 1490 3310 ut
1517 3261 2008 3334 recuperemus
2036 3238 2365 3311 continuo
2393 3240 2691 3332 burgum
2717 3241 2952 3312 Sancti
2984 3240 3310 3314 Domnini
3333 3252 3405 3312 et
3430 3242 3811 3312 Bersellum

987 3373 1060 3435 et
1098 3363 1269 3435 alias
1313 3374 1531 3435 terras
1574 3374 1880 3451 nostraS,
1937 3363 2431 3457 capientesque
2482 3364 2836 3456 navigium
2878 3364 3341 3436 Cremonense
3385 3373 3458 3436 et
3496 3364 3812 3436 inimicos

984 3498 1261 3560 nostros
1294 3498 1363 3559 et
1392 3497 1686 3574 vestroe,
1707 3486 2063 3557 deleamus
2092 3507 2213 3557 eos
2245 3486 2334 3558 de
2368 3486 2545 3558 libro
2570 3486 2979 3559 viventium.
3005 3488 3251 3559 Tollite
3279 3508 3510 3559 moras
3535 3509 3806 3578 omnes,

982 3612 1117 3684 viri
1160 3609 1678 3706 prudentissimi
1728 3620 1799 3681 et
1843 3619 2275 3700 constante8‚
2333 3609 2499 3702 quia
2544 3619 2702 3705 post
2746 3611 2970 3682 Deum
3017 3620 3089 3682 et
3133 3610 3413 3682 beatam
3455 3611 3808 3703 Virginem

987 3733 1318 3829 triumphi
1344 3733 1560 3804 nostri
1586 3754 1713 3804 vos
1743 3743 2063 3804 auctores
2091 3743 2161 3803 et
2186 3732 2557 3828 participes
2584 3744 3012 3829 reputamus.
3038 3734 3128 3805 Et
3154 3734 3385 3806 sciatis
3406 3734 3598 3829 quod
3625 3756 3813 3806 com-

983 3859 1190 3931 busta
1235 3867 1420 3928 terra
1463 3856 1628 3928 dicti
1670 3867 1740 3928 et
1784 3855 2135 3927 maledicti
2170 3855 2511 3928 Frederici
2530 3909 2550 3947 ‚
2577 3854 2917 3929 habemus
2948 3878 3193 3930 omnes
3225 3881 3402 3951 quos
3433 3858 3522 3929 de
3553 3855 3809 3930 nostris

982 3992 1056 4054 et
1080 3980 1497 4054 macentinis
1530 3980 1599 4050 in
1634 3980 1932 4052 vinculis
1963 3979 2376 4050 detinuerat.
2410 3980 2689 4069 Valete,
2727 3979 3058 4053 nunciate
3105 3982 3238 4054 hec
3278 3980 3516 4053 amicis
3550 3978 3806 4052 nostris

982 4110 1056 4173 et
1085 4103 1332 4175 vestris
1361 4113 1442 4174 ut
1471 4112 1759 4197 pateant
1782 4103 2107 4176 omnibus
2143 4102 2392 4175 Christi
2425 4102 2691 4174 amicis.
2723 4102 2994 4177 Valete.
