4525 6031
643 674 843 732 Iunior.
880 672 967 748 1.]
1521 666 1934 743 HISTORIA,
1965 665 2557 728 DIPLOMATICA.
3325 658 3446 719 845

1620 932 3031 945 ——mffl——n

755 1162 1048 1246 Ulricus
1104 1164 1200 1245 de
1252 1163 1531 1246 Furthe
1578 1165 1977 1248 confitetur
2043 1191 2125 1247 se
2173 1165 2494 1247 Henrico
2547 1164 3158 1271 Babenbergensi
3220 1165 3455 1248 electo

651 1293 912 1376 villam
951 1295 1553 1401 Sterfridesdorf,
1591 1323 1826 1405 quam
1874 1296 2018 1378 sibi
2056 1297 2276 1380 titulo
2311 1297 2650 1406 pignoris
2684 1297 3150 1379 Ekkebertus
3187 1324 3452 1405 quon-

654 1427 834 1508 dam
868 1427 1517 1537 Babenbergensis
1552 1429 1947 1537 episcopus
1982 1428 2485 1536 obligaverat,
2543 1429 2986 1533 restituisse,
3034 1439 3111 1511 et
3153 1429 3456 1511 instru-

656 1568 1000 1641 mentum
1073 1559 1645 1641 renuntiationis
1718 1559 1988 1668 sigillis
2064 1561 2392 1643 Conradi
2453 1561 2533 1641 in
2609 1561 3127 1643 Romanorum
3202 1586 3460 1669 regem

658 1689 872 1773 electi
909 1702 985 1774 et
1019 1691 1599 1775 Wormatiensis
1636 1691 1965 1799 episcopi
2001 1692 2453 1773 communiri
2496 1691 2788 1779 fecisse.

823 1864 1028 1956 (Edid.
1060 1879 1327 1953 Herm,
1355 1876 1567 1937 Archiv
1582 1877 1697 1956 βα·
1721 1876 1932 1937 Kunde
1963 1877 2213 1940 Oesterr.
2249 1875 2447 1939 Gesclt.
2465 1874 2725 1956 Quollen,
2750 1885 2793 1940 t.
2821 1881 2871 1955 1,
2900 1895 2960 1955 p.
2987 1887 3102 1939 595
3131 1876 3361 1957 (1850),
3389 1896 3462 1939 ex

904 1983 1038 2043 libr.
1070 1984 1268 2060 privil.
1298 1983 1506 2043 eccles.
1537 1982 1879 2062 Bamberg.)

758 2147 834 2216 In
882 2144 1162 2216 nomine
1201 2143 1502 2215 Domini.
1553 2143 1799 2215 Amen.
1850 2145 2107 2215 Notum
2162 2144 2252 2215 sit
2306 2143 2647 2215 universis
2705 2154 3095 2238 presentem
3145 2147 3469 2239 paginam

664 2268 1075 2361 inspecturis
1105 2267 1296 2360 quod
1328 2288 1458 2358 ego
1496 2267 1765 2338 Ulricus
1807 2266 1895 2337 de
1921 2265 2175 2337 Furthe
2208 2288 2333 2360 per
2373 2277 2731 2361 presentes
2762 2244 3291 2339 litterascoram
3330 2277 3469 2339 tes·

666 2392 848 2463 tibus
879 2390 1329 2484 infrascriptis
1356 2390 1744 2483 specialiter
1769 2389 1864 2460 ad
1890 2388 2024 2460 hoc
2056 2389 2340 2481 rogatiS,
2367 2390 2643 2484 publice
2670 2388 3006 2461 confiteor
3033 2400 3101 2460 et
3130 2400 3474 2484 protestor

663 2515 855 2608 quod
912 2535 1071 2585 cum
1133 2512 1315 2584 bone
1373 2512 1703 2583 memorie
1756 2512 2140 2583 Ekebertus
2196 2511 2793 2602 Babenbergensis
2845 2512 3208 2606 episcopus
3265 2512 3474 2583 michi

664 2638 901 2709 villam
934 2638 1006 2707 in
1037 2635 1570 2707 Sterfridesdorf
1590 2657 1715 2730 pro
1749 2635 1967 2706 ICLIII
2007 2631 2159 2730 (sic)
2204 2634 2399 2705 libris
2440 2644 2513 2704 et
2555 2634 2840 2705 dimidia
2882 2635 3475 2726 Nurenbergensis

665 2769 944 2831 monete
990 2759 1189 2831 titulo
1236 2758 1544 2853 pignoris
1585 2757 1990 2847 obligasset,
2039 2757 2260 2851 ipsam
2306 2756 2673 2850 pecuniam
2700 2777 2741 2826 a
2774 2758 3151 2828 venerabili
3196 2757 3476 2829 domino

667 2884 751 2954 Η.
790 2881 1350 2972 Babenbergensi
1384 2880 1605 2952 electo
1646 2880 2076 2987 integraliter
2102 2889 2172 2950 et
2203 2880 2467 2972 absque
2499 2878 2688 2950 omni
2717 2878 3171 2951 diminutione
3215 2880 3473 2973 recepi,

670 3007 1036 3079 restituens
1084 3006 1322 3078 villam
1378 3004 1762 3099 predictam
1821 3026 1979 3075 cum
2036 3004 2189 3095 ejus
2236 3002 2669 3097 pertinentiis
2719 3004 2926 3099 pleno
2975 3004 3134 3094 jure
3194 3003 3479 3075 ecclesie

668 3131 1007 3225 prelibata
1045 3139 1116 3201 et
1156 3129 1560 3200 renuntians
1603 3149 1813 3222 super
1845 3127 1978 3199 hoc
2018 3149 2161 3199 non
2198 3136 2560 3198 numerate
2602 3127 2714 3198 vel
2757 3148 2899 3198 non
2932 3128 3153 3197 solute
3189 3127 3482 3220 pecunie

669 3248 1067 3322 omnimode
1118 3247 1539 3341 exceptioni.
1577 3248 1667 3317 Et
1712 3246 1875 3317 volo
1927 3256 2009 3316 ut
2038 3246 2096 3315 si
2141 3245 2332 3336 quod
2376 3246 2911 3317 instrumentum
2962 3266 3172 3338 super
3216 3240 3481 3334 obliga-

672 3373 857 3445 tione
893 3347 1230 3466 premissa
1275 3369 1465 3464 apud
1513 3390 2020 3460 quemcumque
2073 3368 2161 3439 de
2216 3377 2450 3440 cetero
2487 3378 2841 3463 repertum
2895 3368 3104 3439 fuerit
3147 3368 3257 3438 vel
3308 3388 3485 3459 quo-

671 3516 970 3587 cumque
1003 3493 1212 3565 modo
1248 3492 1686 3586 apparuerit,
1724 3492 1814 3562 sit
1847 3491 2169 3563 inefficax
2215 3501 2285 3563 et
2325 3491 2560 3580 inane,
2602 3492 2928 3582 omnique
2965 3502 3199 3562 careat
3237 3491 3484 3562 robore

671 3615 1040 3688 firmitatis.
1093 3615 1205 3688 Ad
1257 3616 1456 3705 cujus
1503 3614 1604 3684 rei
1654 3615 2058 3685 memoriam
2104 3622 2499 3708 presentem
2551 3615 2874 3709 paginam
2923 3613 3162 3704 sigillis
3225 3613 3488 3684 domini

672 3739 1043 3829 chunradi,
1078 3739 1545 3809 Romanorum
1576 3738 1649 3808 in
1683 3759 1918 3829 regem
1941 3722 2191 3828 electi,
2225 3749 2298 3809 et
2326 3738 2743 3809 venerabilis
2773 3736 3306 3809 Wormaciensis
3339 3736 3488 3830 epi-

676 3864 864 3956 scopi
903 3863 1069 3958 petii
1102 3860 1540 3932 communiri.

770 3988 1008 4058 Testes
1040 3994 1274 4056 autem
1311 3984 1430 4076 qui
1465 3993 1822 4077 presentes
1861 3985 2146 4054 fuerunt
2179 3993 2343 4055 sunt
2382 3982 2482 4053 hii
2519 3981 2928 4053 Chunradus
2956 3980 3367 4072 burgravius
3398 3981 3487 4052 de

672 4107 1190 4197 Nuremberch,
1253 4106 1664 4178 Chunradus
1716 4106 1804 4177 de
1858 4105 2300 4193 Smidelvelt,
2365 4103 2782 4176 Ludewicus
2830 4103 2919 4174 de
2982 4101 3482 4193 Lunenburch‚

672 4230 1079 4303 Chunradus
1112 4228 1200 4300 de
1235 4228 1713 4317 Pilversheim,
1747 4229 1958 4299 frater
1990 4227 2405 4300 Bertholdus
2438 4226 2527 4297 de
2565 4227 2773 4297 domo
2812 4226 3268 4315 Theutonica,
3306 4225 3487 4296 Gun-

672 4351 967 4423 delohus
997 4350 1490 4441 marschalcuS,
1527 4351 1942 4423 Ludewicus
1970 4350 2057 4422 de
2097 4349 2570 4441 Rotenhagen,
2609 4349 2879 4420 Ulricus
2906 4349 3174 4441 dapifer
3202 4358 3272 4418 et
3298 4348 3491 4419 Wol-

676 4475 1007 4544 frammus
1039 4472 1128 4544 de
1154 4474 1623 4561 Newanstorf,
1660 4483 1730 4543 et
1761 4473 1876 4543 alii
1910 4474 2384 4566 quamplures,

774 4597 1025 4666 Actum
1052 4596 1241 4688 apud
1284 4596 1718 4687 Nuremberg
1744 4595 1815 4664 in
1856 4595 2063 4665 domo
2090 4593 2488 4686 Marquardi
2526 4592 2965 4686 butigularii,
3003 4614 3188 4664 anno
3215 4593 3488 4664 Domini

678 4719 772 4789 M.
796 4718 919 4791 CC.
941 4718 1167 4807 XLIII,
1204 4717 1426 4812 primo
1458 4719 1786 4807 octobris,
1825 4717 2043 4812 prime
2077 4717 2492 4788 indictionis,

834 4841 945 4908 VI.
988 4856 1098 4900 rm
1116 4858 1163 4902 π.
3062 4846 3171 4897 107

3623 1176 3685 1227 Ap
3691 1173 3752 1216 ud

3536 1229 3838 1325 Imm:
