4525 6031
626 664 829 724 lumen
863 661 957 741 6.]
1526 664 1921 727 HISTORIA
1970 663 2569 728 mpLOMA'rch.
3345 671 3470 731 585

628 795 1122 890 obsequiosum
1158 796 1359 868 nobis
1393 796 1683 870 deberet
1720 800 1994 873 efficere
2017 854 2036 891 ‚
2079 799 2480 873 tractatibus
2525 796 3149 870 intervenientibus
3185 813 3466 897 aposto-

629 919 814 1010 licis,
855 919 1435 1012 Lugdunensibus
1478 923 1710 1017 potius
1758 947 1968 1019 quam
2009 921 2646 996 Mediolanensibus
2691 919 3161 1015 proditoribus
3213 927 3465 998 nostris

633 1044 1189 1115 reconciliatione
1235 1046 1691 1139 conjunctus,
1751 1048 2056 1144 ipsorum
2108 1068 2192 1119 ac
2228 1043 2770 1117 Vercellensium
2820 1043 3252 1137 proditorum
3297 1070 3461 1121 nos·

637 1175 895 1236 trorum
929 1167 1239 1237 munitus
1266 1168 1571 1258 auxiliiS,
1609 1170 1961 1242 civitatem
1989 1179 2300 1241 nostram
2333 1166 2881 1239 Thaurinensem
2910 1188 2951 1236 a
2980 1177 3216 1239 nostra
3244 1167 3465 1243 fideli-

635 1300 771 1360 tate
813 1289 1175 1362 seductam
1218 1291 1594 1386 proditorie
1633 1305 2077 1390 occupasset,
2130 1291 2611 1364 resistentibus
2656 1299 2923 1361 tantum
2966 1292 3224 1386 palatio
3272 1296 3458 1386 ejus-

631 1411 793 1483 dem
856 1413 1155 1485 civitatis
1211 1416 1466 1485 nostris
1523 1417 1786 1489 munito
1848 1417 2300 1513 popularibus
2359 1425 2428 1485 et
2491 1413 2911 1507 quibusdam
2966 1414 3055 1485 de
3115 1417 3462 1490 nobilibus

626 1537 927 1609 civitatis
958 1538 1211 1632 ipsius;
1249 1539 1635 1611 Fridericus
1671 1542 1965 1613 dilectus
2008 1564 2229 1638 nepos
2273 1550 2508 1611 noster
2524 1536 2583 1636 (⁴
2601 1537 2655 1635 ),
2697 1560 2906 1631 quem
2942 1539 3032 1610 ad
3070 1543 3464 1635 superiores

628 1678 859 1755 partes
890 1661 1303 1733 Lombardie
1337 1684 1463 1756 pro
1496 1665 1756 1735 salubri
1785 1675 1968 1736 statu
2004 1666 2360 1761 provincie
2392 1664 2714 1756 majestas
2749 1673 2986 1735 nostra
3018 1644 3452 1759 premiserat,

630 1784 1093 1880 Papiensium,
1132 1786 1726 1877 Cremonensium,
1762 1788 2159 1859 Astensium
2193 1797 2262 1858 et
2295 1786 2957 1877 Alexandrinorum,
2987 1808 3163 1878 quos
3196 1788 3326 1858 sibi
3359 1791 3456 1861 sic

628 1907 1022 2003 inopinatus
1062 1930 1267 1979 casus
1306 1909 1664 2000 exhibuit,
1697 1906 2073 2009 [presidiis]
2106 1902 2513 2001 comita'tuS,
2558 1910 2910 1980 civitatem
2959 1911 3257 2000 eandem
3301 1924 3453 1984 tan-

624 2053 834 2126 quam
863 2041 1150 2129 repente
1180 2034 1270 2105 de
1300 2034 1451 2106 celo
1479 2057 1713 2124 sonus,
1740 2036 2038 2133 impulit,
2073 2047 2144 2107 et
2171 2036 2239 2105 in
2274 2046 2510 2107 nostro
2543 2034 2823 2105 nomine
2857 2034 3108 2127 fugatis
3139 2036 3457 2129 protinus

629 2155 1024 2227 marchione
1070 2157 1383 2252 predicto
1432 2167 1501 2228 et
1543 2157 2015 2253 proditoribus
2055 2160 2440 2248 universis,
2482 2170 2553 2228 et
2597 2160 2738 2229 fere
2785 2159 3104 2230 ducentis
3150 2182 3242 2231 ex
3286 2160 3454 2256 ipsis

627 2289 865 2352 nostro
896 2280 1156 2352 carceri
1189 2281 1635 2376 mancipatiS,
1668 2280 2019 2351 civitatem
2058 2280 2356 2352 eandem
2388 2290 2626 2351 nostro
2661 2280 2969 2352 dominio
3013 2282 3448 2375 redintegra·

624 2401 749 2472 vit.
770 2403 859 2473 Et
881 2402 1005 2474 vix
1035 2402 1451 2474 decendium
1479 2402 1779 2474 fluxerat
1811 2402 1899 2474 de
1930 2403 2288 2496 predictiS,
2314 2402 2504 2495 quod
2533 2425 2692 2473 cum
2715 2404 3186 2474 Ferrarienses
3210 2402 3450 2476 fideles

623 2526 838 2597 nostri
884 2526 1075 2621 apud
1120 2528 1516 2598 Ravennam
1564 2527 1652 2598 de
1697 2525 2028 2598 mandato
2079 2535 2318 2597 nostro
2362 2524 2702 2596 hactenus
2741 2537 3283 2614 commorantes,
3321 2550 3448 2623 pro

621 2648 1101 2722 conservando
1128 2659 1341 2745 ponte
1369 2650 1439 2719 in
1474 2649 1756 2721 flumine
1787 2650 1979 2740 Padi,
2010 2670 2150 2743 quo
2178 2648 2648 2744 proditoribus
2681 2648 2934 2719 nostris
2961 2650 3447 2720 Parmensibus

620 2773 736 2846 via
777 2772 1003 2845 omnis
1044 2794 1413 2844 succursus
1460 2782 1531 2844 et
1576 2794 1734 2868 spes
1779 2773 2180 2845 munitionis
2227 2771 2645 2862 obstruitur,
2703 2772 2791 2843 de
2836 2772 3165 2844 mandato
3207 2783 3446 2844 nostro

620 2896 848 2970 vocati
881 2897 972 2969 ad
1005 2897 1295 2968 buccam
1329 2897 1591 2969 Tallate
1633 2918 1842 2989 quam
1882 2896 2241 2969 Mantuani
2282 2896 2579 2967 rebelles
2611 2895 2826 2966 nostri
2861 2917 3018 2966 cum
3057 2896 3443 2968 Parmensi-

620 3021 751 3092 bus
770 3020 1047 3092 insimul
1072 3020 1165 3093 ad
1187 3021 1711 3116 impediendum
1736 3022 2115 3093 eorundem
2149 3019 2457 3091 fidelium
2489 3031 2877 3091 nostrorum
2901 3021 3445 3093 Ferrariensium

623 3144 987 3216 transitum
1032 3146 1405 3240 palongata
1453 3145 1873 3234 munierant,
1920 3146 2447 3240 pervenissent3
2489 3146 2573 3214 H.
2624 3145 2868 3214 illustri
2912 3166 3074 3237 rege
3129 3145 3444 3217 Sardinie

621 3267 875 3341 dilecto
902 3266 1045 3340 filio
1073 3278 1313 3340 nostro
1341 3268 1685 3339 existente
1718 3269 1790 3338 in
1825 3268 1974 3362 ripa
1999 3268 2169 3339 Padi
2198 3267 2287 3338 ad
2319 3289 2560 3338 eorum
2588 3267 2925 3337 auxilium
2958 3290 3114 3338 cum
3144 3269 3421 3340 multitu

621 3391 783 3462 dine
839 3401 1301 3480 armatorum,
1337 3391 1658 3462 immissis
1707 3390 2064 3461 securibus
2116 3390 2364 3461 eadem
2413 3392 2788 3484 palongata
2843 3391 3143 3479 succisa,
3188 3390 3446 3464 flumen

617 3516 784 3587 Padi
835 3537 995 3587 cum
1044 3535 1288 3586 eorum
1334 3516 1630 3609 navigiis
1687 3516 1980 3588 viriliter
2033 3516 2503 3605 intraverunt,
2560 3524 2632 3586 et
2675 3515 3144 3610 proditoribus
3196 3517 3449 3589 nostris

618 3639 1009 3712 Mantuanis
1053 3639 1174 3731 qui
1219 3637 1481 3710 flumen
1530 3639 1697 3711 Padi
1748 3640 2065 3735 primitus
2109 3649 2532 3734 occuparant
2585 3639 2775 3710 tenui
2828 3639 3012 3709 bello
3064 3640 3440 3732 quassatis,

620 3763 1122 3857 quinquaginta
1154 3763 1244 3835 de
1272 3784 1515 3835 eorum
1551 3763 1848 3836 navibus
1878 3773 2324 3857 acceperunt,
2362 3772 2433 3834 et
2474 3773 2709 3857 preter
2738 3773 3023 3834 necatos
3058 3762 3127 3835 in
3166 3762 3449 3834 flumine

619 3909 701 3960 ac
730 3887 964 3979 gladio
994 3888 1476 3982 interemptOS,
1510 3895 1855 3959 trecentos
1883 3909 1978 3958 ex
2002 3885 2316 3959 hostibus
2346 3886 2664 3981 predicto
2703 3884 2845 3957 filio
2877 3898 3117 3959 nostro
3149 3889 3451 3979 assigna-

618 4020 810 4100 runt,
847 4031 1026 4104 quos
1056 4010 1130 4080 in
1161 4010 1595 4104 proditorum
1629 4018 2025 4081 nostrorum
2060 4009 2462 4102 exemplum
2482 4062 2501 4098 ‚
2533 4009 2624 4080 ab
2660 4019 2958 4101 utraque
2991 4020 3188 4104 parte
3221 4010 3448 4082 flumi-

615 4133 727 4205 nis
758 4134 925 4205 Padi
966 4133 1454 4205 mandavimus
1490 4133 2052 4228 suspendendos;
2099 4132 2190 4203 ad
2236 4132 2538 4203 eundem
2583 4129 2802 4202 filium
2845 4142 3159 4204 nostrum
3201 4133 3449 4206 iterato

616 4256 994 4349 majestatis
1016 4267 1250 4330 nostre
1289 4252 1675 4355 [mandato]
1709 4256 1973 4328 directo
2014 4265 2094 4327 ut
2148 4277 2309 4327 cum
2354 4254 2909 4326 Ferrariensibus
2955 4254 3275 4327 fidelibus
3319 4277 3448 4326 an-

691 4659 765 4735 (⁴)
804 4659 1021 4719 Scilicet
1043 4660 1373 4735 Fridericm,
1403 4661 1545 4721 filius
1573 4661 1787 4719 Henrici
1811 4659 2083 4734 quondam
2109 4661 2476 4717 Rornanorum
2511 4658 2674 4732 regis.
2705 4659 2781 4716 De
2811 4658 2897 4718 his
2925 4659 3136 4734 plenius
3163 4675 3449 4734 argumen-

620 4762 733 4814 tum
754 4756 955 4815 videsis
980 4773 1070 4831 ap.
1104 4757 1360 4817 Chronic.
1391 4759 1454 4816 de
1480 4759 1596 4816 nb.
1627 4761 1686 4815 in
1718 4758 1888 4816 Italia
1911 4758 2103 4831 gestis,
2134 4774 2185 4830 p.
2214 4759 2323 4813 2⁴3
2357 4763 2411 4812 et
2438 4757 2565 4812 2⁴⁴.
