4525 6031
569 3338 798 3446 3022]

946 640 1068 702 686
1942 647 2371 710 rmnssnlcl
2420 647 2765 710 ssscumm
3380 645 3545 724 [Amr.
3584 644 3761 707 1248.

946 800 1099 849 rum
1134 779 1485 853 efficacius
1519 792 1849 872 noceant,
1884 783 2184 856 dominis
2230 794 2303 855 et
2339 783 2610 856 devotis
2649 803 2780 854 nos
2799 778 2899 878 (a)
2923 781 3014 852 ab
3061 780 3361 853 invicem
3405 791 3759 875 separant,

940 913 1207 975 mutato
1233 904 1542 976 dominio
1564 918 1871 979 veterem
1899 908 2258 980 dominum
2287 907 2523 999 abjicit
2544 917 2614 978 et
2636 928 2898 979 novum
2917 906 3204 977 assumit
3228 903 3390 977 fidei
3412 916 3649 976 nostre
3664 902 3764 1000 (b)

947 1080 1689 1103 ..........
1732 1040 1813 1103 ut
1837 1034 2133 1103 alterum
2162 1032 2533 1127 perimant,
2556 1030 2756 1102 alteri
2792 1030 3276 1115 blandiuntur3
3313 1050 3445 1102 nec
3476 1050 3606 1100 nos
3634 1029 3766 1132 ista

938 1150 1416 1245 perspicimus,
1438 1174 1577 1224 nou
1606 1152 1931 1225 vitamus,
1964 1156 2107 1226 Hec
2140 1163 2375 1225 autem
2410 1162 2678 1225 tantum
2708 1152 2896 1248 apud
2932 1152 3446 1225 occidentalem
3485 1153 3763 1247 plagam

939 1282 1011 1345 et
1045 1273 1115 1344 in
1148 1275 1424 1370 Europa
1456 1287 1690 1349 nostra
1724 1278 2077 1372 potissime
2114 1277 2663 1349 committuntur.
2698 1277 2755 1348 O
2788 1277 2959 1348 felix
2991 1276 3182 1364 Asia,
3203 1297 3247 1348 o
3271 1276 3505 1347 felices
3537 1275 3764 1347 orien-

939 1398 1180 1469 talium
1231 1410 1606 1493 potestates
1646 1424 1784 1495 que
1827 1403 2262 1474 subditorum
2329 1422 2521 1473 arma
2570 1422 2714 1473 non
2757 1410 3081 1472 metuunt
3119 1410 3190 1473 et
3236 1400 3766 1473 adinventiones

935 1521 1339 1616 pontificum
1375 1547 1516 1596 non
1549 1523 1913 1599 verentur!
1952 1527 2161 1598 Vobis
2196 1527 2405 1618 igitur
2436 1526 2507 1596 in
2544 1526 2879 1619 acquisita
2902 1527 3046 1618 jam
3082 1525 3303 1618 gloria
3336 1525 3640 1597 demanii
3673 1525 3763 1596 de

934 1657 1219 1741 optenta
1248 1648 1537 1720 victoria
1577 1650 1667 1721 de
1698 1650 1981 1722 Achivis
2002 1704 2021 1741 ,
2058 1651 2417 1722 nobilitate
2449 1649 2801 1722 communi
2834 1648 3123 1741 dignum
3156 1648 3496 1720 suadente
3543 1649 3762 1743 tripu-

934 1770 1124 1842 dium
1148 1825 1168 1861 ,
1199 1775 1721 1866 congaudemus
1750 1785 1821 1848 et
1848 1774 2211 1847 affectione
2247 1775 2578 1870 precipua
2616 1795 2828 1866 quam
2856 1773 2949 1846 ad
2974 1795 3101 1845 vos
3131 1773 3438 1865 gerimus
3463 1783 3763 1863 augente

935 1895 1234 1967 leticiam
1275 1897 1521 1988 dignas
1558 1897 2071 1990 magnificentie
2098 1909 2331 1972 vestre
2373 1908 2606 1991 grates
2639 1898 2992 1969 offerimus
3017 1898 3207 1991 quod
3241 1896 3606 1990 figurative
3639 1919 3765 1992 per

934 2020 1199 2092 litteras
1234 2022 1686 2094 nuntiationis
1721 2023 1995 2096 indiciis
2027 2046 2170 2096 non
2215 2024 2561 2113 contenti,
2596 2023 2976 2118 corporalis
3007 2033 3326 2117 aspectus
3360 2022 3573 2095 vestri
3600 2042 3759 2117 pre-

933 2145 1224 2216 sentiam
1257 2146 1460 2217 nobis
1488 2146 1823 2242 hylariter
1852 2148 2223 2219 obtulistis,
2251 2149 2354 2219 De
2391 2146 2923 2242 triumphalibus
2950 2167 3118 2217 vero
3150 2146 3404 2217 nostris
3430 2157 3510 2218 ut
3540 2146 3759 2241 impe-

932 2269 1203 2341 rialium
1238 2270 1514 2365 apicum
1549 2281 1751 2342 tenor
1773 2281 1937 2343 vota
1975 2280 2206 2343 vestra
2234 2270 2551 2363 letificet,
2588 2272 2763 2343 scire
2794 2292 2923 2344 vos
2953 2270 3271 2365 cupimus
3310 2269 3503 2363 quod
3537 2292 3761 2362 quan-

931 2414 1142 2485 quam
1185 2393 1472 2467 victorie
1526 2403 1761 2466 nostre
1807 2416 2086 2467 cursum
2132 2395 2271 2466 huc
2313 2416 2535 2488 usque
2582 2394 2958 2466 tardaverit
2997 2392 3457 2486 quorumdam
3502 2393 3760 2465 furiosa

929 2517 1220 2589 rebellio
1261 2527 1333 2590 et
1366 2528 1646 2591 versuta
1677 2518 2019 2590 calliditas
2065 2517 2486 2612 aliquorum,
2523 2518 2817 2589 faciente
2849 2518 3283 2590 exercituum
3313 2516 3608 2589 Domino
3640 2518 3759 2610 qui

927 2662 1058 2736 per
1087 2641 1352 2733 justitie
1384 2642 1655 2735 gladios
1684 2642 1835 2716 vias
1878 2642 2104 2737 aperit
2134 2663 2407 2735 regum,
2438 2641 2621 2714 circa
2654 2651 2886 2736 partes
2914 2640 3219 2713 Ausonio
3250 2650 3759 2713 commorantes

927 2766 1303 2858 gloriosum
1320 2776 1679 2863 ceptorum
1702 2765 1911 2841 finem
1940 2767 2295 2840 deditione
2319 2765 2592 2860 Ligurie
2610 2766 2756 2858 jam
2787 2761 3245 2863 [imminente]
3264 2766 3750 2859 prestolamur.

1034 3346 1458 3431 Commune
1497 3348 1867 3434 Novariae
1908 3348 2223 3433 domino
2271 3375 2512 3459 papae
2562 3349 2937 3459 supplicat
2972 3351 3181 3460 quod
3230 3351 3340 3433 eis
3390 3375 3546 3435 non
3603 3376 3753 3433 au-

924 3478 1118 3562 ferat
1160 3480 1498 3590 legatum
1547 3480 2007 3590 Gregorium
2059 3482 2157 3564 de
2193 3482 2711 3591 Montelong0‚
2764 3483 2899 3590 qui
2944 3483 3023 3564 in
3075 3494 3451 3567 conventu
3503 3484 3753 3568 socie—

923 3611 1099 3695 tatis
1159 3613 1661 3696 Lombardiae
1720 3614 2198 3698 nuntiaverat
2258 3641 2341 3698 se
2395 3616 2494 3698 ad
2554 3614 2847 3698 curiam
2909 3615 3332 3699 Romanam
3405 3618 3753 3700 recedere

920 3744 1137 3829 velle.

1081 3948 1333 4027 (laedit.
1363 3966 1438 4011 ex
1466 3949 1599 4010 cod.
1630 3949 1781 4009 Btbl.
1811 3950 2073 4012 univers.
2104 3950 2386 4028 Leipstc.,
2414 3960 2482 4009 n⁰
2509 3958 2661 4012 1268
2680 3995 2697 4028 ‚
2729 3948 2834 4009 fol.
2876 3953 3214 4028 12650u1us
3249 3951 3530 4028 epistolae
3558 3951 3748 4027 epito-

1156 4073 1296 4115 men
1329 4055 1745 4129 tantummodo
1770 4054 2145 4133 exhibemu8‚
2171 4055 2287 4117 boc
2309 4055 2510 4115 addito
2542 4056 2671 4115 loco
2699 4056 2805 4131 qut
2839 4057 3028 4134 magis
3054 4056 3131 4116 ad
3159 4072 3282 4116 rem
3311 4062 3578 4116 nostram
3609 4071 3746 4132 per-

1156 4165 1344 4222 tinere
1371 4160 1655 4241 videtur.)

1016 4402 1036 4418 .
1097 4400 1117 4419 .
1181 4400 1200 4418 .
1262 4399 1281 4418 .
1335 4347 1637 4421 Novarie
1669 4346 1913 4421 civitas
1941 4348 2123 4418 inter
2157 4346 2329 4419 alias
2357 4346 2495 4419 fide
2524 4349 2864 4442 preclara,
2900 4347 3432 4443 procurantibus
3461 4346 3743 4440 quibus-

911 4473 1074 4545 dam
1115 4472 1238 4565 qui
1279 4492 1423 4543 non
1468 4471 1754 4567 impune
1803 4472 2229 4563 transibunt,
2255 4472 2405 4562 jam
2446 4492 2670 4565 nuper
2709 4482 2857 4543 erat
2896 4472 2970 4543 in
3009 4471 3336 4544 Friderici
3383 4471 3740 4564 quondam

992 4646 1076 4726 (a)
1120 4648 1390 4707 Forsitan
1417 4646 1732 4724 legendum
1760 4642 1983 4706 devotos
2006 4664 2046 4705 a
2073 4645 2235 4707 nobis
2259 4652 2381 4707 eta
2407 4643 2621 4706 devotis
2645 4662 2770 4707 nos.

990 4752 1073 4832 (b)
1117 4753 1311 4813 Locus
1334 4754 1654 4812 certissime
1678 4750 1943 4812 mutilus.
