4525 6031
1585 664 1839 726 INDEX
1886 664 2592 728 DOCUMENTORUM.
3387 670 3503 731 971

695 868 921 946 1248

669 1004 946 1076 augusto.
989 993 1166 1070 Apud
1194 992 1399 1054 Casale
1441 1026 1525 1038 —
1561 993 1893 1056 Conventui
1919 997 2288 1057 casaenovae
2314 999 2606 1074 promittit
2633 997 2795 1075 quod
2824 997 2900 1058 ab
2926 1000 3056 1074 ipso
3083 998 3356 1058 collectas
3386 1016 3510 1058 non

1036 1089 1103 1153 S.
1130 1091 1357 1153 Evasii.
1522 1095 1640 1154 nisi
1667 1111 1770 1170 per
1796 1095 2194 1156 marchionem
2222 1096 2508 1156 Jacobum
2540 1097 2614 1155 de
2641 1095 2875 1156 Caretto
2901 1095 3095 1173 colligi
3119 1094 3316 1155 faciet.
3392 1104 3499 1155 641

715 1196 904 1278 [aug]
986 1241 1002 1258 .
1050 1241 1067 1259 .
1118 1241 1135 1259 .
1185 1241 1202 1258 .
1250 1242 1269 1260 .
1316 1240 1335 1258 .
1396 1243 1415 1261 ,
1446 1223 1529 1235 -
1568 1189 1818 1252 Cuidam
1869 1195 2098 1253 civitati
2161 1194 2462 1255 Marchiae
2517 1192 2815 1272 significat
2864 1210 2928 1253 se
2994 1195 3111 1253 cito
3156 1196 3379 1252 iturum
3433 1192 3511 1252 ad

1525 1292 1723 1362 partes
1775 1303 1980 1347 eorum
1997 1331 2014 1359 ,
2070 1290 2251 1349 rebus
2305 1289 2681 1350 Pedemontis
2733 1288 2837 1349 ubi
2887 1295 3107 1349 terram
3157 1287 3513 1348 marchionis

1525 1382 1945 1444 Montisferrati
1989 1386 2303 1462 proditoris
2344 1390 2438 1447 sui
2478 1387 2890 1464 depopulatur,
2922 1389 2983 1446 in
3030 1387 3301 1462 proxImo
3327 1401 3510 1462 expe-

1528 1479 1589 1539 dl
1674 1523 1689 1539 .

639 1543 646 1546 -
724 1583 911 1664 [aug.]
986 1626 1410 1647 .......
1450 1609 1528 1622 —-
1569 1481 1714 1655 ἕξεί
1758 1578 2062 1640 Sardiniae
2114 1578 2238 1640 filio
2283 1597 2392 1641 suo
2430 1587 2637 1642 narrat
2689 1580 2889 1641 felices
2942 1597 3080 1640 suos
3132 1581 3195 1639 in
3243 1490 3512 1656 partlm}

1526 1673 1948 1735 Montisferrati
1973 1693 2300 1738 successus,
3395 1685 3508 1737 643

725 1778 910 1860 [aug]
985 1822 1002 1840 .
1051 1824 1068 1841 ,
1116 1822 1135 1842 ,
1180 1820 1202 1841 .
1251 1823 1267 1842 ,
1316 1822 1335 1842 ,
1395 1821 1416 1842 ,
1446 1801 1529 1817 -
1565 1772 1814 1833 Nuntiat
1853 1775 1976 1851 regi
2016 1774 2344 1851 Anglorum
2391 1777 2553 1850 quod
2599 1792 2722 1834 non
2766 1776 2961 1850 potuit
3000 1773 3265 1833 obtinere
3302 1789 3511 1849 pacem

1524 1885 1663 1929 cum
1688 1886 1863 1947 papa,
1895 1871 2032 1931 licet
2056 1887 2162 1931 rex
2190 1872 2548 1932 Francorum
2584 1879 2778 1947 partes
2805 1889 2943 1932 suas
2968 1872 3124 1947 apud
3154 1887 3292 1931 eum
3324 1872 3511 1931 inter-

1526 1968 1806 2042 posuerit.
3395 1975 3512 2026 644

709 2076 744 2128 s
762 2076 910 2147 sept.
981 2071 1160 2150 Apud
1185 2071 1412 2134 Came,
1447 2094 1527 2106 -—·
1566 2062 1850 2123 Potestati
1884 2063 2156 2140 Papiensi
2185 2065 2432 2124 mandat
2461 2071 2528 2124 ut
2564 2081 2738 2141 supe-r
2772 2065 3174 2124 recollectione
3214 2067 3511 2125 tertiariae

1523 2165 1913 2234 proventuum
1948 2163 2290 2221 monasterii
2333 2162 2534 2222 Sancti
2564 2162 2885 2222 salvatoris
2920 2162 2995 2222 de
3030 2162 3214 2239 Papia
3253 2161 3508 2238 aliquem

1523 2256 1802 2316 idoneum
1840 2263 2092 2337 statuat,
2130 2276 2234 2335 per
2283 2275 2458 2335 quem
2503 2259 2716 2319 domus
2752 2259 2940 2335 ipsius
2967 2261 3303 2319 monasterii
3333 2276 3504 2334 repa·

1523 2359 1750 2414 rentur.
3388 2364 3504 2417 653

713 2461 747 2514 8
777 2469 920 2515 nov.
1044 2458 1350 2523 Vermina.
1443 2480 1526 2491 -—
1563 2450 1850 2511 Comitem
1879 2451 2286 2523 Allemanum‚
2317 2452 2526 2513 fratres
2558 2456 2683 2530 ejus
2715 2457 2776 2512 et
2805 2454 3065 2529 ipsorum
3101 2458 3404 2512 consortes
3432 2453 3507 2513 de

1524 2549 1810 2607 comitatu
1837 2549 2117 2610 Radicate
2151 2550 2397 2608 investit
2431 2566 2570 2608 cum
2600 2548 2871 2609 omnibus
2897 2552 3291 2625 pertinentiis,
3321 2551 3505 2626 privi-

1524 2644 1695 2720 legiis
1720 2650 1781 2704 et
1806 2647 1984 2704 etiam
2008 2661 2171 2705 mero
2200 2651 2262 2705 et
2287 2648 2475 2705 mixto
2500 2647 2764 2721 imperio.
2908 2715 2913 2720 ,
3040 2715 3045 2720 ,
3388 2655 3503 2706 656

715 2758 748 2809 ’1
778 2768 916 2812 nov.
1045 2746 1351 2810 Vercellis.
1445 2773 1527 2785 —
1566 2744 1827 2804 Revocat
1861 2744 2233 2803 donationem
2270 2761 2450 2820 quam
2486 2744 2690 2804 Ottoni
2717 2744 3017 2821 quondam
3045 2743 3180 2805 duci
3208 2744 3507 2806 Meraniae

1525 2839 1600 2899 de
1626 2840 1920 2917 regalibus
1943 2843 2005 2900 in
2034 2842 2273 2900 civitate
2298 2841 2609 2901 Bisuntina
2634 2841 2873 2901 fecerat.
3387 2850 3499 2902 657

714 2952 751 3003 8
771 2960 915 3005 nov.
1045 2941 1346 3004 Vercellis.
1444 2970 1526 2984 -
1564 2938 1828 2998 Amedeo
1853 2939 2053 2999 comiti
2086 2938 2416 2999 sabaudiae
2450 2944 2511 2998 et
2537 2941 2737 2999 comiti
2765 2939 3081 3000 Thomasio
3113 2939 3186 2998 de
3211 2939 3505 3001 Sabaudia

1523 3036 1691 3096 fratri
1732 3039 1864 3112 ejus
1897 3043 2245 3113 potestatem
2290 3034 2559 3097 conce‘dit
2599 3041 2760 3114 pacis
2808 3039 2961 3097 inter
2997 3055 3061 3097 se
3104 3044 3164 3098 et
3203 3055 3504 3099 summum

1523 3131 2207 3208 pontiiioemtractandae
2221 3132 3351 3209 secundumi'ormamipsiusasedatam.
3388 3143 3501 3194 657

671 3234 947 3298 novemb.
1043 3230 1347 3295 Vercellis.
1447 3260 1524 3273 —
1563 3230 1850 3290 Comitem
1884 3230 2269 3289 Thomasium
2299 3231 2373 3289 de
2414 3229 2707 3289 Sabaudia
2743 3231 3030 3289 vicarium
3058 3232 3288 3307 imperii
3325 3248 3504 3309 gene-

1521 3326 1704 3385 ralem
1731 3342 1768 3385 a
1795 3325 1975 3401 Papia
2002 3329 2271 3401 superius
2304 3328 2625 3386 constituit.
3388 3336 3503 3389 658

670 3429 949 3492 novemb,
1044 3426 1338 3489 Vercellis,
1441 3452 1524 3464 —
1561 3419 1778 3480 Comiti
1805 3421 2124 3480 Thomasio
2155 3422 2229 3481 de
2264 3421 2558 3481 sabaudia
2582 3427 2643 3481 et
2667 3421 2805 3480 filiis
2832 3423 2958 3497 ejus
2984 3420 3258 3500 legitimis
3286 3425 3505 3483 utrius-

671 3527 682 3538 ’
1520 3532 1637 3593 que
1662 3532 1839 3576 sexus
1864 3518 1926 3574 in
1956 3523 2300 3592 perpetuum
2334 3520 2397 3575 in
2425 3524 2648 3577 rectum
2683 3516 2927 3577 feudum
2956 3516 3325 3594 Canapitium
3365 3535 3505 3579 cum

1521 3613 1851 3674 rationibus
1877 3619 1936 3672 et
1961 3615 2325 3689 pertinentiis
2352 3615 2640 3687 concedit,
2672 3614 2785 3675 sub
2815 3614 2936 3676 ilde
2962 3615 3223 3693 homagii
3258 3619 3503 3693 imperio

1521 3709 1795 3770 faciendi.
3385 3722 3501 3774 658

670 3814 945 3875 novemb,
1043 3809 1345 3875 Vercellis.
1445 3840 1523 3851 —-
1562 3805 1777 3866 Comiti
1802 3806 2117 3867 Thomasio
2143 3807 2217 3867 de
2242 3806 2539 3867 Sabaudia
2568 3812 2629 3865 et
2654 3807 2792 3866 filiis
2819 3810 2949 3883 ejus
2973 3808 3251 3884 legitimis
3278 3812 3502 3869 utrius·

1521 3920 1636 3981 que
1678 3919 1859 3962 sexus
1898 3905 1962 3961 in
2003 3909 2353 3980 perpetuum
2386 3906 2450 3962 in
2486 3911 2712 3962 rectum
2746 3904 2989 3963 feudum
3025 3905 3291 3964 Montem
3335 3906 3504 3966 Cale-

1520 4001 1674 4059 rium
1710 4004 1771 4058 et
1805 3997 2077 4059 Castrum
2110 4000 2298 4062 Vetus
2323 4016 2460 4060 cum
2490 3999 2816 4060 rationibus
2855 4005 2916 4059 et
2954 4002 3320 4077 pertinentiis
3354 4018 3499 4061 con-

1520 4096 1699 4156 eedit.
3384 4106 3499 4157 660

667 4199 946 4262 novemb.
1047 4196 1344 4260 Vercellis.
1439 4224 1523 4236 —
1561 4191 1775 4277 Comiti
1834 4191 2150 4251 Thomasio
2194 4191 2271 4252 de
2321 4191 2616 4253 Sabaudia
2663 4197 2724 4251 et
2763 4190 2904 4252 filiis
2948 4195 3108 4269 ejus,
3151 4198 3291 4266 etc„
3341 4195 3502 4253 civi-

1519 4295 1703 4349 tatem
1729 4288 2079 4365 Eporediam
2103 4304 2242 4348 cum
2278 4288 2605 4349 rationibus
2639 4293 2699 4349 et
2724 4292 3089 4365 pertinentiis
3125 4292 3256 4366 ejus
3290 4306 3500 4350 conce-

1520 4385 1629 4455 dit,
1656 4392 1773 4444 etc.
3381 4395 3492 4447 661

667 4486 945 4548 novemb.
1043 4484 1340 4548 Vercellis.
1397 4538 1398 4541 ,
1443 4517 1523 4527 -
1561 4483 1774 4544 Comiti
1795 4483 2112 4542 Thomasio
2133 4481 2207 4542 de
2227 4482 2521 4543 Sabaudia
2539 4489 2599 4542 et
2614 4482 2753 4543 filiis
2777 4486 2925 4559 ejus,
2950 4489 3089 4561 etc„
3113 4483 3339 4543 confert
3358 4486 3501 4544 civi-

1520 4587 1701 4641 tatem
1723 4581 2072 4656 Eporediam
2098 4597 2214 4640 una
2233 4598 2369 4640 cum
2392 4583 2681 4641 territorio
2703 4582 2987 4656 Canapitii
3006 4588 3066 4640 et
3087 4584 3245 4640 omni
3276 4583 3502 4642 ratione

1520 4679 1597 4737 ad
1625 4695 1689 4738 se
1711 4685 1771 4738 et
1797 4677 2105 4753 imperium
2133 4685 2434 4753 spectante
2461 4681 2527 4737 in
2553 4684 2811 4739 castrum
2838 4680 2913 4738 de
2938 4678 3158 4739 Lanzo.
3381 4687 3497 4740 662

671 4773 946 4836 novemb.
1041 4774 1343 4838 Vercellis.
1442 4806 1523 4820 -
1562 4774 1704 4834 Sese
1747 4774 1968 4852 obligat
2013 4775 2112 4845 ad,
2132 4775 2558 4853 acquirendum
2603 4775 2756 4836 ini'ra
2804 4776 2953 4851 duos
2976 4792 3187 4849 ⁸ann-os
3241 4782 3499 4838 castrum
