4525 6031
1053 613 1175 675 742
2048 609 2481 674 rmum-101
2530 608 2884 672 suumn
3494 609 3658 690 [Anu.
3695 610 3876 674 1240.

1050 758 1300 821 stratas
1328 757 1400 820 et
1434 748 1691 819 itinera.
1726 747 2006 841 publica
2036 765 2213 818 ausu
2247 746 2616 819 temerario
2645 746 2914 818 violare
2942 749 3402 840 presumunt,
3445 744 3870 835 criminaleS,

1050 873 1289 945 civiles
1334 880 1409 943 et
1444 871 1765 943 liberales
1797 869 2037 942 audiat
2086 879 2163 941 et
2204 870 2623 942 determinet
2654 868 3092 963 questiones,
3134 889 3432 961 quarum
3472 870 3776 962 cognitio
3819 870 3879 941 si

1047 1015 1178 1068 nos
1204 1005 1564 1090 presentes
1593 1013 1902 1066 essemus
1933 994 2027 1066 ad
2058 1002 2372 1065 nostrum
2397 993 2739 1086 judicium
2767 992 3188 1086 pertineret,
3221 991 3623 1086 ,puniendos
3648 993 3881 1086 inqui-

1047 1135 1211 1187 rens
1236 1125 1309 1186 et
1326 1114 1624 1208 puniens
1651 1112 2045 1205 inquisitos.
2075 1114 2372 1184 Decreta
2398 1113 2642 1206 utique
2667 1113 3064 1206 interponat
3081 1132 3224 1204 que
3244 1111 3316 1182 in
3343 1112 3878 1184 alienationibus

1047 1259 1282 1310 rerum
1318 1237 1939 1309 ecclesiasticarum
1975 1247 2051 1308 et
2091 1237 2442 1309 minorum
2477 1258 2564 1308 ac
2595 1237 3056 1309 transactione
3105 1236 3590 1308 alimentorum
3626 1257 3875 1308 secun-

1050 1362 1217 1434 dum
1247 1361 1586 1453 justitiam
1626 1360 1974 1455 interponi
2014 1362 2270 1452 solent,
2303 1372 2375 1432 et
2403 1371 2485 1434 ut
2515 1360 2901 1432 minoribus
2933 1370 3008 1431 et
3040 1359 3420 1451 majoribus
3445 1361 3705 1454 quibus
3730 1361 3878 1432 nni·

1047 1484 1345 1558 versalia
1383 1485 1546 1575 jura
1580 1494 1993 1555 succurrunt
2033 1505 2243 1557 causa
2286 1485 2568 1577 cognita
2603 1484 3059 1556 restitutionis
3100 1484 3172 1554 in
3222 1485 3572 1577 integrum
3610 1481 3875 1557 benefi-

1050 1609 1234 1681 cium
1251 1608 1611 1700 largiatur,
1627 1610 1907 1702 plenam
1931 1607 2062 1678 sibi
2079 1608 2529 1680 concedimus
2553 1617 2998 1703 potestatem,
3021 1608 3134 1679 Ad
3155 1608 3581 1680 audientiam
3596 1630 3875 1704 quoque

1050 1731 1267 1826 ipsius
1293 1731 1792 1826 appellationes
1828 1731 2084 1802 deferri
2111 1731 2437 1803 volumus
2481 1752 2660 1824 quas
2695 1753 2738 1802 a
2773 1732 3131 1804 sententiis
3157 1732 3666 1806 ordinariorum
3699 1734 3878 1826 judi—

1053 1873 1213 1926 cum
1259 1874 1349 1925 ac
1383 1874 1625 1925 eorum
1657 1853 1968 1925 omnium
2009 1853 2130 1946 qui
2178 1853 2735 1946 jurisdictionem
2785 1855 2877 1925 ab
2920 1854 3210 1951 imperio
3254 1856 3442 1927 nacti
3492 1866 3657 1928 sunt
3699 1857 3878 1928 infra

1053 1980 1409 2072 regionem
1435 1980 1654 2074 ipsam
1688 1989 1759 2051 et
1790 1980 1941 2070 ejus
1976 1979 2310 2051 terminos
2340 1981 2706 2073 contigerit
2738 1980 3120 2075 interponi,
3157 1982 3291 2053 nisi
3319 1983 3497 2054 forte
3521 1983 3634 2054 vel
3669 2001 3876 2055 cause

1055 2104 1352 2197 qualitas
1380 2103 1492 2174 vel
1527 2121 1858 2174 numerus
1884 2103 2429 2197 appellationum
2459 2102 2596 2176 hoc
2629 2103 2943 2175 adimant
2983 2105 3389 2200 appellanti,
3435 2116 3517 2177 ut
3555 2115 3787 2176 tamen
3834 2125 3876 2175 a

1056 2227 1416 2298 sententiis
1448 2225 1590 2296 suis
1619 2221 1714 2298 ad
1747 2225 2171 2297 audientiam
2208 2237 2518 2299 nostram
2550 2227 2765 2299 libere
2804 2229 3037 2299 valeat
3070 2229 3459 2324 provocari.
3494 2226 3879 2301 ordinandi

1056 2367 1335 2444 quoque
1358 2341 1630 2440 judices
1671 2357 1744 2419 et
1785 2346 2090 2419 notarios
2122 2349 2402 2442 plenam
2438 2349 2668 2421 eidem
2709 2350 2941 2442 legato
2976 2351 3399 2422 conferimus
3429 2359 3872 2445 potestatem.

1055 2468 1393 2560 Quocirca
1434 2473 1695 2545 dictum
1750 2472 2077 2543 comitem
2118 2473 2428 2565 legatum
2460 2483 2533 2543 et
2573 2472 2924 2567 presidem
2967 2482 3290 2544 nostrum
3334 2484 3409 2544 et
3449 2474 3760 2568 imperii,
3798 2485 3880 2546 ut

1055 2598 1386 2689 diximus,
1418 2598 1490 2667 in
1522 2596 1804 2689 regione
1843 2593 2107 2690 prefata
2141 2616 2184 2667 a
2208 2606 2448 2670 nostra
2474 2598 2840 2689 majestate
2870 2607 3206 2669 statutum
3233 2607 3563 2692 tanquam
3588 2613 3875 2692 presen-

1055 2715 1149 2793 tie
1201 2732 1437 2794 nostre
1501 2720 1863 2816 speculum
1906 2720 2174 2791 sincere
2224 2720 2617 2794 devotionis
2673 2717 3036 2793 affectibus
3098 2720 3545 2793 admittentes
3561 2774 3584 2812 ,
3648 2721 3875 2794 eidem

1054 2861 1265 2938 snper
1292 2842 1616 2916 omnibus
1646 2852 1717 2914 et
1744 2842 2033 2933 singulis
2062 2860 2200 2935 que
2231 2842 2326 2914 ad
2352 2841 2795 2915 commissum
2823 2843 2951 2916 sibi
2986 2842 3350 2937 legationis
3382 2855 3454 2916 et
3483 2842 3877 2938 presidatus

1052 2965 1382 3056 officium,
1415 2973 1496 3036 ut
1517 2964 1835 3059 superius
1853 2973 1959 3036 est
1984 2943 2423 3060 ekpressum,
2448 2966 2801 3061 pertinere
2830 2977 3245 3057 noscuntur,
3266 2976 3597 3062 tanquam
3619 2968 3872 3060 majes-

1052 3087 1176 3163 tati
1211 3101 1447 3163 nostre
1479 3108 1774 3183 persone
1809 3089 1902 3160 ad
1934 3088 2271 3162 honorem
2296 3098 2368 3161 et
2399 3088 2802 3162 fidelitatem
2830 3101 3142 3163 nostram
3169 3091 3560 3184 intendere,
3588 3092 3875 3166 obedire

1053 3224 1125 3287 et
1161 3231 1409 3311 parere
1437 3208 1809 3284 efficaciter
1842 3210 2184 3302 debeatis,
2213 3221 2295 3283 ut
2323 3213 2770 3286 devotionem
2805 3224 3109 3287 vestram
3138 3215 3430 3311 proinde
3463 3215 3557 3287 de
3583 3216 3772 3289 bono
3801 3217 3874 3288 iu

1051 3337 1302 3409 melius
1332 3335 1562 3427 dignis
1601 3334 1886 3405 laudum
1923 3335 2268 3427 preconiis
2304 3338 2748 3409 extollamus.

1149 3462 1401 3531 Datum
1420 3456 1828 3545 Beneventi,
1854 3474 2045 3528 anno
2069 3456 2416 3531 dominice
2448 3459 2943 3533 incarnationis
2969 3460 3374 3553 Mccxux,
3397 3480 3642 3534 mense
3661 3462 3868 3555 junii,

1055 3582 1353 3678 septime
1372 3576 1771 3653 indictionis
1795 3575 1931 3675 (t).

3153 3843 3420 3854 ,σ--ι-

1159 4031 1612 4137 FridericUS‚
1653 4032 2170 4115 Romanorum
2209 4031 2652 4141 imperator,
2685 4033 2946 4117 comiti
2980 4034 3387 4117 Thomasio
3422 4034 3522 4115 de
3555 4032 3869 4116 Sabau-

1050 4164 1182 4248 dia
1211 4189 1357 4274 pro
1390 4165 1627 4275 gratis
1662 4164 1826 4274 ejus
1865 4164 2189 4248 servitiis
2224 4190 2425 4276 quae
2472 4165 2797 4250 contulit
2843 4166 3038 4248 etin
3072 4176 3298 4248 antea
3335 4164 3677 4248 conferre
3710 4189 3870 4273 po-

1126 4431 1202 4503 (⁴)
1239 4429 1442 4486 Adest
1426 4444 1483 4483 in
1511 4427 1731 4487 archivo
1761 4429 2073 4486 Taurinensi
2098 4430 2201 4487 sub
2232 4430 2424 4488 eodem
2455 4430 2740 4500 fasciculo,
2769 4438 2832 4486 n⁰
2856 4431 2948 4499 23,
2977 4429 3209 4486 alterum
3232 4429 3475 4502 ejusdem
3504 4429 3872 4488 concessionis

1052 4524 1355 4598 exemplar,
1381 4524 1486 4597 ipsi
1510 4530 1690 4582 tamen
1715 4524 2000 4582 'rhomo
2028 4525 2328 4596 directum,
2357 4524 2456 4581 ub*
2498 4524 2646 4582 diem
2686 4526 2887 4583 memb
2924 4526 3169 4583 meatum
3206 4535 3340 4582 esne
3369 4525 3585 4597 dieunt,
3625 4524 3873 4584 videlicet

1050 4621 1528 4694 Wurstemberger
1544 4624 1605 4680 2⁴
1637 4621 1773 4695 junii
1798 4625 1854 4677 et
1880 4620 2122 4678 Cibrario
2152 4623 2322 4692 (Hist.
2351 4620 2413 4677 di
2436 4620 2666 4693 Saucia,
2693 4628 2736 4679 t.
2765 4622 2843 4693 11,
2873 4639 2930 4696 p.
2959 4625 3057 4692 52,
3087 4629 3208 4678 not
3227 4622 3312 4693 3),
3349 4624 3388 4676 ὓ
3414 4621 3564 4695 julii3
3594 4621 3871 4680 verisimi—

1050 4722 1171 4779 liter
1197 4726 1374 4778 tamen
1404 4718 1461 4775 in
1484 4717 1589 4775 hoc
1613 4718 1802 4775 ultimo
1831 4720 1863 4773 6
1894 4716 2187 4791 [kalendas]
2210 4716 2349 4791 julii
2369 4717 2802 4776 subaudiendum
2830 4724 2946 4790 est,
2982 4714 3134 4793 quod
3155 4723 3225 4777 26
3251 4718 3394 4791 junii
3408 4724 3581 4776 sonat.
