4525 6031
647 3064 695 3116 [J
700 3065 828 3115 unm]

954 639 1075 704 558
1951 639 2379 701 anssmcl
2430 638 2776 700 SECUNDI
3403 637 3565 720 [Atta.
3604 636 3781 698 1247.

955 773 1158 846 tionis
1202 772 1520 866 spiritum
1561 793 1603 843 a
1648 772 1854 844 nobis
1898 773 2181 845 devotio
2220 783 2453 846 vestra
2494 772 2860 867 suscipiat,
2902 780 2973 844 et
3016 772 3378 845 nobiscum
3422 780 3788 865 expectate

953 896 1241 967 victorie
1273 949 1294 985 ,
1348 896 1550 987 cujus
1597 894 1687 966 de
1738 896 2041 969 nefanda
2090 897 2471 968 rebellione
2530 896 3005 967 Parmensium
3070 895 3532 968 indubitatam
3591 912 3784 987 spem

954 1019 1284 1110 gerimus,
1323 1028 1522 1109 grata
1553 1018 2077 1112 participatione
2110 1020 2391 1108 letetur,
2429 1018 2605 1090 scire
2634 1039 2765 1090 vos
2795 1019 3122 1090 volumus
3148 1017 3341 1112 quod
3386 1016 3501 1088 die
3549 1014 3790 1087 martis

959 1140 1268 1212 secundo
1288 1141 1630 1235 presentis
1654 1140 1908 1211 mensis
1929 1137 2058 1236 (a),
2073 1141 2166 1213 ad
2183 1141 2617 1213 obsidionem
2639 1142 2881 1214 Parme
2891 1142 3261 1213 victoriose
3282 1138 3743 1236 processimus
3764 1157 3783 1199 τ

957 1263 1437 1334 assistentibus
1463 1263 1664 1334 nobis
1686 1272 2080 1336 nostrorum
2102 1262 2415 1336 fidelium
2435 1265 2727 1355 viribus,
2751 1266 2872 1358 qui
2895 1265 2986 1337 de
3010 1264 3491 1358 adjacentibus
3519 1261 3790 1354 Ligurio

962 1386 1273 1481 partibus
1298 1386 1688 1457 voluntarie
1722 1397 2223 1459 convenerunt.
2252 1388 2483 1472 Quare
2511 1388 2868 1461 devotioni
2905 1400 3133 1460 vestre
3165 1386 3587 1483 precipimus
3614 1403 3789 1476 qua-

964 1514 1167 1582 tenus
1188 1563 1208 1598 ,
1243 1510 1423 1581 sicut
1455 1531 1766 1601 unquam
1793 1511 2086 1602 gratiam
2118 1520 2428 1583 nostram
2474 1511 2757 1584 charam
2789 1511 3062 1584 habetis
3099 1522 3168 1582 et
3200 1519 3508 1583 nostram
3540 1528 3624 1579 ac
3656 1507 3788 1577 im-

962 1633 1137 1727 perii
1165 1632 1660 1704 exaltationem
1687 1631 2107 1724 diligitis‚ad
2128 1634 2644 1728 requisitionem
2674 1633 3005 1705 Friderici
3036 1633 3125 1704 de
3158 1628 3791 1717 Antiochia‚comi-

967 1756 1052 1827 tis
1087 1755 1264 1826 Albe
1300 1766 1372 1826 et
1407 1755 1582 1826 sacri
1611 1755 1880 1849 imperii
1911 1756 1983 1827 in
2012 1756 2305 1829 Thuscia
2328 1758 2565 1829 vicarii
2591 1757 2961 1850 generaliS,
2991 1755 3227 1828 dilecti
3253 1753 3377 1826 filii
3405 1752 3654 1840 nostri,
3678 1750 3793 1823 cui

965 1878 1225 1949 exinde
1279 1878 1676 1967 scribimuS,
1744 1888 2386 1972 quantumcumque
2442 1880 2734 1974 potestis
2792 1879 3310 1951 multitudinem
3372 1877 3792 1950 bellatorum

964 2002 1059 2074 ad
1088 2000 1361 2072 felicem
1400 2002 1784 2072 exercitum
1816 2012 2166 2092 nostrum,
2203 2004 2404 2094 cujus
2436 2012 2542 2074 est
2563 2003 2711 2094 jam
2745 2013 2979 2096 presto
3012 2002 3335 2091 victoria,
3370 2006 3694 2095 potenter
3724 2005 3797 2068 et

966 2123 1278 2195 hilariter
1318 2124 1796 2196 transmittatis
1835 2150 1852 2194 :
1904 2124 1994 2195 de
2042 2126 2311 2218 quesite
2353 2125 2580 2197 laudis
2621 2125 2838 2197 titulis
2878 2124 3196 2214 letaturi,
3233 2146 3395 2197 cum
3445 2123 3532 2195 de
3577 2120 3798 2215 ipsius

969 2248 1178 2319 celeri
1211 2248 1727 2341 expugnatione
1754 2245 2082 2319 fiduciam
2110 2248 2615 2341 egredientium
2647 2249 2975 2322 continue
3007 2247 3096 2319 de
3127 2257 3312 2320 terra
3339 2247 3491 2341 ipsa
3516 2243 3790 2331 relat10‚

970 2393 1149 2464 quos
1188 2392 1330 2442 non
1373 2370 1446 2441 in
1492 2370 1764 2442 modica
1808 2371 2196 2462 quantitate
2241 2373 2584 2465 presentis
2629 2371 2940 2468 potentie
2989 2379 3225 2444 nostre
3271 2370 3477 2442 timor
3521 2364 3790 2455 educit,

970 2494 1502 2567 indubitabilem
1529 2494 1887 2586 largiatur,
1923 2504 2059 2567 etc.

1078 3039 1505 3122 Fridericus
1557 3040 1657 3122 de
1719 3039 2124 3123 Antiochia
2147 3100 2171 3146 ,
2226 3039 2524 3148 imperii
2578 3040 2657 3121 in
2714 3041 2991 3124 Tuscia
3041 3041 3367 3125 vicarius
3392 3102 3416 3148 ,
3479 3040 3800 3149 receptis

970 3171 1239 3253 litteris
1276 3171 1533 3253 fratris
1572 3170 1691 3252 sui
1727 3171 2030 3255 Henrici
2067 3172 2300 3280 regiS,
2343 3172 2757 3281 imperialis
2794 3174 2875 3254 in
2912 3173 3128 3256 Italia
3171 3173 3424 3283 legati,
3467 3171 3803 3281 quibus—

968 3306 1151 3387 dam
1202 3304 1558 3387 fidelibus
1606 3306 1923 3389 mandat
1974 3316 2062 3389 ut
2104 3331 2368 3388 secum
2414 3309 2514 3390 ad
2563 3307 3041 3391 obsidionem
3094 3305 3410 3390 Parmae
3457 3305 3804 3390 celeriter

972 3438 1304 3520 veniant.

1161 3649 1352 3728 (Edit.
1382 3665 1483 3727 ap.
1512 3648 1681 3711 Petri
1705 3646 1774 3709 de
1812 3649 1940 3713 Vin.
1963 3650 2155 3731 epita,
2182 3649 2391 3729 ltb.Y,
2421 3666 2554 3729 cap.
2585 3650 2804 3714 CXVII
2829 3657 2891 3711 et
2917 3648 3196 3729 cxvn13
3215 3648 3319 3709 lib.
3343 3648 3427 3723 11,
3451 3665 3582 3727 cap.
3605 3648 3799 3729 LIX.)

2359 3888 2391 3958 1

1063 4060 1438 4134 Intellectis
1478 4081 1607 4156 per
1644 4079 1772 4131 vos
1810 4079 1907 4131 ex
1947 4065 2341 4128 vestrarum
2383 4052 2561 4124 serie
2597 4052 2980 4137 literarum,
3012 4057 3082 4119 et
3122 4060 3476 4139 gratanter
3506 4056 3808 4145 receptis

963 4187 1360 4259 rumoribus
1388 4184 1478 4256 de
1509 4183 1803 4256 victoria
1840 4189 1912 4253 et
1945 4178 2300 4272 triumpho
2333 4196 2464 4269 per
2494 4195 2621 4246 vos
2653 4170 3093 4242 laudabiliter
3127 4168 3378 4240 habitis
3411 4180 3654 4244 contra
3690 4181 3805 4246 re-

964 4310 1185 4381 belles
1215 4308 1513 4404 imperii,
1542 4306 1803 4379 exinde
1832 4302 2309 4395 concipientes
2341 4295 2676 4388 gaudium
2710 4294 3151 4382 immensum,
3182 4290 3488 4363 studium
3516 4294 3809 4368 evidens

1052 4507 1138 4589 (a)
1179 4510 1249 4571 In
1278 4513 1568 4586 impresso
1600 4503 1693 4564 die
1723 4499 1975 4563 secundo
2002 4496 2332 4578 praesentis
2369 4493 2580 4553 mensis
2614 4494 2871 4572 auqmti.
2902 4492 3092 4565 Quem
3125 4490 3321 4550 locum
3364 4499 3638 4553 accurate
3672 4509 3806 4555 cor·

966 4617 1226 4676 reximus
1253 4614 1331 4674 ad
1356 4613 1541 4672 fldem
1568 4610 1845 4670 codicum
1883 4603 2188 4664 Harleiani
2212 4604 2281 4661 in
2312 4599 2647 4659 britannico
2673 4597 2947 4670 Musaeo,
2976 4594 3280 4656 Bodleiani
3313 4603 3426 4656 136
3450 4596 3613 4674 apud
3640 4597 3807 4659 Oxo·

966 4722 1163 4797 niam,
1193 4717 1481 4796 philologi
1507 4710 1771 4776 vindob.
1806 4719 1909 4782 72,
1943 4703 2405 4784 stuttgartensls
2433 4708 2575 4761 245.
