4525 6031
1588 668 1842 728 INDEX
1893 667 2587 730 DOCUMENTORUM.
3394 677 3520 739 973

702 874 928 951 1248

1528 998 1765 1072 recipit,
1796 998 1969 1073 eique
1998 997 2268 1057 concedit
2291 999 2357 1056 in
2391 996 2631 1058 feudum
2658 1005 2919 1061 castrum
2935 1001 3215 1076 Verruae,
3245 1004 3519 1080 episcopo

1525 1093 1884 1155 vercellensi
1912 1096 2012 1170 qui
2042 1092 2190 1152 illud
2215 1092 2517 1153 detinebat
2542 1093 2830 1157 ablatum.
3398 1109 3513 1161 673

679 1192 946 1255 decemb.
1046 1194 1349 1258 Vercellis.
1446 1224 1528 1235 —
1568 1191 1780 1252 Comiti
1832 1191 2147 1250 Thomasio
2196 1190 2272 1249 de
2314 1191 2613 1252 sabaudia
2666 1195 2894 1270 imperii
2935 1211 2973 1255 a
3018 1196 3202 1271 Papia
3251 1199 3518 1271 superius

1527 1287 1786 1364 generali
1821 1289 2042 1347 vicario
2070 1293 2131 1346 et
2163 1287 2514 1348 haeredibus
2541 1292 2670 1365 eJus
2707 1291 2955 1369 pedagia
2975 1334 2991 1365 ,
3032 1293 3249 1369 regalia
3283 1298 3344 1351 et
3380 1309 3516 1369 pas-

1531 1400 1644 1444 cua
1674 1386 1874 1445 omnia
1907 1391 2098 1444 terrae
2126 1401 2309 1460 quam
2351 1386 2531 1446 babet
2563 1389 2626 1446 in
2669 1390 2953 1449 comitatu
2993 1389 3321 1450 sabaudiae
3358 1397 3419 1450 et
3456 1394 3519 1451 in

1528 1480 1796 1556 partibus
1823 1480 2220 1556 pedemontis,
2246 1483 2537 1542 concedit.
3401 1495 3519 1548 674

681 1578 947 1640 decemb.
1046 1579 1352 1644 Vercellis.
1451 1608 1529 1621 —
1570 1577 1782 1637 Comiti
1809 1577 2126 1637 Thomasio
2152 1577 2227 1636 de
2254 1578 2553 1639 sabaudia
2579 1581 2848 1640 concedit
2873 1587 2942 1640 ut
2974 1582 3309 1660 recolligere
3336 1586 3523 1659 possit

1530 1678 1778 1752 propriis
1813 1676 2088 1736 manibus
2124 1692 2332 1735 omnes
2369 1693 2659 1753 expensas
2691 1679 2803 1739 sibi
2848 1678 3257 1740 incumbentes
3292 1683 3520 1740 ratione

1526 1772 1827 1833 custodiae
1860 1779 1923 1832 et
1946 1775 2214 1833 tuitionis
2240 1779 2531 1833 terrarum
2558 1791 2798 1836 suarum
2814 1820 2831 1852 ,
2864 1782 2982 1836 etc.
3402 1785 3518 1837 675

728 1867 908 1943 [circa
984 1914 1330 1934 ......
1393 1913 1410 1931 .
1447 1899 1519 1911 —
1566 1868 1886 1944 Capitaneo
1934 1870 2285 1929 Taurinensi
2332 1871 2576 1929 mandat
2608 1878 2679 1930 ut
2716 1874 2896 1948 juxta
2947 1874 3210 1947 priorum
3254 1879 3519 1933 tenorem

735 1962 894 2046 dec.]
1528 1964 1886 2038 litterarum,
1923 1965 2214 2040 quosdam
2255 1969 2524 2041 captivos
2567 1984 2672 2042 pro
2702 1966 2918 2043 qulbus
2944 1985 3141 2028 comes
3169 1969 3522 2031 Thomasius

1528 2060 1603 2120 de
1627 2059 1922 2120 Sabaudia
1949 2060 2061 2120 sibi
2090 2062 2478 2137 supplicavit,
2510 2062 2755 2123 liberare
2779 2079 2898 2123 non
2926 2067 3180 2124 omittat.
3404 2075 3519 2127 676

733 2153 909 2232 [anno
986 2202 1330 2222 ......
1400 2206 1416 2222 .
1448 2186 1531 2203 -
1570 2156 1849 2216 Concedit
1893 2163 1953 2216 et
1987 2156 2301 2217 confirmat
2335 2158 2405 2216 B.
2456 2158 2530 2218 de
2573 2158 2851 2219 Vercellis
2895 2162 3184 2236 quaedam
3235 2160 3392 2221 bona
3436 2163 3521 2223 ibi

680 2254 958 2329 exeunt.]
1530 2270 1802 2331 expressa
1828 2270 1982 2331 quae
2019 2254 2226 2314 Petrus
2260 2252 2567 2315 Bicberius
2599 2263 2659 2314 et
2693 2257 2794 2315 aiii
2838 2257 3056 2317 milites
3096 2260 3303 2318 statuti
3344 2276 3521 2335 super

1529 2350 1948 2410 distribuendis
1975 2350 2145 2409 bonis
2172 2350 2636 2411 vercellensium
2662 2353 3059 2430 proditorum,
3090 2355 3283 2414 eidem
3321 2355 3521 2415 danda

1530 2446 1928 2521 providerant.
3399 2460 3516 2511 683

727 2535 908 2620 [anno
989 2591 1339 2611 ......
1401 2593 1417 2609 ,
1452 2572 1529 2587 -
1569 2541 1813 2601 Vatacio
1843 2541 2200 2601 Graecorum
2233 2543 2570 2617 imperatori
2599 2544 2830 2603 nuntiat
2865 2544 3164 2619 quomodo
3190 2547 3521 2606 sacerdotes

688 2638 955 2713 exeunt]
1530 2643 1822 2702 Ecclesiae
1860 2643 2235 2702 occidentalis
2271 2660 2390 2703 non
2429 2644 2619 2703 solum
2658 2645 2720 2702 in
2759 2644 3216 2703 destructionem
3250 2648 3520 2706 omnium

1529 2741 1894 2818 principum,
1923 2740 2025 2799 sed
2061 2741 2238 2799 etiam
2266 2741 2329 2799 in
2366 2757 2509 2799 suae
2546 2742 2703 2800 vitae
2736 2739 3113 2818 naufragium
3149 2744 3513 2818 conspirent,

703 2887 929 2965 1249
1528 2836 1797 2993 felictiitati
1832 2835 2610 2993 orientaliumtupotestatum
2652 2836 2928 2896 invidens
2969 2853 3123 2913 quae
3155 2838 3306 2897 tales
3345 2839 3516 2997 9ιέίὲιὲ

2057 2949 2189 2992 eren
2261 2950 2313 2991 r.

692 3023 926 3093 januar·
1081 3018 1318 3094 ΡΕΡῘΒΘ·
1448 2950 1992 3090 -νὲἳέἒιῗυῗῒὲἓ
2030 3033 2385 3106 piscatorum
2423 3030 2498 3089 de
2532 3030 2715 3106 Papia
2750 3031 3045 3091 licentiam
3078 3033 3346 3092 concedit
3383 3036 3518 3109 pis-

1527 3127 1703 3187 candi
1743 3129 1803 3185 in
1839 3125 2185 3187 fluminibus
2219 3127 2414 3186 Ticini
2446 3133 2506 3185 et
2539 3125 2684 3185 Padi
2721 3133 2779 3186 et
2816 3129 2877 3186 in
2912 3127 3187 3188 omnibus
3226 3128 3516 3188 Lombar-

1526 3224 1657 3283 diae
1674 3226 1867 3298 aquis,
1886 3223 1997 3283 sub
2018 3223 2351 3282 conditione
2372 3225 2775 3299 praestationis
2792 3226 3038 3300 piscium
3059 3225 3297 3301 quando
3317 3227 3516 3302 ipsum

1529 3337 1635 3395 per
1666 3319 1994 3378 districtum
2022 3318 2237 3395 Papiae
2275 3321 2521 3378 transire
2559 3321 2883 3396 continget.
3397 3331 3511 3382 687

710 3428 780 3479 12
800 3423 931 3497 jan.
1084 3416 1315 3495 Papiae.
1453 3450 1527 3460 —
1569 3415 1894 3475 Martinum
1922 3413 2449 3491 Santepiphanium
2486 3431 2589 3490 per
2626 3415 2901 3475 baculum
2937 3415 3135 3476 officio
3170 3421 3381 3477 notarii
3415 3422 3513 3478 in-

1528 3516 1706 3573 vestit
1738 3530 1876 3573 cum
1905 3518 2196 3590 potestate
2232 3511 2583 3571 conficiendi
2611 3514 3003 3574 instrumenta
3032 3531 3135 3590 per
3162 3521 3354 3576 totum
3390 3518 3516 3576 im-

1489 3610 1499 3619 '
1526 3613 1776 3686 perium.
3117 3621 3259 3686 689,
3290 3621 3414 3673 not.
3454 3623 3510 3674 1.

706 3721 776 3772 18
794 3713 920 3788 jan.
1079 3706 1315 3783 Papiae.
1449 3739 1525 3751 -—
1570 3706 1881 3768 Manfredo
1915 3706 2239 3766 marchioni
2276 3706 2526 3765 Lanciae
2559 3723 2594 3765 a
2624 3706 2806 3782 Papia
2837 3723 3026 3783 usque
3062 3707 3139 3767 ad
3168 3708 3311 3769 Aste
3345 3712 3514 3785 capi-

1524 3811 1699 3864 taneo
1726 3803 1969 3863 mandat
1996 3802 2155 3879 quod
2182 3803 2498 3878 Papienses
2528 3809 2702 3878 cogat
2737 3801 2812 3861 ad
2844 3805 3273 3864 restituendum
3314 3807 3510 3880 quod·

1526 3902 1662 3961 dam
1691 3906 1922 3977 pratum
1951 3899 2146 3959 abbati
2169 3899 2367 3958 Sancti
2392 3899 2552 3957 Petri
2580 3902 2643 3957 in
2669 3899 2842 3960 Coelo
2861 3900 3081 3959 Aureo.
3129 3908 3270 3977 689,
3290 3908 3417 3960 not.
3450 3912 3507 3962 1.

694 4004 928 4073 januar.
1030 3999 1371 4063 Cremonae.
1447 4029 1528 4043 -
1569 3997 1890 4057 Confirmat
1934 3997 2302 4073 privilegium
2346 3996 2628 4055 Friderici
2677 3997 2977 4072 quondam
3022 3996 3299 4057 Austriae
3341 3998 3511 4060 ducis

1526 4095 1732 4154 datum
1780 4102 1845 4153 12
1872 4094 2009 4169 julii
2062 4101 2245 4163 1242,
2285 4108 2404 4168 quo
2435 4092 2559 4150 dux
2592 4095 2701 4150 iste
2728 4092 3006 4152 ecclesiae
3038 4093 3102 4153 S.
3150 4095 3311 4154 Petri
3350 4095 3509 4155 ultra

1524 4189 1906 4250 Judenburch
1932 4187 2229 4264 quoddam
2265 4190 2419 4247 ovile
2446 4203 2621 4247 suum
2661 4188 3009 4248 donaverat.
3389 4198 3506 4250 689

678 4285 933 4347 februar.
1031 4289 1365 4352 Cremonae.
1448 4319 1528 4332 —
1565 4288 1816 4347 Pactum
1853 4285 2159 4344 confirmat
2185 4302 2305 4361 quo
2340 4286 2610 4344 homines
2645 4284 2717 4343 de
2746 4284 2939 4344 Casali
2975 4285 3175 4346 Sancti
3209 4286 3406 4346 Evasii
3446 4294 3507 4348 et

1527 4387 1791 4445 homines
1844 4386 1918 4445 de
1962 4384 2259 4443 Paciliano
2305 4385 2368 4442 in
2413 4400 2594 4443 unam
2635 4385 3081 4445 universitatem
3124 4385 3503 4461 rediguntur,

1520 4483 1808 4560 jubetque
1842 4500 1918 4541 ne
1947 4483 2235 4557 capitanei
2264 4484 2356 4541 sui
2391 4482 2492 4556 qui
2522 4497 2629 4555 pro
2656 4486 2915 4556 tempore
2951 4482 3108 4557 apud
3136 4482 3341 4542 Casale
3378 4480 3506 4542 fue-

1527 4583 1677 4652 rint,
1727 4580 1907 4640 ullam
1955 4582 2106 4638 inter
2152 4585 2471 4655 utrumque
2516 4593 2828 4637 commune
2862 4579 3301 4638 distinctionem
3331 4577 3507 4637 adhi-

1679 4682 1727 4735 t.
3387 4682 3507 4734 69⁴

684 4778 757 4830 20
805 4768 953 4829 febr.
1031 4767 1367 4831 Cremonae.
1447 4677 1888 4849 —bgtthuam
1924 4773 2001 4833 ad
2045 4789 2220 4832 suum
2247 4772 2574 4832 dominium
2604 4777 2823 4833 terram
2851 4771 3160 4832 Corilionis
3189 4786 3506 4831 revocave-

839 4875 945 4936 vi.
987 4891 1098 4934 Par·
1121 4894 1165 4935 2.
3069 4886 3181 4938 123
