4525 6031
665 4255 798 4292 onae.

545 4299 599 4341 16
623 4300 786 4344 martii.
812 4319 822 4351 .·

918 616 1042 677 608
1919 616 2350 678 rmnnmm
2396 617 2746 679 saeuum
3358 620 3521 704 [Anu.
3560 621 3734 682 1248.

921 762 993 823 et
1038 752 1514 847 sepeliendum
1572 772 1864 845 corpora
1918 751 2304 823 occisorum
2354 752 2536 823 inter
2576 752 2982 824 christianas
3013 753 3198 825 acies
3226 754 3734 848 discurrebant,

917 877 1168 969 gladiis
1193 875 1564 971 impiorum
1597 874 2057 970 perimuntur.
2095 876 2385 970 Insuper
2414 884 2494 946 ut
2524 877 2716 947 furor
2752 877 3024 948 Domini
3070 887 3310 950 contra
3363 880 3741 970 malignum

918 1000 1216 1093 amplius
1253 999 1723 1086 incandescat,
1746 1019 1969 1092 nuper
1994 998 2182 1092 apud
2205 998 2535 1070 Narniam
2567 1000 2891 1072 Saraceni
2922 1001 3154 1072 multis
3176 1003 3622 1074 cernentibus
3647 1004 3739 1076 ad

919 1124 1215 1195 caudam
1240 1122 1621 1214 subjugalis
1654 1130 2017 1192 traxerunt
2041 1121 2410 1214 imaginem
2440 1122 2750 1195 crucifixi
2779 1134 2848 1196 et
2871 1124 3074 1195 beate
3097 1125 3309 1197 Marie
3342 1134 3412 1196 et
3442 1124 3732 1196 aliorum

919 1257 1339 1319 sanctorum.
1377 1245 1639 1317 Deinde
1692 1245 1973 1317 succisis
2014 1243 2327 1317 crucifixi
2374 1247 2692 1318 cruribus
2742 1257 2812 1319 et
2856 1248 3179 1337 brachiiS,
3206 1248 3430 1343 ipsum
3483 1248 3614 1320 sibi
3665 1260 3738 1320 et

918 1371 1088 1441 alias
1119 1368 1454 1461 imagines
1486 1368 1554 1439 in
1590 1370 1874 1464 clypeos
1923 1370 2352 1465 adaptabant
2391 1379 2470 1441 ut
2509 1370 2580 1440 in
2616 1371 2805 1443 bello
2845 1371 3200 1442 christiani
3243 1392 3361 1442 eas
3405 1380 3731 1465 appetere

917 1503 1329 1586 cogerentur
1349 1494 1600 1585 Jaculis
1635 1501 1706 1563 et
1732 1493 2022 1584 sagittis.
2060 1493 2149 1564 Ut
2182 1493 2354 1587 quid
2389 1494 2599 1585 igitur
2624 1495 3081 1588 crucesignati
3114 1494 3240 1566 has
3270 1494 3576 1566 insanias
3608 1516 3732 1566 ne·

914 1619 1252 1711 gligentes
1292 1617 1662 1688 intendunt
1694 1617 1962 1687 sulcare
1996 1618 2255 1689 lacerto
2292 1618 2404 1689 vel
2447 1617 2749 1689 brachiis
2794 1618 3076 1688 flumina
3112 1619 3222 1689 vel
3259 1619 3474 1689 maria
3507 1632 3726 1690 trans·

919 1765 1147 1814 meare
1183 1741 1273 1813 ad
1308 1740 1815 1835 expugnandos
1856 1741 2234 1811 Saracenos
2278 1741 2390 1811 vel
2433 1742 2753 1813 Tartaros
2797 1743 3001 1834 longe
3017 1712 3392 1830 'furentem
3435 1763 3730 1834 quorum

914 1866 1287 1939 crudelitas
1337 1863 1442 1934 his
1493 1863 1776 1934 inferior
1818 1864 2024 1954 longe
2076 1865 2440 1935 censetur?
2472 1864 2988 1936 Exterminetur
3044 1866 3278 1957 itaque
3332 1866 3524 1959 prius
3579 1866 3732 1937 talis

913 1990 1241 2084 spurcitia
1273 1987 1678 2058 Saracenica
1704 2008 1860 2057 cum
1900 1987 2041 2057 suis
2078 1986 2372 2057 ducibus
2399 1997 2469 2057 et
2496 1987 2880 2058 fautoribus
2907 2008 2988 2058 ac
3016 1986 3269 2058 deinde
3297 1986 3389 2058 ad
3413 1987 3548 2058 alia
3573 2007 3732 2081 pro·

912 2113 1226 2200 cedatur,
1256 2133 1414 2182 cum
1444 2133 1651 2182 causa
1687 2112 1874 2182 intus
1901 2109 2243 2181 habeatur
2273 2131 2411 2203 que
2451 2111 2618 2182 foris
2653 2111 2990 2203 queritur,
3021 2122 3090 2182 et
3112 2112 3257 2204 jam
3299 2111 3388 2182 sit
3421 2132 3725 2206 pagano-

911 2259 1066 2307 rum
1104 2235 1494 2330 persecutio
1540 2235 1720 2305 inter
1757 2234 2024 2306 viscera
2070 2234 2374 2305 Ecclesie
2423 2234 2496 2304 in
2546 2235 2848 2305 claustro
2895 2232 3205 2305 fidelium
3239 2245 3311 2305 et
3351 2234 3422 2304 in
3464 2234 3729 2305 ambitu

911 2358 1425 2432 christianitatis
1476 2357 1893 2428 introducta.
1934 2356 2285 2451 Expedire
2328 2356 2606 2428 videtur
2650 2367 2729 2428 ut
2772 2357 3070 2452 primum
3124 2359 3599 2452 propellantur
3638 2356 3726 2427 de

907 2483 1099 2555 Italic
1143 2481 1398 2553 finibus
1445 2491 1792 2553 tan-torum
1836 2482 2178 2551 scelerum
2228 2489 2639 2575 patratoreS,
2672 2502 2763 2552 ne
2806 2502 3094 2576 serpens
3140 2482 3210 2552 in
3251 2482 3435 2569 sinu,
3472 2501 3627 2551 mus
3654 2480 3723 2550 in

906 2629 1101 2702 pera,
1134 2606 1315 2698 ignis
1347 2606 1417 2675 in
1453 2605 1717 2696 gremio
1752 2605 2171 2694 nutriantur,
2196 2613 2268 2675 et
2303 2605 2395 2677 ad
2427 2604 2759 2674 ulteriora
2786 2604 3231 2698 postmodum
3268 2602 3721 2698 procedatur3

904 2731 1070 2826 quia
1099 2751 1242 2802 non
1277 2740 1560 2825 propter
1586 2730 1815 2799 locum
1844 2738 2125 2820 gentem
2163 2727 2374 2818 elegit
2400 2727 2762 2818 Dominus,
2783 2726 2909 2798 sed
2941 2728 3172 2821 potius
3204 2749 3246 2798 a
3283 2747 3621 2797 converso
3647 2734 3727 2796 ut

906 2865 1095 2953 patet
1133 2855 1206 2925 in
1248 2855 1454 2925 beato
1500 2854 1701 2923 Petro
1752 2858 1822 2921 et
1867 2850 2018 2920 aliis
2062 2850 2394 2944 apostolis
2440 2849 2532 2920 ad
2577 2859 2821 2941 gentes
2869 2851 3345 2945 Hierosolyma
3394 2848 3722 2920 derelicta

908 2988 1366 3051 transeuntes,
1401 2973 1844 3048 Considerate
1881 2972 2184 3066 deniqne
2215 2972 2379 3065 quia
2412 2971 2501 3044 de
2533 2974 2685 3046 celo
2714 2974 3043 3069 prospicit
3082 2973 3418 3046 Dominus
3448 2981 3519 3044 et
3548 2972 3725 3044 vidit

906 3101 1082 3173 filios
1111 3102 1510 3187 hominum,
1552 3097 1609 3168 si
1643 3106 1749 3168 est
1787 3097 2216 3187 intelligen8‚
2253 3096 2309 3167 si
2341 3097 2592 3188 estqui
2620 3096 2854 3167 doleat
2887 3119 3130 3169 necem
3154 3098 3330 3188 ejus,
3372 3097 3430 3166 si
3459 3105 3564 3167 est
3603 3097 3721 3188 qui

909 3221 1214 3312 requirat
1252 3238 1535 3289 suorum
1576 3216 1862 3307 injurias
1901 3215 2397 3285 ministrorum.
2437 3216 2795 3305 Recogitet
2836 3216 3044 3307 igitur
3072 3216 3364 3308 quilibet
3404 3215 3717 3287 christia-

904 3365 1037 3412 nus
1065 3341 1234 3435 quid
1264 3341 1336 3409 in
1371 3349 1685 3410 extremo
1717 3338 2039 3408 examine
2059 3338 2353 3408 Domino
2379 3338 2797 3432 respondeat
2828 3339 2884 3409 si
2917 3349 3107 3410 tanta
3136 3339 3526 3410 dissimulet
3555 3339 3720 3410 faci-

902 3595 1206 3660 vestram
1246 3584 1573 3656 tueamini
1614 3605 1940 3679 sponsam
1983 3584 2132 3674 ejus
2166 3584 2473 3676 potentie
2503 3592 2733 3655 vestre
2775 3585 3067 3656 dextera
3107 3595 3186 3655 ut
3228 3585 3321 3657 ad
3354 3585 3717 3657 dexteram

904 3732 1099 3784 suam
1132 3732 1257 3782 vos
1294 3710 1587 3780 collocet
1618 3709 1849 3798 justus
1885 3707 2108 3798 judex
2152 3706 2226 3777 in
2269 3707 2559 3798 judicio,
2588 3706 2679 3779 ad
2711 3717 3023 3779 eternam
3062 3708 3355 3799 gloriam
3398 3709 3715 3781 introdu-

900 3833 1181 3907 cendos.

1002 4213 1410 4317 HenricUS‚
1450 4238 1582 4293 rex
1617 4210 2048 4315 Sardiniae,
2087 4207 2384 4318 imperii
2437 4208 2517 4286 in
2562 4206 2777 4288 Italia
2828 4208 3167 4315 legatUS,
3226 4210 3324 4290 ad
3378 4207 3714 4318 requisi-

898 4348 1180 4430 tionem
1255 4345 1846 4428 ambasiatorum
1917 4341 2402 4450 Papiensium
2428 4400 2452 4444 ‚
2527 4338 2873 4421 Alberico
2948 4340 3302 4422 ecclesiae
3395 4340 3713 4420 Sanctae

898 4479 1178 4563 Mariae
1234 4480 1328 4561 de
1379 4477 1635 4584 Burgo
1688 4476 1944 4557 Sancti
2007 4473 2369 4557 Domnini
2392 4471 2514 4580 (1)
2551 4472 2829 4555 vicario
2873 4472 3215 4554 concedit
3263 4482 3347 4553 ut
3400 4471 3706 4553 cuidam

972 4717 1042 4793 (t)
1078 4718 1222 4775 Haec
1244 4715 1473 4773 ecclesia
1499 4712 1567 4770 ad
1593 4712 1974 4769 monasterium
2008 4709 2286 4769 Theudalis
2311 4709 2513 4766 dictum
2533 4709 2674 4783 apud
2696 4710 2912 4784 Papiam
2937 4709 3262 4783 pertinebat.
