4525 6031
1131 650 1256 712 842
1729 666 1736 691 ι
2188 656 2552 718 commui
2602 655 2905 731 otmari
3575 651 3742 732 [Aa.
3776 651 3956 715 1243.

1930 1257 2153 1320 ANNo
2209 1258 2412 1320 1243.
2448 1294 2531 1307 —
2570 1258 3059 1321 INDICTIONE
3109 1259 3156 1319 1.

757 1735 1032 1843 „⁸13ssst
1242 1724 1641 1809 Conradus
1663 1788 1685 1829 ‚
1743 1729 1823 1808 in
1874 1728 2397 1811 Romanorum
2450 1754 2707 1838 regem
2769 1728 3089 1831 electus„
3155 1729 3491 1813 Gerardo
3546 1729 3644 1810 de
3703 1727 3959 1836 Sinzig

1132 1858 1451 1940 mandat
1488 1869 1574 1941 ut
1610 1885 1657 1941 a
1690 1859 1993 1944 Judaeis
2046 1862 2142 1943 de
2196 1860 2460 1969 Sinzig
2494 1861 2954 1970 quingentas
3004 1887 3301 1944 marcas
3357 1886 3499 1970 pro
3548 1863 3761 1943 ouria
3815 1885 3955 1943 sua

1132 1999 1605 2097 extorqueat.

1293 2201 1490 2282 (Edid.
1531 2206 1810 2278 Gronau„
1846 2203 1986 2267 Cod.
2018 2202 2315 2284 diplomat.
2358 2206 2656 2287 Maqunt„
2696 2213 2744 2265 t.
2781 2206 2872 2283 11,
2900 2222 3040 2283 pars
3070 2214 3141 2280 2,
3180 2224 3241 2283 p.
3276 2213 3423 2279 943,
3465 2222 3541 2266 ex
3578 2204 3945 2284 autographo

1369 2312 1455 2369 ita
1474 2312 1734 2370 exterius
1759 2312 2038 2387 inscripto
2070 2329 2086 2371 ε
2117 2344 2198 2357 -
2229 2308 2488 2371 Gerar-do
2520 2308 2590 2371 de
2616 2307 3047 2389 Sinzcloefideli
3069 2308 3225 2389 ειιο.)

1231 2494 1623 2586 ConraduS,
1658 2496 1803 2567 divi
1847 2498 2122 2590 augusti
2169 2497 2605 2592 imperatoris
2636 2496 2962 2569 Friderici
3007 2495 3224 2589 filine,
3258 2496 3385 2569 Dei
3433 2497 3657 2590 gratia
3703 2499 3952 2569 Roma·

1133 2641 1382 2693 norum
1446 2620 1518 2690 in
1567 2641 1805 2712 regem
1845 2621 2144 2709 electuS,
2201 2642 2479 2716 semper
2537 2631 2874 2714 augustus
2918 2630 2988 2692 et
3035 2620 3241 2693 heres
3291 2619 3488 2712 regni
3535 2619 3948 2707 Jerusalem,

1133 2744 1442 2815 Ger-ardo
1499 2744 1587 2815 de
1634 2744 1924 2815 Sinzche
1974 2743 2163 2816 fideii
2207 2765 2335 2816 suo
2376 2745 2669 2837 gratiam
2713 2765 2908 2816 suam
2945 2755 3017 2815 et
3048 2765 3255 2817 omne
3304 2744 3593 2817 bonum.
3638 2743 3954 2815 Districte

1131 2868 1555 2963 precipimus
1591 2868 1716 2939 tibi
1747 2877 2093 2961 quatenus
2129 2889 2170 2940 a
2206 2868 2444 2939 Iudeis
2485 2869 2573 2940 de
2606 2866 2925 2958 Sinzche,
2968 2868 3201 2939 statim
3228 2867 3395 2940 visis
3437 2867 3710 2955 litteris,
3747 2866 3949 2962 quin-

1132 3001 1379 3082 gentas
1411 3013 1681 3063 marcas
1717 2992 1976 3064 debeas
2007 2991 2363 3088 assignare
2406 2992 2597 3065 curie
2642 3002 2880 3065 nostre
2927 3003 2998 3065 et
3039 3013 3166 3088 per
3215 2991 3686 3087 captivitatem
3730 2991 3789 3064 si
3827 3011 3953 3064 ne-

1133 3136 1325 3186 cesse
1354 3116 1564 3186 fuerit
1596 3126 2040 3207 extorquere.

1231 3240 1484 3310 Datum
1517 3239 1758 3328 Haliis,
1798 3240 1926 3310 XV
1949 3240 2288 3332 januarii,
2327 3239 2549 3335 prime
2585 3238 3009 3310 indictionis,

755 3825 920 3880 Hagno

745 3881 797 3922 u
822 3837 1052 3925 &3330
1243 3805 1679 3913 Conradu5‚
1721 3807 2240 3889 Romanorum
2296 3808 2375 3888 in
2432 3833 2692 3918 regem
2738 3807 3020 3890 electus
3039 3870 3062 3915 ,
3104 3808 3554 3890 sententiam
3593 3807 3739 3891 fert
3801 3831 3951 3916 qua

1121 3937 1437 4047 jubetur
1487 3953 1574 4022 ut
1620 3939 1941 4049 quilibet
1993 3939 2427 4022 infeudatus
2473 3940 2830 4023 ecelesiae
2885 3940 3463 4050 Salzburgensis
3520 3939 3666 4023 sub
3718 3939 3946 4022 testi-

1128 4074 1391 4156 monio
1447 4073 2011 4156 infeudatorum
2065 4072 2411 4182 ejusdem
2470 4073 2825 4191 ecelesiae
2880 4073 3014 4182 qui
3080 4074 3234 4156 sint
3280 4072 3624 4183 ejusdem
3670 4073 3949 4157 condi-

1131 4205 1399 4310 tioniS,
1442 4204 1761 4288 feudum
1800 4231 2028 4288 suum
2076 4206 2418 4289 evincere
2449 4205 2725 4289 valeat.

1293 4419 1635 4497 (Memorat.
1672 4435 1768 4495 ap.
1801 4420 2193 4494 Kunumrn,
2231 4417 2569 4482 Nachriclet.
2598 4437 2710 4481 von
2735 4420 3006 4496 Juvavia,
3034 4439 3096 4498 p.
3131 4429 3271 4483 518.
3302 4421 3477 4481 Nune
3506 4421 3801 4498 integrum
3829 4418 3949 4479 edi-

1371 4542 1504 4585 mus
1533 4542 1606 4585 ex
1635 4522 1990 4605 Salzburqer
2010 4524 2518 4600 Kammerbitclter,
2547 4528 2678 4600 fol„
2708 4528 2927 4587 saeculi
2955 4527 3120 4604 XiV,
3140 4526 3257 4587 voi.
3286 4525 3390 4599 VI,
3421 4525 3466 4586 f.
3494 4534 3597 4600 22,
3627 4529 3690 4586 in
3718 4526 3951 4586 archivo

1370 4630 1618 4690 Cesareo
1654 4631 2024 4710 Vindobon.,
2061 4632 2222 4708 quod
2266 4632 2439 4693 nobis
2480 4633 2797 4694 liberaliter
2831 4634 3296 4694 communicavit
3333 4632 3412 4693 ci.
3466 4633 3582 4694 vir.
3622 4632 3726 4695 Fr.
3759 4631 3948 4694 Bouh-

1313 4743 1316 4746 ’
1370 4735 1547 4814 mer.)
