4525 6031
714 614 917 678 lumcr.
948 619 1040 694 7.]
1612 617 2010 680 HISTORIA
2059 620 2648 686 DIPLOMATICA.
3415 629 3532 691 741

812 750 1200 823 Fridericus
1230 751 1357 824 Dei
1393 752 1615 844 gratia
1650 754 2120 825 Romanorum
2157 755 2534 852 imperator
2564 779 2839 853 semper
2873 770 3244 852 augustuS,
3286 763 3535 836 Hieru-

715 874 931 946 salem
961 885 1031 946 et
1052 875 1281 946 Sicilie
1314 897 1471 965 rex,
1494 877 1777 971 prelatis
1803 877 2281 970 ecclesiarum,
2307 879 2845 974 marchionibus,
2867 884 3262 975 comitibus,
3285 906 3537 958 vavas-

715 995 1011 1083 soribuS,
1037 996 1415 1086 nobilibuS,
1440 999 1926 1092 potestatibus,
1951 1000 2282 1092 consiliiS,
2310 1002 2919 1074 communitatibus
2950 1015 3019 1076 et
3049 1004 3390 1078 universis
3416 1029 3545 1102 per

715 1120 1198 1194 Lombardiam
1235 1142 1276 1191 a
1308 1121 1595 1193 flumine
1628 1124 1905 1195 Lambri
1935 1124 2253 1218 superius
2285 1125 2676 1198 constitutis
2706 1123 3030 1198 fidelibus
3067 1129 3210 1199 suis
3252 1130 3544 1222 gratiam

717 1264 915 1314 suam
958 1254 1030 1315 et
1076 1244 1334 1315 bonam
1367 1246 1828 1318 voluntatem.
1873 1245 1986 1319 Ad
2020 1249 2420 1320 extollenda
2452 1250 2802 1341 justorum
2838 1250 3169 1343 preconia
3210 1261 3282 1321 et
3325 1253 3545 1347 repri-

717 1366 1006 1440 mendas
1031 1366 1433 1439 insolentias
1464 1378 2049 1462 transgressorum
2076 1371 2505 1466 prospiciens
2534 1394 2573 1443 e
2602 1373 2751 1443 celo
2773 1373 3042 1465 justitia
3075 1374 3300 1444 erexit
3329 1396 3546 1469 popu-

719 1490 805 1562 lis
830 1490 1268 1583 regnantium
1299 1492 1471 1563 solia
1505 1500 1575 1562 et
1612 1492 2046 1565 diversorum
2079 1494 2473 1591 principum
2505 1504 2909 1590 potestateS.
2959 1496 3303 1568 Caruisset
3342 1518 3542 1568 nam-

716 1635 854 1707 que
884 1614 1180 1685 libenter
1209 1613 1516 1686 humana
1543 1614 1846 1688 conditio
1868 1618 2039 1709 jugo
2067 1616 2355 1690 dominii
2385 1640 2516 1689 nec
2543 1618 2936 1690 libertatem
2959 1639 3002 1689 a
3029 1641 3103 1690 se
3137 1641 3347 1713 quam
3379 1621 3546 1715 ipsis
3595 1597 3600 1604 ³

714 1747 964 1808 natura
987 1738 1403 1828 contulerat,
1433 1737 1751 1811 homines
1782 1740 2250 1831 abdicassent,
2273 1741 2403 1812 nisi
2438 1740 2629 1834 quod
2655 1742 2996 1837 impunita
3028 1743 3307 1814 licentia
3333 1744 3548 1816 scele-

718 1884 872 1933 rum
901 1862 973 1932 in
1006 1861 1403 1934 evidentem
1431 1863 1811 1956 perniciem
1835 1863 2124 1936 humani
2146 1866 2423 1958 generis
2455 1865 2923 1956 redundabat,
2949 1874 3019 1938 et
3054 1865 3154 1937 sic
3191 1888 3284 1937 ex
3305 1888 3546 1940 neces-

716 1986 919 2058 sitate
952 1986 1257 2080 quadam
1299 1987 1605 2080 oportuit
1634 1997 1956 2059 naturam
1992 1988 2277 2060 subesse
2302 1989 2571 2080 justitie
2614 1999 2685 2059 et
2730 1990 2989 2061 servire
3019 1988 3283 2081 judicio
3328 1991 3540 2063 liber-

719 2120 959 2181 tatem.
1016 2108 1154 2181 Sed
1202 2130 1334 2180 nec
1382 2110 1653 2203 exquiri
1706 2111 1941 2183 decuit
1985 2111 2420 2183 extrinsecus
2464 2111 2673 2182 aliam
2715 2112 3016 2206 speciem
3069 2123 3384 2185 creature
3426 2114 3539 2185 cui

717 2255 794 2305 se
827 2242 1299 2327 representata
1325 2254 1452 2327 per
1471 2232 1826 2305 hominem
1854 2234 2129 2306 celestis
2154 2233 2386 2327 imago
2409 2234 2815 2327 subjiceret,
2848 2233 3018 2306 dum
3044 2234 3116 2304 in
3144 2233 3537 2308 redditione

717 2378 967 2429 census
990 2357 1425 2428 numismatis
1452 2357 1817 2450 imperium
1840 2379 1964 2451 pre
1988 2357 2236 2428 ceteris
2258 2358 2535 2428 fortune
2563 2358 2911 2451 fastigium
2946 2358 3351 2452 presignivit
3381 2356 3444 2454 (l
3461 2358 3492 2456 )
3510 2414 3531 2452 ,

718 2480 845 2553 sed
872 2479 1085 2553 homo
1116 2481 1425 2576 prelatus
1453 2488 1560 2551 est
1602 2479 1867 2551 homini
1913 2491 1993 2551 ut
2022 2480 2396 2572 gratiorem
2437 2480 2744 2552 efficeret
2783 2481 3231 2575 prelaturam.
3287 2481 3535 2555 Atten-

719 2603 966 2676 dentes
1001 2604 1211 2696 igitur
1242 2603 1434 2698 quod
1471 2624 1563 2674 ex
1593 2604 1971 2698 imperialis
2002 2602 2208 2676 officii
2236 2604 2457 2675 nostri
2490 2604 2726 2676 debito
2769 2603 2960 2698 quod
2998 2625 3091 2674 ex
3122 2606 3360 2677 celesti
3391 2606 3534 2679 dis-

717 2727 1123 2822 pensatione
1175 2725 1604 2819 suscepimus
1624 2779 1645 2817 ,
1695 2727 2135 2799 villicationis
2185 2735 2423 2800 nostre
2483 2728 2823 2799 rationem
2868 2749 3107 2799 sumus
3146 2729 3217 2799 in
3259 2727 3373 2800 die
3423 2729 3532 2802 di-

717 2850 935 2923 stricti
969 2849 1214 2942 judicii
1242 2850 1607 2939 reddituri,
1658 2872 1820 2922 cum
1839 2850 2175 2944 qualitate
2202 2849 2638 2922 diversorum
2671 2850 3109 2943 negotiorum
3138 2860 3535 2924 nostrorum

720 2983 791 3047 et
838 2973 1109 3069 imperii
1153 2995 1281 3069 per
1315 2975 1687 3045 nonnullas
1723 2982 1793 3046 et
1824 2972 2135 3047 diversas
2180 2984 2414 3069 partes
2444 2973 2823 3067 majestatis
2847 2983 3083 3046 nostre
3115 2975 3534 3069 presentiam

717 3099 1104 3171 necessarie
1153 3098 1555 3190 requirente
1575 3150 1596 3188 ,
1648 3098 1720 3168 in
1770 3097 2084 3194 partibus
2123 3097 2293 3192 ipsis
2350 3098 2603 3169 morari
2648 3098 2977 3169 continuo
3029 3100 3538 3194 presentialiter

722 3244 1184 3315 nequeamuS‚
1249 3240 1340 3292 ne
1380 3220 1757 3313 majestatis
1806 3229 2040 3292 nostre
2089 3220 2395 3314 presidio
2441 3229 2512 3292 et
2544 3221 2812 3313 justitia
2844 3222 3170 3310 careatiS,
3211 3244 3374 3295 ecce
3410 3246 3537 3321 pro

720 3346 1244 3440 recuperatione
1290 3365 1374 3416 ac
1429 3344 1831 3416 defensione
1879 3355 2275 3416 nostrorum
2317 3355 2387 3415 et
2430 3345 2699 3439 imperii
2737 3345 2999 3438 jurium
3040 3356 3111 3416 et
3146 3344 3490 3419 honorum
3512 3403 3534 3441 ,

720 3470 1249 3543 conservatione
1280 3468 1447 3539 boni
1484 3478 1557 3539 et
1590 3466 1861 3561 pacifici
1887 3477 2105 3539 status
2133 3469 2350 3539 vestri
2385 3477 2456 3539 et
2486 3468 2648 3540 viva
2687 3490 2941 3560 guerra
2971 3470 3225 3540 nostris
3261 3471 3539 3543 rebelli-

719 3594 851 3665 bus
883 3592 1270 3683 inferenda,
1295 3592 1384 3662 de
1416 3588 1776 3681 fidelitate,
1810 3590 2149 3662 industria
2176 3600 2247 3661 et
2273 3591 2679 3662 strenuitate
2708 3590 3054 3664 Thomasii
3081 3591 3173 3663 de
3196 3592 3542 3666 Sabaudia

719 3716 989 3790 comitis
1032 3716 1266 3788 dilecti
1310 3715 1805 3807 consanguinei
1860 3722 1930 3785 et
1972 3713 2198 3786 fidelis
2246 3688 2466 3786 nostri
2509 3714 2600 3785 ab
2645 3726 2938 3808 experto
2971 3716 3283 3809 plenarie
3324 3715 3543 3789 confl-

720 3841 1003 3930 denteS,
1058 3840 1283 3934 ipsum
1321 3847 1636 3910 nostrum
1671 3848 1743 3909 et
1781 3838 1957 3909 sacri
2008 3837 2280 3931 imperii
2320 3838 2718 3928 generalem
2761 3837 3066 3931 legatum
3114 3839 3187 3908 in
3230 3840 3544 3933 partibus

718 3966 885 4060 ipsis
935 3963 1266 4036 duximus
1306 3962 1787 4052 statuendum,
1829 3982 1962 4031 nec
2010 3982 2172 4031 eum
2216 3961 2364 4031 sola
2403 3960 2609 4052 legati
2644 3971 2987 4054 potestate
3027 3963 3347 4034 volumus
3390 3985 3542 4036 esse

720 4098 1154 4175 contentum,
1176 4086 1302 4157 sed
1325 4086 1386 4156 ei
1413 4084 1777 4176 adjicimus
1803 4082 2104 4156 officium
2130 4083 2554 4178 presidatus3
2584 4083 3043 4155 concedentes
3078 4085 3141 4154 ei
3173 4106 3442 4156 merum
3471 4097 3543 4158 et
3667 4150 3672 4153 .

720 4212 1019 4282 mixtum
1047 4208 1415 4302 imperium
1448 4215 1519 4277 et
1539 4207 1751 4297 gladii
1783 4215 2197 4300 potestatem
2227 4216 2299 4277 et
2332 4205 2509 4277 utin
2539 4205 2962 4276 facinorosos
2987 4204 3540 4278 animadvertere

717 4335 950 4406 valeat
971 4385 991 4423 ,
1027 4331 1392 4428 purgando
1425 4330 1863 4402 commissam
1895 4328 2026 4399 sibi
2063 4326 2493 4423 provinciam
2532 4325 2639 4424 (2)
2662 4381 2682 4419 ,
2730 4328 2801 4399 in
2839 4348 2960 4399 eos
2991 4328 3381 4424 specialiter
3418 4330 3541 4422 qui

3377 4474 3528 4486 —un

789 4531 864 4603 (4)
900 4530 1072 4587 Locus
1096 4527 1392 4585 certissime
1416 4527 1658 4599 mutilus,
1692 4525 1818 4584 licet
1841 4542 1908 4585 ex
1933 4525 2176 4600 originali
2202 4526 2554 4601 depromptus
2581 4531 2876 4598 asseratur,
2908 4525 2956 4584 si
2987 4542 3113 4584 eum
3142 4526 3387 4585 conferas
3411 4543 3537 4586 cum

716 4628 1055 4688 documentis
1081 4642 1246 4701 supra
1266 4626 1517 4684 laudatis.
1564 4682 1569 4686 .
1918 4684 1923 4689 ,

792 4725 864 4800 (2)
900 4727 1063 4782 Deest
1087 4723 1311 4796 aliquid,
1341 4722 1546 4780 scilicet
1570 4724 1634 4780 in
1658 4721 2030 4794 malefactores
2060 4720 2331 4795 inquirat.

877 4826 986 4887 VI.
1028 4838 1139 4883 Pm
1161 4837 1207 4880 2.
3139 4822 3216 4875 94
