4525 6031
1098 641 1223 703 844
2150 635 2519 699 coNRAm
2566 633 2870 710 Quanrl
3540 636 3707 720 [Anu.
3741 637 3919 701 1243.

1200 778 1450 848 Datum
1495 777 1879 868 Haginowe
1902 827 1921 863 ,
1973 794 2159 846 anno
2212 772 2491 845 Domini
2529 772 2625 843 M.
2646 771 2773 843 CC.
2831 769 3366 864 quadragesimo
3408 771 3648 862 tertio,
3685 795 3925 846 mense

1102 901 1366 990 martii,
1409 900 1632 996 pridie
1664 900 1823 972 idus
1855 897 1980 993 (a).

740 1481 1009 1590 Βοέξξξη
1216 1472 1614 1557 Conradus
1633 1533 1657 1579 ‚
1736 1471 1817 1552 in
1877 1471 2402 1553 Romanorum
2466 1492 2724 1578 regem
2787 1466 3068 1550 electus
3088 1526 3113 1572 ,
3188 1465 3544 1576 hospitali
3604 1467 3924 1553 Sanctae

801 1589 947 1642 ⁸¹²¹‘¹¹¹
1103 1606 1386 1691 Mariae
1436 1604 2022 1687 Teutonicorum
2075 1605 2152 1682 in
2188 1600 2605 1684 Jerusalem
2635 1600 2765 1710 jus
2800 1609 3249 1709 patronatus
3283 1600 3640 1684 ecclesiae
3674 1600 3927 1686 Novae

1110 1735 1451 1819 Civitatis
1486 1736 1693 1844 apud
1727 1734 2177 1819 Mulhausen
2215 1733 2444 1842 pleno
2473 1732 2648 1842 jure
2680 1732 3000 1816 confert.

1270 1980 1517 2057 (lnedlt.
1551 1997 1627 2040 ex
1655 1982 1924 2058 originali
1955 1982 2017 2039 in
2045 1979 2290 2039 archivo
2317 1978 2654 2051 Drasdenst,
2683 1978 2844 2039 unde
2871 1978 3128 2055 sigillum
3154 1994 3386 2038 cereum
3419 1978 3764 2057 appendet.)

1205 2195 1588 2285 Conradus,
1626 2195 1766 2267 divi
1803 2194 2078 2285 augusti
2102 2194 2539 2288 imperatoris
2568 2191 2896 2265 Friderici
2922 2189 3132 2283 filius,
3168 2191 3296 2265 Dei
3327 2194 3548 2286 gratia
3578 2194 3921 2266 Romano·

1109 2343 1264 2392 rum
1298 2320 1370 2391 in
1403 2341 1638 2412 regem
1688 2319 1988 2407 electuS,
2031 2340 2309 2412 semper
2352 2328 2689 2408 augustus
2725 2327 2796 2387 et
2824 2316 3027 2388 heres
3062 2318 3258 2409 regni
3293 2317 3703 2389 Jerusalem.
3740 2318 3928 2390 Licet

1108 2446 1245 2537 maj
1254 2453 1436 2515 estas
1455 2444 1643 2535 regia
1668 2453 2074 2513 cunctarum
2093 2441 2542 2514 ecclesiarum
2564 2440 3172 2513 commoditatibus
3198 2450 3513 2513 teneatur
3534 2440 3920 2532 intendere,

1110 2580 1342 2639 tamen
1378 2567 1646 2639 devotis
1678 2589 1921 2638 eorum
1970 2566 2233 2637 meritis
2266 2566 2743 2656 exigentibu5‚
2783 2565 2855 2635 in
2900 2565 3213 2636 favorem
3248 2566 3536 2636 fratrum
3569 2565 3927 2660 hospitalis

1106 2694 1358 2763 Sancte
1389 2691 1601 2762 Marie
1635 2690 1886 2762 domus
1921 2689 2562 2761 Theutonicorum
2543 2711 2615 2759 m
2645 2690 3025 2761 Jerusalem
3061 2699 3378 2760 tenemur
3417 2688 3809 2783 specialiter
3838 2690 3923 2761 ad

1106 2816 1617 2887 incrementum
1650 2837 1774 2886 sue
1810 2814 2097 2927 domna,
2129 2822 2374 2908 utpote
2406 2835 2545 2908 que
2595 2812 2919 2885 divorum
2964 2814 3488 2907 progenitorum
3532 2822 3926 2885 nostrorum

1106 2938 1528 3010 memorialis
1560 2947 1662 3008 est
1699 2929 2011 3032 plantula
2055 2946 2125 3008 et
2163 2958 2303 3030 que
2347 2936 2607 3007 eisdem
2652 2946 2724 3006 et
2764 2935 2967 3007 nobis
3007 2936 3279 3009 adhesit
3323 2957 3598 3032 semper
3634 2933 3930 3009 fideliter

1109 3073 1179 3134 et
1219 3072 1640 3134 constanter.
1699 3063 1840 3131 Hac
1880 3061 2224 3153 siquidem
2271 3061 2538 3132 ratione
2584 3082 2711 3154 per
2751 3081 3038 3154 presens
3104 3061 3437 3155 scriptum
3481 3071 3725 3132 notum
3781 3082 3928 3131 esse

1106 3186 1428 3256 volumus
1481 3198 1620 3256 tam
1669 3185 2108 3278 presentibus
2163 3206 2374 3276 quam
2420 3185 2668 3255 futuris
2709 3184 2900 3277 quod
2945 3205 3075 3255 nos
3127 3184 3216 3256 ad
3267 3206 3512 3279 preces
3557 3184 3788 3256 fratris
3841 3183 3921 3256 G.

1107 3307 1527 3379 venerabilis
1561 3307 1868 3398 magistri
1900 3307 2210 3400 predicte
2253 3309 2536 3399 domus,
2587 3309 2998 3380 auctoritate
3033 3309 3293 3380 domini
3345 3321 3417 3381 et
3455 3309 3671 3404 patris
3713 3309 3929 3382 nostri

1111 3441 1180 3500 et
1212 3440 1477 3518 nostra,
1496 3432 1615 3521 jus
1649 3440 2056 3523 patronatus
2083 3431 2375 3502 ecclesie
2407 3432 2603 3503 Nove
2629 3432 2940 3504 Civitatis
2969 3432 3159 3526 apud
3190 3432 3554 3505 Mulhusen
3582 3434 3672 3505 ad
3710 3432 3928 3506 hono·

1110 3573 1257 3622 rem
1291 3553 1417 3623 Dei
1457 3563 1526 3622 et
1563 3575 1684 3623 sue
1718 3553 1953 3623 Matris
1985 3554 2284 3643 gloriose
2326 3555 2512 3626 dicto
2545 3554 2872 3650 hospitali
2912 3556 3330 3627 contulimus
3375 3558 3583 3651 pleno
3607 3557 3804 3649 jure,
3834 3556 3932 3627 ita

1107 3674 1438 3746 videlicet
1481 3687 1560 3746 ut
1609 3698 1768 3747 cum
1824 3676 2047 3770 primo
2093 3678 2487 3768 vacaverit,
2541 3679 2787 3750 fratres
2840 3679 3153 3771 ejusdem
3201 3679 3562 3776 hospitalis
3613 3680 3929 3752 eamdem

1110 3799 1471 3869 ecclesiam
1504 3799 1807 3873 officiare
1831 3801 2111 3871 valeant
2141 3801 2210 3870 in
2240 3801 2738 3894 spiritualibu8‚
2757 3805 2961 3895 juxta
2988 3803 3274 3875 modum
3303 3825 3514 3896 quem
3543 3804 3614 3875 in
3644 3803 3931 3876 ecclesia

1107 3922 1411 4015 Antiqua
1473 3923 1780 3996 Civitatis
1835 3924 2172 3995 hactenus
2231 3936 2714 3998 servaverunt.
2773 3928 3089 3998 Decimas
3143 3942 3378 3999 autem
3440 3937 3510 3999 et
3557 3937 3931 4023 proventus

1108 4066 1268 4116 cum
1304 4047 1456 4117 aliis
1494 4047 2033 4119 obventionibus
2079 4049 2394 4140 ejusdem
2438 4050 2729 4121 ecclesie
2767 4051 2857 4122 ad
2885 4073 3054 4122 usus
3088 4074 3250 4124 suos
3282 4052 3624 4147 recipiant
3663 4063 3737 4124 et
3765 4074 3928 4125 con-

1107 4180 1410 4241 vertant.
1451 4170 1538 4241 Ut
1565 4170 1775 4261 igitur
1802 4170 1932 4243 bec
1967 4181 2203 4243 nostra
2249 4173 2529 4244 collatio
2571 4184 2718 4244 rata
2752 4186 3160 4269 permaneat
3191 4186 3262 4247 et
3296 4175 3736 4266 inconvulsa,
3772 4197 3931 4273 pre·

1107 4303 1338 4364 sentes
1369 4292 1631 4365 litteras
1662 4293 1811 4364 fieri
1846 4296 2137 4366 fecimus
2165 4305 2235 4367 et
2266 4296 2492 4388 sigillo
2523 4308 2759 4368 nostre
2787 4299 3218 4372 celsitudinis
3248 4300 3587 4373 roborari.

1204 4417 1455 4486 Actum
1485 4417 1676 4511 apud
1706 4419 2112 4509 Rotinburc,
2148 4441 2336 4491 anno
2364 4419 2711 4492 dominice
2743 4422 3238 4494 incarnationis
3268 4424 3639 4496 millesimo
3670 4424 3929 4497 ducen-

1108 4538 1352 4609 tesimo
1380 4538 1913 4632 quadragesimo
1946 4543 2188 4631 tercio,
2221 4564 2461 4614 mense
2496 4545 2757 4637 apriliS‚
2797 4546 3017 4640 prime
3045 4546 3469 4618 indictionis,

1189 4725 1272 4803 (a)
1316 4728 1458 4788 Vice
1478 4725 1673 4805 pridie
1699 4726 1850 4803 idus,
1885 4728 2201 4809 legendum
2228 4731 2403 4792 valde
2426 4735 2797 4810 suspicamur
2823 4735 3018 4814 prium
3048 4734 3403 4799 indictionis.
