4525 6031
727 1243 934 1297 Ludna!

698 1299 752 1342 ει
767 1256 990 1354 1’Ξιιιιιιιίι

1077 632 1201 698 690
2071 644 2499 709 rmnssmct
2548 645 2896 709 SECUNDI
3514 645 3676 730 [Aua.
3713 647 3887 710 1249.

1182 1238 1666 1325 Innocentius
1732 1267 1933 1353 papa
1995 1244 2387 1330 Willelmo
2408 1306 2433 1350 ,
2492 1247 2655 1357 regi
2726 1246 3246 1332 Romanorum
3272 1309 3295 1354 ,
3365 1247 3624 1332 scribit
3681 1249 3891 1358 quod

1076 1375 1297 1459 uxori
1331 1376 1794 1461 marchionis
1829 1380 1925 1464 de
1959 1380 2255 1489 Baden,
2298 1408 2542 1492 quum
2579 1383 2721 1467 iste
2756 1384 3034 1468 nobilis
3078 1409 3377 1468 crucem
3419 1393 3684 1468 contra
3717 1382 3895 1468 Fri-

1073 1507 1417 1591 dericum
1452 1519 1527 1592 et
1564 1510 2001 1595 Conradum
2044 1525 2312 1596 natum
2349 1513 2517 1625 ejus
2549 1541 2937 1600 assumere
2976 1529 3291 1627 paratus
3336 1517 3475 1624 sit,
3527 1503 3894 1599 ducatum

1076 1641 1428 1726 Austriae
1477 1654 1553 1727 et
1603 1645 1865 1729 omnia
1916 1645 2141 1730 seoda
2184 1674 2384 1759 quae
2439 1648 2750 1734 fuerunt
2806 1651 3201 1761 quondam
3263 1649 3479 1734 ducis
3535 1649 3891 1735 Friderici

1074 1772 1415 1884 ejusdem
1452 1777 1806 1861 dominae
1839 1781 2131 1888 patrui,
2170 1781 2514 1866 conferre
2546 1782 2750 1868 velit.

1236 2003 1507 2085 (Edlder.
1547 2007 1918 2084 Sentinum,
1962 2009 2183 2070 Hister.
2227 2009 2489 2092 Zarinqo
2535 2007 2715 2085 Bad„
2759 2011 2893 2073 cod.
2926 2011 3260 2090 diplomat„
3302 2016 3446 2073 tom.
3490 2009 3599 2085 IV,
3637 2027 3697 2088 p.
3741 2017 3890 2089 218,

1310 2123 1378 2172 n⁶
1403 2112 1643 2188 CXXV3
1658 2115 2014 2192 -ΒΑιυη,
2034 2113 2308 2190 Min-cll„
2332 2123 2474 2177 tom.
2495 2117 2636 2197 vn,
2666 2134 2730 2197 p.
2756 2127 2896 2197 455,
2917 2134 3053 2180 cum
3076 2134 3319 2180 erronea
3335 2123 3478 2178 nota
3502 2113 3892 2197 idmsebrua·

1309 2218 1436 2296 rii,-
1459 2252 1542 2267 -
1574 2227 1634 2282 et
1659 2221 1930 2298 Horma,
1958 2222 2119 2285 Καὶ.
2151 2220 2386 2285 fflaedr.
2411 2224 2494 2300 11,
2519 2225 2800 2303 append„
2826 2233 2895 2286 n·
2917 2233 3017 2304 36,
3043 2242 3078 2286 e
3103 2230 3318 2305 regest.
3342 2224 3525 2285 litter.
3546 2225 3751 2285 Innoc.
3781 2221 3889 2302 IV,

1311 2329 1375 2388 tn
1401 2325 1553 2389 Bihl.
1586 2327 1785 2391 Cesar.
1810 2329 2029 2410 Paris„
2061 2339 2243 2407 ⁴039,
2279 2342 2346 2391 n·
2381 2333 2549 2411 aas.)

1163 2527 1649 2621 Innocentius,
1695 2538 1868 2621 etc„
1910 2531 2026 2603 W.
2076 2531 2325 2610 illustri
2374 2531 2517 2624 regi
2560 2532 3068 2623 Romanorum,
3104 2540 3239 2603 etc.
3282 2532 3426 2604 Etsi
3475 2540 3765 2603 cunctos
3800 2551 3893 2602 ex

1067 2655 1398 2727 attributa
1423 2655 1544 2726 tibi
1565 2664 1906 2750 potestate
1932 2677 1974 2727 a
2006 2656 2301 2729 Domino
2332 2657 2571 2728 fovere
2598 2655 2669 2726 in
2699 2678 2822 2728 sua
2847 2657 3115 2749 justitia
3145 2656 3464 2748 teneariS,
3484 2654 3895 2727 sublimibus

1071 2789 1303 2851 tamen
1341 2779 1826 2874 nobilibusque
1863 2780 2177 2875 personis
2214 2802 2341 2875 per
2370 2801 2545 2873 quas
2574 2779 2821 2852 honori
2861 2791 2979 2853 tuo
3010 2802 3261 2873 magne
3285 2780 3599 2853 utilitatis
3630 2783 3893 2852 fructus

1071 2924 1272 2999 posse
1289 2904 1656 2997 provenire
1675 2915 2020 2998 speratur,
2047 2905 2602 2978 favorabiliorem
2633 2916 2700 2977 te
2729 2905 3055 2977 convenit
3081 2905 3442 2995 exhibere,
3474 2905 3544 2976 in
3576 2904 3709 2976 biis
3735 2926 3892 2999 pre-

1069 3028 1270 3123 cipue
1302 3049 1439 3121 que
1471 3026 1603 3099 sibi
1635 3049 1678 3100 a
1715 3030 1847 3101 tuis
1878 3030 2484 3125 predecessoribus
2523 3039 2690 3102 sunt
2725 3051 3078 3103 concessa.
3112 3031 3280 3101 Cum
3321 3030 3556 3121 igitur,
3593 3030 3771 3102 sicut
3802 3051 3894 3100 ex

1068 3164 1265 3248 parte
1298 3153 1534 3226 dilecti
1564 3152 1683 3224 filii
1717 3154 1968 3227 nobilis
1990 3156 2121 3228 viri
2132 3209 2639 3228 .......
2673 3154 3089 3227 marchionis
3113 3154 3202 3226 de
3227 3155 3463 3227 Baden
3491 3154 3624 3225 fuit
3648 3176 3897 3249 propo-

1066 3278 1277 3349 situm
1309 3297 1543 3349 coram
1575 3277 1809 3368 nobis,
1849 3299 1892 3350 a
1923 3280 2107 3350 clare
2137 3280 2469 3352 memorie
2497 3280 2963 3352 Romanorum
2995 3279 3526 3375 imperatoribus
3551 3279 3671 3373 qui
3701 3279 3892 3349 suere

1066 3422 1197 3497 pro
1236 3410 1583 3495 tempore,
1632 3399 1925 3473 ducibus
1971 3402 2248 3474 Austrie
2283 3425 2375 3475 ex
2422 3402 2703 3499 speciali
2749 3402 3111 3498 privilegio
3143 3403 3228 3475 sit
3267 3402 3678 3498 permissum
3718 3411 3800 3472 ut
3836 3402 3894 3474 si

1068 3525 1279 3598 iidem
1314 3524 1530 3597 duces
1575 3525 1839 3618 absque
1885 3526 2121 3598 liberis
2165 3527 2491 3599 masculis
2542 3536 3008 3619 morerentur,
3044 3526 3299 3598 femine
3339 3537 3479 3597 tam
3519 3526 3591 3595 in
3635 3525 3894 3598 ducatu

1067 3671 1278 3744 quam
1313 3648 1536 3721 feudis
1566 3648 1859 3742 aliisque
1898 3649 2100 3723 bonis
2141 3651 2468 3723 omnibus
2500 3651 2766 3747 possint
2785 3652 2945 3743 jure
2981 3651 3357 3722 succedere
3388 3652 3848 3722 masculorum
3868 3702 3889 3739 ,

1066 3775 1392 3867 idemque
1432 3782 1716 3868 paratus
1755 3773 1845 3845 sit
1881 3783 2125 3847 contra
2167 3775 2243 3846 F.
2284 3775 2639 3869 quondam
2673 3774 3187 3868 imperatorem,
3229 3774 3617 3845 Conradum
3651 3784 3892 3843 natum

1065 3898 1280 3994 ipsius
1319 3918 1699 3992 eorumque
1747 3899 2049 3971 fautores
2092 3899 2367 3990 signum
2410 3899 2634 3970 crucis
2674 3919 3069 3985 assumere,
3117 3896 3375 3988 tibique
3422 3896 3600 3967 sicut
3647 3896 3896 3967 asserit

1048 4018 1226 4097 'totis
1256 4022 1521 4094 viribus
1552 4021 1852 4094 fideliter
1882 4024 2221 4095 adherere
2240 4076 2259 4113 ,
2292 4044 2422 4094 nos
2453 4022 2870 4094 arbitrantes
2903 4020 3191 4113 dignum
3221 4020 3523 4090 existere
3557 4029 3635 4091 ut
3667 4020 3891 4114 ipsum

1061 4157 1347 4246 propter
1371 4146 1507 4220 hoc
1539 4146 1791 4239 regalis
1823 4146 2290 4219 munificentie
2320 4147 2543 4240 gratia
2572 4145 3040 4218 favorabiliter
3074 4143 3542 4240 prosequariS,
3569 4145 3896 4216 serenita-

1065 4285 1205 4345 tem
1237 4284 1426 4344 tuam
1460 4293 1786 4365 rogamus
1816 4283 1886 4344 et
1923 4273 2284 4345 hortamur
2308 4281 2571 4342 attente
2598 4270 2790 4363 quod
2826 4269 3152 4341 ducatum
3165 4270 3409 4357 ,feuda
3441 4279 3512 4340 et
3543 4270 3678 4341 alia
3708 4270 3889 4341 bona

1059 4419 1200 4491 que
1228 4399 1413 4469 clare
1445 4396 1777 4468 memorie
1805 4396 1955 4469 dux
1985 4396 2266 4468 Austrie
2297 4394 2621 4466 habuisse
2643 4393 3052 4483 dinoscitur,
3075 4393 3227 4487 ipso
3253 4392 3677 4488 adimplente
3703 4393 3893 4486 quod

1061 4522 1284 4612 offert,
1310 4518 1525 4593 nobili
1551 4520 1819 4592 mulieri
1842 4518 2047 4591 uxori
2075 4541 2227 4611 sue,
2253 4519 2445 4614 nepti
2473 4518 2784 4611 ejusdem
2812 4517 3037 4605 duciS,
3063 4515 3176 4588 cui
3206 4537 3289 4588 ea
3306 4526 3384 4587 ut
3408 4516 3660 4588 dicitur
3685 4516 3894 4588 debet

1060 4656 1203 4720 tam
1236 4644 1750 4740 propinquitate
1783 4643 2137 4736 sanguinis
2165 4664 2375 4735 quam
2409 4641 2574 4714 dicti
2607 4641 2950 4737 privilegii
2978 4640 3244 4712 ratione
3277 4640 3682 4730 succedere,
3715 4640 3890 4712 libe·

1059 4769 1297 4841 taliter
1339 4770 1655 4842 conferre
1691 4788 1773 4840 ac
1812 4767 2036 4881 ipsam
2074 4767 2163 4840 de
2194 4765 2526 4862 predictis
2567 4765 2894 4839 investire
2938 4786 3298 4862 procureS,
3330 4763 3430 4837 ita
3464 4772 3545 4836 ut
3584 4767 3894 4860 prefatus
