4525 6031
1041 656 1161 716 556
1644 739 1653 743 p
1809 739 1819 747 ο
2040 656 2472 716 anEmcl
2523 654 2870 716 SECUNDI
3485 653 3647 737 [Anu.
3685 655 3862 718 1247.

1036 790 1291 863 deinde
1329 789 1692 863 confestim
1727 790 2089 884 repetituri
2127 791 2607 880 Germaniam,
2641 789 2736 861 ad
2776 797 3006 860 motus
3047 788 3236 879 ejus,
3268 809 3446 881 quos
3475 790 3866 884 aliquorum

1034 913 1421 987 infidelium
1463 913 1868 1008 provocavit
1900 914 2253 1008 iniquitas,
2293 915 2661 986 salubriter
2691 911 3238 1007 componendos,
3276 914 3423 984 Hoc
3456 922 3692 984 autem
3726 922 3866 985 tam

1035 1039 1314 1109 salubre
1353 1037 1820 1131 propositum,
1857 1039 2053 1109 velut
2097 1017 2309 1108 finem
2354 1048 2544 1109 tanto
2590 1035 2970 1109 discrimini
3011 1035 3431 1130 positurum,
3473 1037 3867 1109 Italicorum

1034 1173 1107 1233 et
1146 1162 1758 1256 Transalpinorum
1804 1161 2192 1232 communis
2232 1160 2469 1255 opinio
2508 1161 2821 1232 omnium
2860 1159 3425 1247 commendabat,
3453 1160 3573 1252 qui
3605 1161 3864 1253 glorio·

1035 1308 1190 1357 sum
1219 1295 1452 1356 nostre
1484 1283 1863 1377 majestatis
1885 1305 2244 1356 accessum
2268 1285 2615 1356 continuis
2642 1283 3081 1354 missionibus
3114 1293 3185 1355 et
3215 1304 3502 1377 precum
3524 1285 3870 1358 confusio-

1036 1410 1245 1481 nibus
1279 1419 1675 1499 evocantes»,
1711 1408 2177 1481 desideratam
2214 1408 2476 1479 mundo
2510 1429 2753 1503 pacem
2784 1415 3155 1502 propterea
3191 1416 3716 1501 proventuram,
3752 1408 3866 1479 vel

1034 1534 1537 1605 insurrecturas
1565 1532 1636 1601 in
1667 1542 1861 1625 petra
1895 1532 2205 1604 scandali
2242 1532 2615 1604 seditiones
2661 1542 2732 1602 et
2768 1530 2998 1623 jurgia
3029 1530 3389 1601 nationum
3419 1530 3867 1602 infallibiliter

1036 1658 1463 1729 asserebant.
1493 1657 1632 1728 Sed
1665 1678 1847 1751 papa
1878 1656 2143 1729 interea
2172 1658 2261 1729 de
2294 1666 2472 1727 terre
2501 1665 2769 1744 sancte,
2800 1655 2980 1749 proh
3012 1655 3236 1745 dolor,
3257 1656 3573 1727 luctuosa
3601 1656 3870 1727 desola-

1040 1784 1225 1853 tione
1265 1803 1404 1852 non
1447 1803 1735 1869 curans,
1771 1802 1909 1875 que
1947 1778 2312 1851 Christiani
2351 1780 2703 1872 sanguinis
2738 1779 3070 1850 effusione
3105 1779 3453 1873 dispersa,
3490 1779 3660 1850 dum
3691 1777 3870 1853 filios

1037 1904 1356 1999 deplorat
1393 1905 1766 1993 extinctOS,
1796 1905 2055 1995 justam
2091 1905 2180 1976 de
2216 1904 2533 1974 hostibus
2569 1902 2787 1996 exigit
2817 1902 3180 1991 ultionem,
3208 1902 3297 1973 de
3331 1924 3470 1995 qua
3502 1899 3667 2003 fidei
3701 1925 3865 1975 nos·

1039 2038 1144 2099 tre
1180 2029 1407 2100 cultus
1453 2028 1784 2100 divinitus
1817 2040 1886 2099 et
1919 2028 2236 2099 doctrina
2281 2028 2654 2121 processit,
2698 2027 2790 2098 ad
2827 2026 3211 2097 infidelium
3261 2035 3653 2098 nostrorum
3697 2049 3866 2098 con·

1037 2174 1282 2223 versus
1326 2152 1624 2241 auxilia,
1663 2152 1783 2243 qui
1814 2161 2035 2245 caput
2078 2151 2344 2222 heresis
2385 2150 2701 2222 nutriunt
2741 2172 2878 2242 que
2921 2152 3068 2242 jam
3116 2151 3427 2244 profecto
3468 2140 3864 2222 universam

1037 2275 1418 2367 Liguriam,
1450 2297 1872 2367 quamquam
1916 2295 2070 2345 eam
2111 2284 2351 2345 noster
2393 2274 2575 2345 ensis
2613 2273 3075 2368 opprimeret,
3112 2273 3479 2361 infecerat,
3516 2275 3862 2368 copiosam

1037 2401 1709 2471 ultramontanorum
1741 2399 2037 2469 militum
2081 2397 2515 2488 comitivam,
2556 2398 2646 2470 de
2692 2397 2986 2492 pecunia
3029 2418 3167 2488 que
3214 2396 3345 2467 sibi
3390 2419 3522 2468 nec
3561 2397 3654 2468 ad
3696 2398 3866 2469 tales

1036 2546 1205 2595 usus
1251 2524 1340 2596 de
1388 2521 1696 2594 fidelium
1744 2545 1956 2594 manu
2001 2523 2377 2616 porrigitur
2420 2544 2548 2616 pro
2589 2521 2732 2593 suis
2778 2513 3140 2614 stipendiis
3183 2520 3585 2609 solidatam,
3631 2521 3866 2592 subtili

1036 2648 1355 2740 quidem,
1405 2647 1564 2718 licet
1620 2647 1963 2717 malitioso
2018 2646 2346 2735 consilio,
2397 2645 2469 2716 in
2518 2645 2866 2717 consortia
2919 2644 3539 2716 Mediolanensium
3588 2644 3863 2717 mittere

1033 2781 1322 2844 conatus
1366 2772 1746 2858 incassum3
1792 2792 2094 2862 quorum
2131 2768 2478 2862 presentia
2510 2770 2620 2839 vel
2657 2779 2814 2862 post
2851 2777 3123 2860 tergum
3165 2768 3369 2839 nobis
3411 2768 3676 2840 Italiam
3718 2777 3860 2839 tra·

1033 2897 1256 2983 heret,
1278 2896 1390 2966 vel
1425 2915 1827 2989 processum
1857 2891 2076 2963 nostri
2110 2891 2432 2961 culminis
2460 2902 2618 2985 post
2654 2892 3118 2982 Lugdunense
3155 2890 3522 2963 concilium
3541 2887 3668 2987 [in]
3691 2892 3861 2963 Ger-

1036 3022 1340 3094 maniam
1363 3018 1758 3111 impediret,
1787 3038 1910 3110 spe
1933 3017 2303 3087 frustratus
2333 3013 2618 3087 omnino
2647 3014 2736 3086 de
2765 3014 3128 3087 conatibus
3157 3014 3302 3086 suis
3329 3014 3866 3108 irreparabiliter

1037 3144 1300 3218 excidit
1326 3153 1395 3213 et
1425 3141 1717 3235 turpiter
1748 3139 2056 3233 perdidit
2086 3139 2279 3231 quod
2311 3140 2674 3232 expendit.
2700 3139 2942 3211 Comes
2974 3138 3162 3208 enim
3191 3139 3536 3210 Sabaudie
3570 3138 3863 3211 dilectus

1034 3267 1261 3340 affinis
1297 3276 1368 3339 et
1397 3264 1623 3338 fidelis
1653 3275 1916 3353 noster,
1958 3284 2042 3334 ac
2079 3260 2322 3334 fideles
2362 3263 2477 3333 alii
2524 3283 2904 3357 perennem
2945 3261 3217 3356 imperii
3248 3261 3466 3334 nostri
3499 3261 3862 3334 victoriam

1035 3390 1571 3484 magnanimiter
1600 3397 2090 3484 procurantes,
2122 3386 2456 3458 militibus
2488 3388 2654 3481 ipsis
2686 3408 2811 3481 per
2841 3386 3197 3478 angustias
3229 3397 3299 3457 et
3332 3397 3628 3477 angusta
3661 3408 3862 3460 mon-

1036 3515 1210 3587 tium
1243 3514 1533 3586 transire
1565 3512 1972 3608 parantibus
1998 3532 2282 3584 omnem
2315 3532 2596 3606 prorsus
2637 3510 2906 3582 aditum
2938 3509 3009 3580 in
3040 3518 3456 3603 perpetuum
3499 3510 3864 3582 obstruxe-

1033 3627 1226 3711 runt.
1261 3641 1554 3711 Eramus
1585 3636 1821 3728 itaque
1858 3635 2256 3730 compositis
2284 3635 2605 3706 omnibus
2636 3644 2708 3706 et
2734 3635 2945 3705 rebus
2977 3633 3512 3706 succedentibus
3543 3633 3746 3705 nobis
3771 3633 3865 3705 ad

1033 3773 1302 3850 votum,
1340 3764 1487 3854 jam
1515 3760 1605 3831 ad
1632 3760 1765 3831 iter
1795 3758 2085 3831 accincti
2124 3789 2141 3829 ε
2181 3758 2372 3852 quod
2407 3757 2762 3852 predictus
2800 3779 3035 3829 comes
3077 3756 3422 3830 Sabaudie
3464 3765 3536 3827 et
3575 3755 3859 3849 Delphi-

1035 3910 1170 3959 nus
1200 3908 1433 3958 comes
1462 3884 1758 3971 Vienne,
1791 3883 2085 3954 dilectus
2115 3882 2671 3974 consanguineus
2704 3891 2775 3953 et
2806 3880 3031 3951 fidelis
3062 3890 3325 3970 noster,
3357 3902 3440 3951 ac
3466 3878 3712 3953 fideles
3742 3878 3862 3950 alii

1035 4012 1128 4084 ad
1165 4012 1381 4106 pedes
1420 4017 1694 4080 nostros
1727 4005 1974 4077 humili
2015 4005 2386 4078 devotione
2434 4005 2801 4099 prostrati,
2840 4025 2966 4098 per
3002 4012 3220 4074 terras
3268 4025 3430 4074 suas
3470 4003 3672 4075 nobis
3700 4024 3860 4097 per-

1032 4144 1505 4230 opportunum
1541 4139 1982 4226 paraverant,
2011 4139 2084 4201 et
2114 4127 2523 4200 necessariis
2550 4128 2877 4199 omnibus
2904 4126 3276 4197 effecerant
3298 4127 3682 4220 copiosum.
3708 4127 3860 4211 Quo

1032 4283 1194 4332 cum
1234 4268 1522 4353 repente
1561 4258 1907 4328 fortunam
1948 4256 2313 4328 Cesaream
2355 4252 2662 4325 constitit
2694 4250 3143 4346 processisse,
3177 4273 3315 4343 que
3352 4273 3540 4322 nunc
3577 4251 3860 4323 demum

1034 4383 1392 4457 nobiscum
1436 4380 1800 4473 gloriosius
1845 4378 2202 4474 provenit,
2245 4359 2436 4470 quod
2472 4376 2673 4448 nobis
2705 4397 2865 4446 cum
2897 4373 3122 4468 primo
3152 4373 3241 4444 de
3273 4374 3585 4465 qualibet
3616 4373 3859 4445 condi·

1033 4505 1219 4579 tione
1252 4499 1837 4599 contenderit(a),
1873 4524 1946 4574 se
1984 4500 2425 4597 processibus
2458 4498 2710 4571 nostris
2746 4498 2930 4569 circa
2958 4496 3228 4569 radices
3257 4496 3566 4592 Alpium,
3604 4497 3677 4568 in
3707 4498 3859 4594 ipso

1118 4771 1199 4851 (a)
1243 4774 1434 4834 Locus
1460 4777 1590 4831 tum
1615 4771 1681 4829 in
1707 4771 2016 4845 impresso,
2053 4772 2184 4826 tum
2209 4766 2276 4824 in
2305 4762 2606 4824 codicibus
2631 4761 2931 4824 obscurus.
