4525 6031
1132 637 1255 698 854
2182 637 2549 702 colmam
2597 636 2900 714 QUAM!
3564 636 3730 715 [An.
3767 637 3945 703 1243.

1542 914 2083 925 ——--—-..——

737 1180 1043 1289 namin,
1239 1170 1632 1253 Conradus
1653 1231 1679 1277 ,
1740 1173 1819 1253 in
1876 1172 2397 1255 Romanorum
2460 1197 2721 1281 regem
2746 1173 3062 1257 ‘electus
3084 1234 3110 1280 ,
3163 1171 3565 1255 confirmat
3615 1168 3939 1280 privile-

955 1289 1008 1330 ‘¹‘
1127 1302 1341 1413 gium
1405 1303 1641 1413 patris
1703 1304 1820 1385 sui
1871 1303 2228 1388 Friderici
2288 1304 2826 1413 imperatorisr
2855 1306 3124 1388 datum
3191 1304 3397 1412 apud
3456 1304 3936 1408 Ravennam,

1124 1435 1505 1517 decembri
1583 1439 1818 1539 1231,
1898 1463 2053 1546 quo
2119 1437 2486 1520 fratribus
2561 1437 2881 1521 Sanctae
2946 1437 3228 1522 Mariae
3299 1436 3937 1518 Theutonicorum

1122 1566 1510 1650 districtus
1583 1570 2021 1652 conceditur
2092 1571 2297 1680 apud
2354 1570 2605 1654 Accon
2670 1571 2766 1653 de
2818 1570 3041 1652 horto
3093 1567 3553 1652 Acconensis
3607 1567 3935 1676 episcopi

1122 1726 1366 1810 usque
1404 1702 1502 1783 ad
1533 1702 1898 1785 terminos
1934 1712 2180 1784 terrae
2213 1701 2737 1787 Januensium.
2777 1723 2784 1732 ’
3150 1703 3163 1716 ’

1282 1918 1516 1996 (Edtdit
1550 1920 1885 1993 Dumms,
1909 1919 2133 1980 Hister.
2164 1918 2295 1982 ord.
2333 1920 2604 1995 Tanton„
2634 1936 2698 1997 p.
2742 1929 2801 1980 7.
2833 1919 3026 1994 Quam
3068 1916 3608 1997 confirmationem,
3645 1935 3828 1995 quum
3857 1920 3935 1979 sit

1357 2028 1579 2101 teporis
1595 2026 1883 2104 ejusdem,
1904 2026 2211 2087 brevitatis
2236 2043 2418 2087 causa
2443 2044 2566 2088 non
2589 2026 2785 2086 denuo
2816 2027 3109 2103 integram
3138 2024 3503 2085 exhibemus.
3520 2023 3609 2085 De
3632 2026 3932 2104 privileglo

1355 2132 1630 2193 Friderici
1660 2133 1927 2210 secundi,
1957 2133 2175 2193 videsis
2200 2131 2356 2194 Hm.
2388 2129 2652 2214 diplom„
2680 2139 2728 2193 t.
2761 2132 2868 2206 IV,
2898 2149 2954 2210 p.
2996 2141 3063 2192 27
3075 2141 3135 2209 8,
3167 2130 3334 2210 279.)

1208 2313 1596 2404 ConraduS,
1637 2313 1782 2386 divi
1814 2315 2090 2405 augusti
2119 2315 2555 2409 imperatoris
2584 2314 2913 2386 Friderici
2944 2312 3151 2403 filine,
3186 2323 3355 2406 etc„
3390 2324 3468 2384 ut
3485 2335 3720 2406 supra.

1209 2438 1444 2509 Testes
1469 2446 1702 2509 autem
1731 2436 1936 2529 hujus
1973 2439 2074 2509 rei
2101 2449 2305 2528 sunt,
2342 2449 2474 2510 ete.
2494 2492 2513 2527 ,
2550 2448 2627 2512 ut
2658 2460 2893 2531 supra.

1206 2563 1458 2632 Actum
1499 2582 1684 2634 anno
1730 2562 2011 2633 Domini
2064 2562 2554 2652 M.CC.XL111,
2609 2582 2848 2633 mense
2903 2560 3291 2633 decembris
3313 2613 3332 2650 ,
3386 2559 3762 2632 indictione
3815 2581 3924 2633 se-

1105 2683 1359 2755 cunda.
2249 2770 2267 2790 ⁹

1207 2809 1455 2879 Datum
1486 2807 1675 2912 apud
1700 2808 2143 2908 Norimberc,
2172 2829 2397 2904 anno,
2432 2827 2670 2879 mense
2698 2816 2770 2879 et
2803 2807 3180 2880 indictione
3212 2807 3635 2904 prescriptis,

1885 3476 2109 3538 ANNO
2165 3476 2369 3537 1244.
2398 3511 2479 3522 —
2520 3475 3012 3539 INDICTIONE
3061 3475 3123 3538 2.

672 3934 1036 4034 *vggfflgm
1201 3920 1600 4003 Conradus
1619 3983 1642 4028 ,
1682 3922 1762 4003 in
1809 3922 2330 4007 Romanorum
2372 3950 2630 4035 regem
2695 3925 3013 4028 electuS,
3058 3923 3389 4034 priorem
3433 3933 3510 4007 et
3563 3947 3904 4005 conven-

1091 4061 1258 4134 tum
1294 4052 1391 4135 de
1442 4051 1877 4164 Riigisberg
1930 4056 2011 4137 in
2049 4058 2397 4139 districtu
2442 4057 2827 4139 Bernensi'
2850 4084 3026 4139 cum
3077 4057 3297 4139 bonis
3350 4066 3425 4137 et
3472 4052 3907 4137 hominibus

1089 4211 1353 4268 eorum
1413 4186 1559 4269 sub
1617 4186 1991 4296 imperiali
2057 4190 2521 4298 protectione
2581 4189 2883 4300 recipit,
2945 4199 3019 4272 et
3074 4191 3391 4272 mandat
3442 4184 3906 4270 universitati

1083 4317 1587 4400 Beruensium
1623 4329 1711 4402 ut
1744 4320 2165 4430 predictam
2203 4322 2596 4404 ecclesiam
2635 4331 3177 4405 manuteneant
3211 4330 3287 4403 et
3320 4319 3760 4403 defendant.

1246 4530 1441 4610 (Edit.
1473 4535 1537 4592 in
1565 4530 1842 4594 Schweiz.
1874 4551 2052 4607 mm„
2084 4553 2241 4595 anno
2276 4544 2455 4609 1786,
2478 4552 2541 4613 p.
2575 4544 2713 4606 282,
2744 4541 2805 4599 et
2831 4531 3051 4597 Solotlt.
3088 4532 3513 4619 Wochenblatt,
3544 4550 3686 4595 ann.
3724 4540 3898 4604 1828,

1321 4656 1383 4714 p.
1414 4647 1556 4715 838,
1585 4650 1652 4699 n⁰
1686 4649 1792 4711 323
1824 4640 1961 4699 coll.
2003 4657 2138 4700 cum
2177 4644 2349 4718 copia
2392 4658 2468 4701 ex
2507 4641 2749 4701 archivo
2792 4640 3073 4702 Beruensi
3114 4659 3211 4719 ap.
3255 4641 3405 4704 Bibl.
3451 4641 3652 4703 Cesar.
3689 4639 3900 4716 Paris„

1311 4743 1833 4817 hanalae-Comae,
1865 4746 2003 4808 coll.
2035 4746 2211 4821 Droz,
2243 4756 2291 4809 t.
2317 4747 2539 4826 XLIII,
2562 4747 2667 4808 fol.
2702 4757 2778 4809 8ο
2807 4765 3001 4827 verso,
3032 4758 3102 4812 81
3133 4746 3342 4827 recto.)
