4525 6031
704 685 904 744 hemer.
939 684 1031 760 7.]
1599 678 1992 742 HISTORIA
2043 678 2632 745 mPLOMATch.
3403 678 3526 737 677

708 828 1084 906 ememus,
1105 826 1473 911 postquam
1501 813 1755 887 multas
1782 827 1853 888 et
1880 817 2303 911 periculosas
2337 817 2730 914 Apostolice
2758 816 2956 890 Sedis
2989 814 3290 909 presidio
3309 813 3530 886 evasit

707 943 995 1014 insidias
1054 942 1377 1036 cepitque
1436 940 1651 1012 libere
1698 940 1773 1011 in
1825 962 2040 1033 regno
2081 942 2231 1037 ipso
2275 943 2462 1037 pleni
2503 943 2632 1014 sibi
2674 943 2982 1013 habenas
3030 940 3125 1010 illi
3184 938 3528 1010 tribuente

708 1066 996 1139 dominii
1047 1064 1449 1161 principari,
1495 1064 1594 1136 sic
1643 1065 1715 1135 in
1764 1065 2085 1159 superbie
2127 1066 2567 1138 altitudinem
2618 1077 2723 1137 est
2770 1065 2992 1137 elatus
3046 1074 3118 1136 et
3168 1063 3236 1133 in
3288 1061 3528 1132 sevitie

708 1191 1154 1263 acerbitatem
1202 1189 1505 1281 obriguit
1541 1189 1727 1281 quod
1770 1187 1858 1260 de
1896 1188 2303 1260 humilitatis
2339 1190 2723 1262 substantia
2757 1190 2954 1281 cujus
2997 1188 3068 1258 in
3116 1186 3425 1259 adversis
3455 1207 3530 1259 se

708 1315 1079 1387 simulabat
1122 1314 1421 1384 amicum
1461 1320 1532 1384 et
1578 1312 1667 1384 de
1717 1313 2161 1404 benignitatis
2211 1314 2742 1385 mansuetudine
2778 1335 2987 1405 quam
3038 1310 3298 1382 blando
3341 1310 3533 1406 prius

707 1437 1169 1509 mentiebatur
1195 1437 1472 1529 affectu,
1506 1436 1673 1507 nihil
1710 1436 1994 1508 omnino
2022 1437 2329 1507 retinens
2349 1445 2420 1507 et
2443 1438 2531 1508 de
2551 1437 2804 1508 virtute
2826 1436 3064 1508 divina
3086 1456 3226 1507 non
3254 1435 3535 1506 tremuit

706 1562 1217 1653 humanamque
1254 1560 1695 1656 parvipendit
1729 1561 2146 1654 potentiam,
2186 1570 2256 1631 et
2293 1561 2628 1633 honorem
2671 1562 2977 1633 Ecclesie
3017 1582 3099 1631 ac
3147 1559 3534 1632 libertatem

704 1684 1068 1757 hominum
1106 1683 1271 1755 dicti
1305 1685 1501 1775 regni
1536 1683 1881 1755 tirannide
1916 1684 2291 1757 furibunda
2325 1685 2666 1780 depressit
2700 1683 3108 1779 plurimum,
3148 1683 3312 1755 olim
3350 1685 3536 1756 mitis

705 1811 775 1879 in
806 1809 1073 1898 nubilo,
1113 1808 1236 1879 sed
1273 1808 1561 1878 nimium
1597 1829 1882 1879 severus
1915 1819 2072 1903 post
2098 1810 2383 1879 modum
2408 1809 2476 1879 in
2498 1810 3164 1898 sereno,verborum
3188 1817 3354 1879 tunc
3374 1807 3533 1879 dul-

707 1933 953 2005 cedine
993 1933 1309 2022 melleuS,
1347 1932 1472 2004 sed
1505 1943 1745 2028 postea
1779 1934 2022 2004 felleus
2054 1934 2517 2006 amaritudine
2544 1956 2862 2028 operum,
2886 1942 3047 2004 ante
3072 1932 3353 2025 quidem
3369 1953 3533 2027 pro-

708 2057 1051 2128 missionis
1083 2055 1562 2128 blandimento
1592 2056 1995 2128 multimode
2028 2058 2305 2147 liniens,
2343 2057 2469 2129 sed
2502 2067 2851 2151 postremo
2887 2066 2969 2129 ut
2998 2056 3270 2150 scorpio
3300 2076 3536 2151 perse-

709 2181 1007 2254 cutionis
1045 2181 1288 2253 aculeo
1331 2179 1479 2252 dire
1512 2181 1781 2253 ledenS.
1828 2182 1931 2253 De
1960 2182 2360 2276 multiplicis
2393 2182 2651 2254 etenim
2680 2180 3105 2253 necessitatis
3136 2189 3432 2272 angusto
3462 2180 3537 2251 in

709 2329 849 2401 quo
883 2307 1095 2378 draco
1127 2306 1255 2377 iste
1284 2306 1581 2378 latuerat
1613 2305 1704 2377 ad
1742 2306 2086 2377 affluentis
2115 2307 2471 2401 opulentie
2508 2307 3036 2402 amplitudinem
3086 2305 3440 2377 famelicus
3468 2314 3540 2376 et

708 2429 1099 2500 sitibundus
1114 2429 1436 2515 exiliens,
1454 2429 1698 2501 rabido
1717 2429 1900 2525 cepit
1920 2450 2040 2501 ore
2070 2451 2364 2520 regnum
2386 2431 2648 2502 laniare
2666 2433 3037 2525 prefatum,
3053 2451 3333 2501 carnem
3353 2429 3539 2501 illius

709 2575 939 2625 rerum
991 2577 1274 2626 suarum
1318 2554 1579 2627 scilicet
1621 2555 2016 2626 ubertatem
2061 2576 2478 2626 consumens
2519 2555 2590 2626 in
2637 2555 2870 2626 cibum
2911 2564 2981 2624 et
3021 2554 3429 2645 sanguinem
3464 2553 3538 2624 in

707 2689 950 2774 potum
1003 2678 1461 2769 exhaurienS,
1515 2678 1878 2750 hominum
1918 2679 2246 2750 videlicet
2278 2680 2428 2770 ejus
2457 2679 2705 2758 vitam.
2748 2679 2861 2750 Sic
2896 2698 3198 2771 namque
3235 2677 3308 2748 in
3351 2677 3539 2748 bona

710 2813 782 2874 et
831 2824 1161 2898 personas
1207 2802 1422 2897 ipsius
1469 2803 1680 2874 anxia
1729 2803 1991 2875 exarsit
2015 2803 2324 2895 ingluvie
2357 2804 2549 2897 quod
2587 2802 2718 2875 hec
2752 2801 3121 2873 insatiabili
3162 2802 3539 2896 rapacitate

709 2927 1113 3023 discerpens
1142 2927 1315 2998 illud
1347 2926 1524 3023 proh
1559 2923 1790 2999 dolorl
1832 2929 2020 2999 ferus
2049 2927 2205 3023 plus
2233 2928 2381 2998 fera
2403 2927 2875 3022 qualibetfere
2894 2925 3542 3021 penitusabsorbuit

708 3053 780 3124 in
804 3042 1116 3145 utrisque
1136 3106 1155 3143 ,
1188 3074 1318 3123 nec
1346 3074 1595 3124 sexum
1630 3074 1760 3124 nec
1784 3061 2038 3123 etatem
2073 3074 2304 3146 neque
2338 3052 2650 3124 ordinem
2685 3050 3304 3147 pretermittenS.O
3328 3071 3540 3144 quam

709 3175 1055 3272 pestilenti
1107 3179 1357 3248 colono
1405 3175 1518 3248 hic
1560 3198 1727 3269 ager
1772 3176 2182 3248 commissus
2227 3177 2459 3248 extitit
2502 3186 2644 3248 tam
2685 3176 2928 3248 fertilis
2959 3185 3029 3246 et
3056 3196 3386 3264 amenus,
3419 3175 3540 3268 qui

708 3323 1067 3396 nunquam
1117 3322 1280 3372 enm
1332 3300 1570 3389 coluit,
1628 3300 1753 3371 sed
1804 3321 2079 3395 semper
2112 3300 2200 3371 de
2237 3301 2390 3395 ipso
2420 3301 2739 3393 collegit3
2773 3322 2916 3372 non
2946 3299 3238 3372 adauxit
3269 3300 3542 3371 cultura

706 3446 1012 3519 congrua
1031 3427 1295 3497 fructus
1315 3426 1490 3515 ejuS,
1514 3422 1639 3496 sed
1658 3424 1889 3495 verius
1926 3424 2082 3496 illos
2117 3424 2446 3496 indebitis
2473 3423 2780 3496 collectis
2809 3423 3166 3514 exhausit3
3195 3444 3541 3517 nusquam

706 3552 799 3623 ad
834 3552 1062 3647 ipsum
1104 3549 1389 3621 cultoris
1426 3569 1666 3620 curam
1707 3548 2059 3639 adhibuit,
2094 3548 2220 3619 sed
2248 3548 2713 3620 curiositatem
2747 3547 3007 3620 assidui
3037 3548 3449 3620 collectoris,
3484 3548 3543 3619 Ο

707 3696 916 3768 quam
947 3694 1273 3769 perverso
1307 3671 1561 3744 rectori
1599 3681 1866 3744 tantum
1899 3693 1983 3744 ac
2015 3674 2151 3744 tale
2189 3672 2533 3744 creditum
2561 3672 2689 3743 fuit
2716 3693 3038 3764 regnum,
3058 3672 3176 3765 qui
3209 3672 3352 3744 suis
3387 3680 3540 3743 tan·-

709 3799 1069 3872 tummodo
1115 3797 1467 3894 nephariis
1507 3797 1689 3869 votis
1734 3797 2042 3870 intentus
2087 3797 2297 3892 impie
2344 3798 2437 3869 ad
2477 3797 2663 3868 illius
2706 3796 3023 3892 prosiluit
3068 3796 3422 3868 excidium
3463 3808 3545 3868 ut

709 3946 911 3995 suum
951 3925 1249 3995 ferinum
1274 3922 1585 3993 animum
1609 3922 2132 3994 inhumanitatis
2158 3922 2588 3994 immanitate
2616 3923 2960 4017 placaret,
2986 3929 3272 3991 cunctos
3297 3917 3541 4011 utique

708 4048 1031 4144 predam,
1069 4048 1492 4139 gubernator
1524 4046 1889 4141 dissipanS,
1915 4046 2239 4119 defensor
2262 4045 2658 4137 offendens,
2690 4045 2839 4116 dux
2871 4043 3187 4132 devians,
3220 4042 3542 4137 princeps

706 4173 889 4268 preci
897 4173 1125 4268 pitans
1153 4182 1222 4244 et
1254 4194 1379 4243 rex
1408 4170 1687 4243 rodens,
1713 4173 1864 4243 Heu
1886 4168 2155 4265 itaquel
2180 4171 2343 4265 quia
2366 4170 2742 4261 gratiosum
2761 4179 2831 4240 et
2849 4167 3226 4263 pretiosum
3245 4188 3538 4258 regnum

707 4299 817 4370 cui
859 4297 1250 4393 specialiter
1291 4296 1625 4368 Dominus
1656 4296 1727 4367 in
1762 4295 2085 4368 omnibus
2112 4295 2613 4386 benedixerat,
2653 4293 2741 4367 de
2779 4295 2918 4366 alto
2949 4293 3166 4385 glorie
3213 4292 3283 4363 in
3319 4292 3538 4364 imum

704 4421 975 4493 miserie
1000 4422 1286 4512 corruit,
1308 4422 1438 4493 sub
1467 4421 1740 4493 inimice
1759 4420 2197 4493 adversitatis
2225 4419 2533 4492 dominio
2558 4418 2768 4492 variis
2793 4416 3347 4489 tribulationibus
3378 4437 3541 4487 con·

706 4547 1049 4619 tristatum
1088 4546 1279 4638 quod
1316 4546 1481 4617 olim
1515 4568 1608 4616 ex
1650 4545 1871 4617 amice
1902 4544 2379 4641 prosperitatis
2422 4543 2644 4616 arrisu
2681 4542 3119 4615 affluentibus
3156 4540 3539 4613 commodis

709 4671 1076 4743 letabatur.
1115 4667 1303 4741 Heul
1343 4671 1505 4764 quia
1547 4670 1939 4767 speciosum
1981 4692 2275 4763 regnum
2318 4679 2512 4743 tanta
2555 4679 2896 4742 mutatum
2934 4666 3341 4739 alteratione
3385 4687 3535 4736 cer·

706 4795 894 4868 nitur
924 4796 1113 4889 quod
1145 4796 1431 4869 omnino
1462 4818 1506 4870 a
1532 4817 1607 4870 se
1635 4796 1786 4893 ipso
1818 4796 2049 4893 priore
2083 4795 2481 4892 discrepare
2509 4795 2814 4883 videtur,
2844 4801 2914 4865 et
2930 4791 3055 4865 vix
3081 4788 3254 4862 illud
3270 4788 3538 4884 quihoc

864 4919 972 4981 vl.
1018 4935 1127 4980 rm
1146 4937 1192 4982 2.
3137 4921 3213 4974 86
