4525 6031
917 599 1039 662 696
1914 600 2336 662 FRmERlct
2385 600 2726 662 SECUNDI
3353 594 3516 677 [Au.
3554 595 3731 657 1249.

916 736 1128 808 salem
1165 746 1236 809 et
1270 737 1498 808 Sicilie
1532 757 1683 808 rex.
1723 735 1866 808 Etsi
1897 747 2307 809 cunctorum
2339 735 2647 808 fidelium
2681 743 3074 808 nostrorum
3111 741 3428 804 tenemur
3457 731 3738 804 servitia

915 879 1365 956 compensare
1414 870 1486 933 et
1539 860 1796 933 donata
1850 860 2247 953 attendere,
2305 862 2525 934 multo
2578 859 2824 933 fortius
2872 856 3195 948 angimur
3245 854 3379 927 illis
3429 866 3739 928 nostram

917 983 1459 1056 munificentiam
1526 984 1894 1058 ostendere
1957 1006 2100 1079 quo
2173 984 2436 1057 illibata
2496 982 2670 1056 fides
2732 991 3100 1078 parentum
3162 978 3458 1052 fideliter
3510 979 3582 1051 in
3638 980 3740 1051 eis

915 1107 1268 1180 elucescit.
1305 1109 1479 1180 Hinc
1522 1109 1845 1202 estquod
1880 1131 2039 1181 cum
2081 1131 2208 1181 nos
2240 1110 2334 1181 ob
2359 1118 2558 1202 grata
2589 1107 2871 1179 servitia
2903 1112 3292 1200 opportune
3332 1103 3425 1174 ab
3460 1103 3739 1196 egregio

913 1229 1131 1302 milite
1180 1230 1474 1304 Oddone
1524 1231 1613 1303 de
1645 1233 2020 1306 Camerana
2053 1243 2378 1328 accepta,
2444 1231 2564 1325 qui
2593 1252 2720 1326 pro
2769 1228 2973 1302 nobis
3021 1227 3388 1301 serviendo
3438 1227 3735 1324 patrium

913 1354 1138 1425 solum
1184 1355 1556 1450 dereliquit
1589 1369 1660 1429 et
1691 1357 1967 1428 insimul
2001 1379 2161 1428 cum
2193 1378 2333 1428 non
2368 1355 2608 1452 paucis
2647 1353 3043 1428 hominibus
3074 1351 3163 1423 de
3194 1351 3607 1424 Lombardia
3645 1351 3736 1423 ad

911 1488 1226 1550 nostrum
1245 1479 1471 1552 Sicilie
1495 1502 1787 1572 regnum
1814 1482 2435 1553 transfretaverunt
2448 1478 2628 1578 (sic),
2645 1482 2875 1552 locum
2896 1476 3017 1572 qui
3036 1475 3292 1549 dicitur
3304 1476 3393 1547 de
3416 1477 3737 1571 Scupello

909 1603 983 1673 in
1020 1599 1206 1676 dicto
1238 1625 1452 1695 regno
1485 1614 1557 1675 et
1586 1605 1767 1676 valle
1799 1604 2094 1677 Mazarie
2127 1604 2336 1675 situm
2372 1626 2532 1676 cum
2555 1615 2700 1676 toto
2731 1604 2882 1695 ejus
2917 1599 3287 1690 territorio,
3322 1611 3402 1670 ut
3424 1600 3738 1672 homines

910 1726 1043 1823 ipsi
1084 1727 1173 1799 de
1218 1728 1631 1800 Lombardia
1673 1728 2034 1800 venientes
2065 1740 2137 1800 et
2168 1750 2600 1801 successores
2647 1748 2885 1799 eorum
2924 1727 3088 1799 illuc
3121 1725 3512 1798 habitarent
3532 1726 3736 1817 juxta

909 1851 1464 1926 distributionem
1510 1873 1636 1949 per
1685 1852 2009 1925 eumdem
2049 1853 2417 1926 Oddonem
2460 1851 2888 1941 faciendam,
2929 1871 3534 1941 concesseramus3
3573 1849 3736 1921 inde

907 1996 1077 2047 vero
1108 1975 1270 2071 quia
1308 1978 1502 2049 locus
1538 1977 1654 2048 ille
1701 1999 1841 2050 non
1887 1988 2037 2050 erat
2076 1977 2423 2051 sufficiens
2463 1998 2693 2070 neque
2734 1984 2938 2070 aptus
2981 1975 3184 2048 dictis
3223 1974 3617 2048 bominibus
3642 1973 3737 2045 ad

907 2097 1392 2191 habitandum,
1426 2101 1516 2173 ad
1552 2101 1870 2174 iteratam
1903 2102 2479 2197 supplicationem
2509 2100 2822 2194 ejusdem
2859 2099 3170 2173 Oddonis
3203 2101 3273 2171 in
3312 2099 3735 2172 escambium

908 2221 1075 2294 dicti
1107 2223 1240 2297 loci
1286 2224 1587 2319 Scupelli
1633 2225 1860 2297 eidem
1901 2225 2176 2299 Oddoni
2216 2238 2285 2298 et
2316 2225 2714 2299 hominibus
2754 2224 3080 2320 predictis
3126 2233 3378 2296 terram
3411 2223 3734 2296 Corilioni

908 2346 979 2417 in
1012 2347 1258 2420 eadem
1296 2349 1477 2420 valle
1508 2349 1710 2421 sitam
1745 2359 1816 2421 et
1847 2351 2141 2445 positam
2174 2372 2335 2423 cum
2371 2360 2516 2423 toto
2549 2348 2920 2439 territorio,
2952 2349 3088 2420 situ
3124 2358 3196 2421 et
3226 2348 3543 2421 districtu
3576 2369 3730 2438 suc,

905 2493 1064 2543 cum
1093 2472 1518 2564 nemoribus,
1555 2474 1855 2568 pascuiS,
1892 2474 2120 2567 aquis,
2160 2476 2359 2547 terris
2389 2475 2522 2546 sub
2552 2473 2754 2568 aquis
2788 2485 2859 2544 et
2884 2473 3033 2546 sine
3064 2472 3295 2566 aquis,
3331 2471 3535 2543 terris
3574 2492 3732 2543 ara-

908 2596 1136 2688 toriiS,
1174 2597 1530 2689 casalinis,
1567 2597 1826 2693 prediis
1856 2599 2143 2671 urbanis
2184 2609 2254 2670 et
2296 2598 2605 2689 rusticis,
2646 2597 2939 2670 ecclesia
2974 2597 3121 2670 sive
3162 2596 3429 2691 capella
3471 2605 3543 2668 et
3583 2595 3736 2667 aliis

903 2721 1458 2817 quibuscumque
1489 2722 1801 2814 juribus,
1842 2722 2251 2813 rationibus,
2280 2722 2600 2815 justiciiS,
2634 2732 2706 2794 et
2741 2720 3174 2817 pertinentiis
3209 2721 3350 2793 suis
3385 2720 3732 2793 concessi-

902 2866 1086 2936 mus,
1123 2855 1330 2941 prout
1356 2846 1428 2917 in
1456 2846 1819 2942 privilegio
1852 2847 2004 2939 ejus
2032 2848 2499 2920 concessionis
2528 2847 2842 2920 diffusius
2865 2844 3733 2943 continetur(l)..Cumque

904 2977 1087 3042 terra
1132 2970 1280 3068 ipsa
1326 2971 1650 3044 Corilioni
1683 2993 1892 3066 supra
1927 2973 2209 3045 modum
2246 2968 2391 3072 [sit]
2425 2972 2656 3064 dives,
2692 2973 3019 3070 populata
3057 2980 3128 3044 et
3163 2970 3427 3043 munita
3457 2991 3542 3043 ac
3572 2978 3735 3067 apta

904 3093 1272 3168 hostilibus
1312 3096 1681 3169 insultibus
1724 3097 1817 3170 ad
1858 3097 2322 3171 resistendum
2369 3107 2795 3193 opportune,
2833 3096 3268 3170 decrevimus
3298 3095 3390 3167 ad
3420 3104 3731 3167 nostrum

906 3219 1175 3313 regium
1203 3219 1606 3291 demanium
1634 3221 2135 3314 revocandam,
2179 3231 2386 3319 prout
2420 3222 2872 3294 effectualiter
2912 3219 3419 3296 revocavimus,
3456 3220 3607 3306 Qua
3644 3220 3733 3291 de

904 3364 983 3413 re
1015 3342 1267 3416 nobilis
1301 3343 1501 3417 miles
1526 3345 1919 3418 Bonifacius
1949 3346 2039 3419 de
2064 3348 2444 3419 Camerana
2470 3346 2654 3418 filius
2682 3345 2850 3419 dicti
2881 3346 3135 3418 nobilis
3173 3345 3485 3418 Oddonis
3511 3343 3735 3415 humi-

907 3466 1065 3538 liter
1104 3466 1497 3539 celsitudini
1538 3480 1776 3542 nostre
1819 3470 2210 3565 supplicare
2255 3471 2419 3542 fecit
2458 3481 2539 3543 ut
2582 3471 2713 3542 sibi
2755 3470 2844 3541 de
2888 3470 3026 3542 alio
3070 3469 3408 3542 consimili
3451 3470 3604 3541 loco
3644 3468 3733 3539 de

907 3590 1143 3662 innata
1176 3591 1376 3664 nobis
1407 3593 1775 3666 clementia
1806 3595 2174 3690 providere
2208 3595 2679 3687 dignaremur.
2713 3594 2855 3665 Nos
2888 3615 3056 3666 vero
3088 3593 3269 3664 serio
3296 3592 3736 3665 consideran·

909 3726 1014 3787 tes
1042 3725 1240 3809 grata
1268 3726 1341 3787 et
1368 3726 1655 3813 accepta
1687 3717 1967 3790 servitia
1995 3740 2077 3791 ac
2114 3720 2450 3792 illibatam
2478 3718 2689 3791 fidem
2719 3740 2844 3812 per
2878 3717 3139 3790 dictum
3169 3716 3473 3789 nobilem
3504 3716 3738 3789 Oddo-

904 3861 1068 3911 nem
1103 3840 1384 3935 prestita
1416 3862 1499 3913 ac
1527 3841 1992 3914 intolerabiles
2024 3844 2299 3916 labores
2329 3854 2400 3916 et
2428 3844 2683 3915 damna
2706 3863 2831 3938 per
2854 3840 3178 3913 eumdem
3210 3841 3509 3913 nobilem
3538 3840 3738 3911 Boni-

905 3963 1157 4035 facium
1192 3964 1400 4037 wnobis
1438 3964 1510 4035 in
1551 3965 1921 4038 serviendo
1956 3988 2198 4061 passa,
2229 3988 2506 4062 queque
2550 3965 2812 4037 ilariter
2859 3974 2930 4037 et
2971 3964 3268 4037 fideliter
3305 3963 3397 4036 ad
3446 3985 3733 4060 presens

903 4089 1174 4160 confert
1204 4099 1276 4161 et
1306 4089 1379 4160 in
1418 4098 1625 4161 antea
1670 4090 1884 4163 dante
1925 4091 2223 4164 Domino
2265 4099 2573 4186 prestare
2609 4109 2970 4185 speramus
2998 4089 3303 4181 gratiora
3328 4086 3464 4186 (a),
3502 4088 3728 4160 eidem

902 4212 1119 4284 nobili
1153 4213 1353 4285 militi
1386 4213 1738 4287 Bonifacio
1768 4214 1859 4287 de
1892 4214 2273 4288 Camerana
2310 4214 2591 4309 suisque
2624 4213 3137 4286 successoribus
3164 4213 3253 4285 de
3281 4234 3409 4287 suo
3440 4233 3731 4307 corpore

987 4413 1071 4494 (a)
1115 4414 1189 4477 In
1218 4417 1422 4479 codiee
1446 4418 1740 4499 mmm,
1771 4420 1947 4482 maie.
1982 4374 1989 4379 ”

975 4730 1055 4803 (l)
1092 4730 1174 4789 Ct'.
1202 4747 1386 4806 supra,
1416 4736 1458 4790 t.
1484 4731 1552 4805 V,
1579 4750 1637 4808 p.
1667 4736 1770 4794 ⁴28
1789 4738 1848 4791 et
1867 4748 2048 4809 seqq„
2076 4732 2421 4809 privilegium
2444 4734 2631 4794 datum
2655 4750 2844 4794 mense
2862 4734 3143 4794 novembri
3168 4736 3332 4794 ⁴237.
