4525 6031
1034 643 1156 704 734
2032 640 2458 702 Fltlnnmcl
2507 640 2856 703 ssscuNm
3474 638 3639 719 [Arm.
3675 640 3857 703 1249.

1031 773 1541 884 principatum
1607 771 1911 855 Tarenti
1982 796 2159 853 cum
2231 783 2392 854 tota
2462 783 2662 854 terra
2722 770 3042 854 Ydronti
3064 832 3087 877 ,
3126 797 3358 879 quem
3416 772 3859 855 Constantia

1032 906 1426 1016 quondam
1476 904 1918 1013 imperatrix
1955 903 2332 987 avunculo
2384 902 2550 1013 ejus
2599 901 2905 988 Oddoni
2950 913 3421 987 concesserat
3472 915 3549 987 et
3597 916 3860 1013 postea

1032 1037 1459 1121 Fridericus
1504 1035 1946 1143 abstulerat,
1987 1036 2085 1118 de
2120 1036 2370 1145 gratia
2409 1036 2716 1145 speciali
2753 1036 3109 1119 restituit.

1194 1248 1403 1328 (Edtd.
1442 1249 1708 1324 Bonan,
1749 1246 1961 1308 Κηίων
1996 1245 2227 1310 ffledr.
2268 1248 2351 1328 11,
2389 1249 2672 1327 append„
2721 1248 2791 1309 n·
2829 1257 2933 1323 ⁴1,
2972 1264 3007 1309 e
3047 1248 3180 1310 cod.
3218 1244 3378 1313 Bibl.
3420 1250 3635 1322 Paris„
3677 1259 3858 1328 ⁴0³9,

1272 1363 1340 1414 n⁰
1371 1352 1541 1431 662.)

1128 1539 1605 1629 InnocentiuS‚
1664 1548 1833 1629 etc.,
1890 1540 2107 1611 nobili
2154 1540 2309 1612 viro
2359 1540 2657 1613 Henrico
2699 1541 3084 1635 Frajapane
3134 1539 3311 1611 sacri
3346 1540 3582 1636 palatii
3641 1542 3862 1613 nostri

916 1685 921 1692 ·
1032 1663 1512 1737 Lateranensis
1545 1663 1818 1754 comiti,
1857 1672 1992 1734 etc.
2038 1665 2235 1736 Clara
2270 1662 2549 1736 devotio
2578 1684 2718 1756 qua
2753 1664 2938 1735 inter
2968 1664 3238 1736 nobiles
3268 1664 3440 1736 alios
3475 1662 3698 1761 [erga]
3735 1685 3862 1736 nos

1037 1799 1108 1860 et
1129 1786 1597 1881 Apostolicam
1626 1785 1877 1858 Sedem
1907 1786 2298 1880 specialiter
2328 1788 2594 1880 fulgere
2627 1786 3032 1876 dinosceris,
3066 1788 3409 1858 instanter
3439 1788 3754 1881 exposcit
3783 1798 3865 1859 ut

1039 1921 1107 1982 te
1142 1921 1213 1981 et
1252 1909 1598 1981 continuis
1642 1929 2147 2004 prosequamur
2182 1909 2538 1981 favoribus
2570 1919 2641 1981 et
2672 1907 3202 1981 honorificentia
3241 1909 3605 2003 multiplici
3654 1911 3861 1980 attol-

1039 2035 1298 2123 lamus,
1341 2032 1912 2127 predecessorum
1952 2044 2346 2104 nostrorum
2406 2033 2754 2104 imitantes
2796 2034 3157 2128 exempla,
3216 2032 3335 2126 qui
3386 2034 3864 2128 progenitores

1042 2167 1199 2229 tuos
1234 2177 1362 2250 pro
1394 2155 1632 2226 multis
1663 2167 1734 2226 et
1759 2156 2029 2247 magnis
2064 2151 2418 2247 obsequiis
2447 2178 2588 2250 que
2630 2157 2938 2228 Romane
2982 2157 3478 2251 impenderunt
3509 2156 3815 2229 Ecclesia
3835 2208 3859 2246 ,

1042 2278 1571 2374 quampluribus
1591 2277 2114 2349 honoraverunt
2139 2279 2376 2370 gratiis
2406 2289 2477 2350 et
2503 2280 2873 2371 grandium
2900 2301 3270 2351 munerum
3289 2279 3656 2371 largitione
3688 2279 3863 2352 dita-

1040 2413 1228 2475 runt.
1286 2402 1453 2473 Cum
1507 2400 1717 2492 igitur
1750 2400 1911 2491 tibi,
1953 2399 2133 2471 sicut
2180 2410 2248 2471 te
2310 2400 2678 2472 didicimus
2735 2402 3116 2489 referente,
3161 2403 3347 2473 clare
3402 2401 3735 2473 memorie
3784 2400 3863 2474 C.

1037 2528 1505 2601 Romanorum
1540 2522 1949 2620 imperatrix
1976 2532 2047 2594 et
2073 2523 2314 2615 regina
2343 2524 2571 2595 Sicilie
2594 2546 2735 2596 una
2760 2546 2921 2596 cum
2946 2526 3022 2596 F.
3061 2524 3414 2617 quondam
3449 2524 3868 2619 imperatore

1036 2652 1121 2724 Ο.
1160 2649 1524 2744 Frajapani
1553 2649 1900 2720 avunculo
1930 2656 2051 2718 tuo
2086 2649 2290 2739 cujus
2337 2656 2403 2718 te
2449 2668 2919 2719 successorem
2953 2648 3229 2739 asseris,
3268 2648 3549 2741 suisque
3584 2669 3864 2720 succes-

1038 2774 1310 2846 soribus
1335 2771 1796 2868 principatum
1825 2769 2102 2841 Tarenti
2132 2791 2292 2841 cum
2319 2778 2464 2841 tota
2494 2779 2674 2842 terra
2706 2769 2967 2842 Idronti
2995 2770 3277 2843 duxerit
3303 2770 3861 2861 concedendum,

1038 2907 1246 2995 prout
1280 2897 1351 2967 in
1384 2894 1746 2992 privilegio
1777 2893 1943 2964 inde
1980 2895 2297 2966 confecto
2328 2894 2602 2990 plenius
2643 2894 2897 2966 dicitur
2926 2895 3265 2967 contineri
3292 2892 3352 2990 (t
3368 2891 3426 2989 ),
3465 2902 3538 2965 et
3566 2894 3753 2966 idem
3783 2894 3859 2966 F.

1039 3020 1369 3117 predictis
1419 3019 1810 3114 principatu
1854 3028 1925 3089 et
1975 3026 2158 3090 terra
2200 3029 2271 3091 te
2304 3028 2383 3089 ut
2414 3018 2670 3092 dicitur
2700 3018 3049 3114 spoliarit,
3088 3039 3220 3090 nos
3251 3015 3869 3114 supplicationibus

1044 3144 1180 3216 tuis
1211 3143 1551 3232 inclinati,
1579 3142 1731 3232 tibi,
1767 3163 1851 3213 eo
1876 3142 2236 3236 presertim
2271 3141 2461 3233 quod
2489 3163 2784 3234 regnum
2813 3142 3159 3236 prefatum
3190 3161 3354 3232 rege
3384 3161 3572 3212 nunc
3602 3149 3866 3231 careat,

1045 3289 1189 3340 non
1221 3267 1543 3338 obstante
1573 3265 1632 3336 si
1658 3265 1924 3358 aliquid
1952 3286 2043 3351 ex
2073 3264 2171 3336 eis
2206 3265 2393 3337 idem
2423 3264 2500 3336 F.
2529 3265 2684 3336 aliis
2723 3265 2900 3337 forte
2927 3263 3305 3353 concessit,
3340 3262 3432 3335 de
3466 3262 3688 3355 gratia
3719 3284 3868 3335 res-

1050 3388 1362 3463 tituimus
1391 3388 1701 3483 speciali,
1737 3388 2117 3461 dummodo
2167 3387 2595 3483 principatus
2640 3397 2713 3460 et
2751 3395 2935 3459 terra
2971 3386 3285 3481 predicta
3329 3408 3475 3460 non
3524 3386 3874 3481 pertineat

1051 3513 1143 3586 ad
1169 3513 1382 3586 alium
1410 3513 1528 3585 vel
1557 3513 1647 3586 ad
1682 3513 1856 3585 alios
1889 3513 1959 3582 in
1995 3512 2366 3584 devotione
2396 3512 2706 3585 Ecclesia
2750 3513 3222 3608 persistentes.
3260 3513 3448 3586 Nulli
3487 3532 3689 3605 ergo,
3724 3520 3862 3586 etc.

1149 3638 1404 3709 Datum
1428 3635 1787 3729 Lugduni,
1820 3636 1909 3708 IV
1937 3635 2273 3708 kalendas
2298 3636 2515 3730 junii,
2557 3656 2743 3709 anno
2772 3636 2886 3707 vl.

1157 4030 1553 4141 Philippus
1585 4030 1683 4114 de
1732 4028 2143 4115 Hohinvels
2169 4092 2194 4138 ,
2234 4031 2648 4141 imperialis
2684 4032 2905 4117 aulae
2944 4030 3410 4115 camerarius
3433 4093 3458 4138 ,
3499 4030 3871 4117 universis

1053 4163 1482 4248 teloneariis
1518 4162 1664 4245 sub
1709 4188 1851 4246 sua
1883 4163 2415 4273 procuratione
2461 4164 2958 4248 existentibus
3001 4163 3320 4247 mandat
3370 4164 3580 4274 quod
3638 4189 3872 4249 naves

1054 4297 1332 4380 domus
1385 4294 1968 4378 Teutonicorum
2021 4296 2103 4379 in
2157 4296 2632 4381 Confluentia
2690 4323 2826 4407 per
2883 4297 3185 4380 Renum
3252 4295 3490 4380 libere
3547 4295 3873 4380 transire

1051 4427 1519 4536 permittant.

1127 4645 1201 4716 (t)
1240 4643 1509 4700 Fraudem
1537 4658 1701 4717 super
1722 4642 1965 4699 fraudem
1992 4642 2351 4715 suspicamur,
2381 4658 2504 4701 cum
2529 4644 2872 4718 privilegium
2897 4645 3043 4703 istud
3069 4660 3343 4718 nunquam
3370 4643 3674 4702 confectum
3709 4640 3873 4699 fuerit

1052 4748 1148 4799 aut
1174 4741 1366 4799 saltem
1394 4740 1555 4812 hujus
1576 4739 1862 4813 vestigium
1889 4755 1990 4797 non
2022 4738 2261 4813 reperire
2285 4740 2637 4813 potuerimus.
