4525 6031
1811 665 2435 730 ADDITAMENTA.
3415 673 3538 736 927

705 803 876 875 lium
918 812 1024 875 est
1074 809 1532 898 protractum.
1584 803 1958 876 Postmodo
2003 805 2460 877 comederunt
2506 806 2941 895 festinanter,
2997 816 3069 878 et
3119 808 3540 902 precedente

706 925 1003 1000 carrotio
1024 980 1044 1018 ,
1079 925 1505 997 unanimiter
1534 935 1700 997 sunt
1724 926 2012 1018 egressi.
2050 930 2205 1000 Non
2241 927 2574 1000 remansit
2598 928 2667 998 in
2694 928 3032 1001 Cremona
3082 951 3173 1000 ex
3214 931 3316 1002 eis
3346 933 3540 1024 quis-

705 1072 917 1144 quam
967 1048 1090 1143 qui
1136 1058 1444 1122 armatus
1487 1061 1727 1144 posset
1768 1049 2095 1123 incedere
2141 1062 2214 1123 et
2255 1052 2328 1122 in
2369 1052 2551 1123 bello
2586 1032 2983 1144 confligere.
3015 1054 3103 1124 Et
3129 1063 3234 1124 est
3259 1055 3330 1125 in
3364 1076 3535 1126 con·

704 1174 993 1247 scientia
1019 1194 1176 1245 mea
1207 1171 1399 1265 quod
1424 1172 1484 1245 si
1514 1172 1663 1244 sine
1693 1194 1889 1245 mora
1919 1175 2235 1246 Parmam
2264 1175 2621 1247 venissent
2647 1184 2719 1246 et
2748 1175 3040 1247 viriliter
3061 1176 3535 1267 dimicassent,

707 1299 973 1390 absque
1019 1295 1233 1369 dubio
1280 1316 1436 1367 eam
1467 1307 2034 1391 recuperassent,
2070 1307 2218 1369 tum
2246 1298 2410 1392 quia
2441 1299 2689 1370 Parma
2714 1299 3020 1371 totaliter
3043 1300 3355 1392 undique
3389 1311 3541 1373 erat

709 1429 988 1516 aperta,
1026 1420 1294 1491 nullam
1335 1420 1728 1491 clausuram
1775 1419 2080 1511 habenS,
2149 1429 2297 1492 tum
2352 1421 2517 1515 quia
2550 1421 2866 1493 nondum
2897 1432 3185 1493 venerat
3213 1422 3311 1494 eis
3337 1425 3542 1494 auxi·

712 1545 919 1636 lium,
961 1553 1106 1615 tum
1137 1543 1347 1615 etiam
1374 1543 1564 1637 quod
1594 1543 1693 1615 illi
1723 1544 1842 1637 qui
1872 1554 2073 1616 erant
2094 1545 2165 1615 in
2196 1544 2475 1617 civitate
2504 1545 2698 1640 prius
2728 1544 3207 1618 indifferenter
3230 1568 3304 1618 se
3330 1547 3545 1620 habe·

713 1667 908 1740 bant.
945 1667 1323 1739 Collocavit
1344 1688 1420 1738 se
1452 1689 1586 1740 rex
1610 1668 1902 1739 Hentius
1932 1689 2093 1739 cum
2121 1669 2434 1739 exercitu
2465 1669 3029 1741 Cremonensium
3053 1668 3259 1759 juxta
3286 1671 3543 1741 Tarum

711 1794 1061 1865 Mortuum
1093 1800 1166 1862 et
1198 1811 1339 1862 nou
1371 1791 1565 1863 venit
1588 1791 1681 1862 ad
1714 1791 2029 1863 Parmam
2049 1845 2068 1882 ,
2090 1802 2170 1863 ut
2194 1792 2910 1865 induceretDominus
2937 1815 3015 1863 su
3022 1814 3147 1887 per
3175 1814 3295 1864 eos
3323 1795 3534 1866 mala.

711 1915 1009 1988 Volebat
1047 1914 1232 1985 enim
1278 1914 1375 1985 ibi
1419 1924 1791 2010 expectare
1829 1936 2195 2009 quousque
2245 1925 2447 2010 pater
2478 1938 2646 1987 suus
2674 1917 3051 2010 imperator
3072 1916 3379 2006 veniret,
3417 1917 3541 2009 qui

713 2048 864 2109 erat
911 2036 982 2108 in
1026 2036 1307 2110 civitate
1353 2038 1633 2110 Taurini
1643 2089 2638 2113 .............
2687 2040 2901 2111 Porro
2951 2041 3169 2110 Tarus
3225 2040 3540 2113 Mortuus

712 2162 1106 2257 appellatur
1122 2163 1424 2254 quedam
1445 2184 1780 2254 aquarum
1811 2162 2257 2254 congregatio
2289 2185 2427 2255 que
2454 2162 2808 2254 egreditur
2825 2163 2913 2234 de
2938 2163 3114 2234 Taro
3142 2163 3330 2250 vivo,
3368 2173 3542 2235 tem-

714 2308 883 2382 pore
903 2306 1045 2377 quo
1076 2286 1608 2381 superinundat,
1643 2296 1714 2357 et
1743 2285 1903 2357 facit
1925 2287 2534 2378 congregationem
2560 2308 2897 2380 aquarum
2919 2286 3009 2358 ad
3029 2285 3317 2357 modum
3347 2287 3540 2360 lacus

712 2412 825 2482 vel
854 2410 1076 2502 stagni
1087 2460 1593 2482 .......
1623 2410 1793 2482 Cum
1830 2421 2064 2482 autem
2091 2431 2222 2480 rex
2247 2409 2548 2481 Hencius
2570 2409 2827 2481 ibidem
2863 2431 3023 2481 cum
3057 2408 3542 2483 Cremonensi-

712 2534 845 2605 bus
888 2533 1105 2628 patris
1149 2535 1648 2628 prestolaretur
1695 2533 2111 2624 adventum,
2157 2534 2645 2605 Parmensibus
2694 2532 2814 2625 qui
2848 2532 3198 2604 civitatem
3230 2534 3541 2606 intrave-

714 2667 874 2729 rant
915 2657 1170 2729 cotidie
1215 2657 1524 2749 undique
1569 2656 2106 2751 superveniebat
2153 2656 2528 2746 auxilium3
2577 2677 2741 2726 nam
2792 2654 3115 2728 dominus
3164 2656 3532 2749 RjzarduS,

714 2802 948 2853 comes
1016 2779 1251 2851 Sancti
1303 2780 1667 2870 Bonifacii,
1728 2778 1817 2850 de
1862 2782 2172 2869 Verona,
2229 2791 2553 2851 strenuus
2610 2779 2805 2850 miles
2850 2788 2921 2850 et
2977 2779 3238 2874 probus
3283 2781 3532 2871 valde,

713 2905 995 2996 quando
1028 2906 1273 2976 Parma
1311 2903 1677 2975 rebellavit
1712 2902 2150 2997 imperatori,
2202 2903 2470 2997 primus
2506 2902 2636 2974 suit
2677 2902 2798 2995 qui
2826 2903 3311 2974 Parmensibus
3343 2904 3542 2977 dedit

713 3050 1154 3119 succursum,
1188 3029 1310 3124 qui
1337 3029 1630 3101 veniens
1666 3049 1793 3123 per
1818 3028 2241 3099 Guastallam
2277 3049 2436 3098 cum
2475 3026 2711 3097 multis
2739 3027 3021 3097 armatis
3051 3026 3403 3118 ingressus
3432 3039 3540 3101 est

712 3152 1183 3225 Parmensium
1210 3153 1588 3225 civitatem.
1624 3153 1710 3224 Et
1738 3152 2148 3224 Parmenses
2166 3205 2186 3243 ,
2226 3150 2359 3222 hoc
2391 3150 2747 3223 servitium
2768 3161 3302 3243 cognoscenteS,
3328 3152 3542 3223 dede-

713 3286 884 3349 runt
930 3276 996 3348 ei
1045 3276 1379 3372 palatium
1435 3276 1874 3371 imperatoris
1918 3275 2109 3371 quod
2164 3285 2270 3347 est
2319 3274 2390 3345 in
2439 3273 2673 3345 Arena
2716 3273 2808 3345 ad
2858 3272 3431 3362 inhabitandum,
3467 3283 3541 3345 et

714 3400 1046 3473 dixerunt
1099 3400 1291 3495 quod
1345 3411 1528 3473 esset
1586 3401 1910 3473 dominus
1962 3422 2122 3473 cum
2182 3399 2325 3471 suis
2371 3399 2464 3470 ad
2506 3398 3033 3470 custodiendam
3064 3397 3416 3469 civitatem
3447 3418 3537 3468 ex

713 3533 910 3620 parte
950 3525 1396 3617 Reginorum.
1460 3524 1795 3618 Sequenti
1844 3524 1959 3597 die
2022 3524 2216 3596 venit
2267 3523 2510 3594 militia
2567 3521 3164 3613 Placentinorum,
3219 3531 3290 3592 et
3338 3529 3540 3593 erant

715 3646 1007 3719 trecenti
1032 3646 1283 3718 milites
1316 3646 1550 3740 quoad
1579 3666 1797 3738 equos
1843 3655 1914 3717 et
1949 3666 2144 3717 arma
2176 3645 2439 3739 optime
2472 3644 2848 3739 preparati.
2889 3644 2971 3714 Hi
3004 3644 3286 3715 fuerunt
3313 3653 3541 3715 custo-

713 3766 842 3841 des
904 3769 1203 3842 civitatis
1253 3769 1325 3840 in
1361 3771 1596 3862 glarea
1664 3768 1966 3840 fluminis
2012 3770 2285 3857 Parme,
2341 3765 2692 3838 interdum
2755 3766 3039 3860 quando
3080 3788 3363 3838 necesse
3388 3777 3541 3838 erat

712 3893 960 3965 armati
1011 3892 1323 3967 sedendo
1380 3893 1452 3964 in
1507 3893 1740 3986 equis3
1793 3904 1862 3965 et
1894 3900 2045 3963 erat
2074 3892 2272 3963 labor
2307 3889 2436 3961 iste
2474 3888 2703 3984 potius
2734 3889 2826 3960 ad
2857 3889 3180 3960 solatium
3210 3911 3420 3981 quam
3446 3888 3541 3961 ad

710 4018 1195 4109 gravedinem3
1228 4017 1381 4089 aliis
1405 4038 1574 4090 vero
1606 4016 1855 4089 diebus
1884 4025 1955 4088 et
1980 4015 2434 4086 morabantur
2456 4012 2526 4082 in
2557 4010 2873 4106 hospitiis
2897 4012 3074 4101 suis,
3110 4021 3181 4083 et
3201 4011 3395 4082 ibant
3412 4034 3541 4106 per

714 4138 1067 4211 civitatem
1113 4140 1536 4231 solatiando,
1598 4138 1884 4233 quando
1941 4136 2300 4209 volebant.
2362 4137 2573 4207 Porro
2612 4132 2814 4204 tertia
2846 4132 2958 4204 die
2990 4143 3147 4227 post
3178 4133 3537 4205 introitum

714 4262 986 4334 comitis
1014 4263 1247 4335 Sancti
1280 4264 1608 4336 Bonifacii
1640 4262 1836 4335 venit
1867 4260 2192 4333 dominus
2222 4257 2598 4349 Gregorius
2626 4255 2715 4327 de
2750 4255 3229 4347 Montelongo,
3269 4255 3540 4347 legatus

714 4382 978 4457 domini
1035 4409 1251 4483 pape,
1319 4397 1389 4459 et
1447 4388 1772 4460 dominus
1831 4383 2224 4456 Bernardus
2264 4380 2558 4455 Rolandi
2601 4379 2858 4469 Rubei,
2895 4386 3230 4471 cognatus
3272 4377 3540 4449 domini

713 4508 1096 4581 Innocentii
1150 4532 1332 4606 pape
1371 4511 1600 4604 quarti
1643 4532 1803 4582 cum
1828 4508 2017 4579 mille
2044 4505 2379 4577 militibus
2406 4505 2496 4577 de
2523 4502 2953 4592 Mediolan03
2989 4508 3060 4572 et
3089 4499 3163 4569 bi
3190 4501 3540 4573 custodie-

713 4629 888 4702 bant
931 4632 1281 4705 civitatem
1332 4655 1577 4705 versus
1614 4643 1886 4705 montes
1932 4630 2004 4700 in
2030 4629 2265 4722 glarea
2297 4626 2602 4698 fluminis
2629 4626 2906 4713 Parme,
2939 4621 3221 4718 qnando
3253 4644 3537 4695 necesse

714 4763 890 4826 erat.
926 4755 1333 4829 Parmenses
1359 4778 1527 4830 vero
1561 4757 1968 4828 locaverunt
1998 4774 2074 4825 se
2109 4774 2270 4825 cum
2301 4751 2527 4843 legato
2560 4760 2762 4822 extra
2794 4747 3144 4820 civitatem
3164 4799 3185 4836 ,
3218 4745 3290 4817 in
3323 4756 3544 4819 strata
