4525 6031
756 644 961 709 numm.
991 640 1102 718 ar}
1653 639 2053 703 ms'roum
2098 640 2697 704 DlpLOMA'rch.
3473 650 3592 711 767

752 775 1243 864 constitutum,
1291 772 1531 847 habito
1572 773 1886 868 diligenti
1936 775 2226 849 consilio
2259 798 2424 850 cum
2466 776 2847 849 baronibus
2881 787 2957 848 et
2989 778 3142 850 aliis
3174 780 3593 876 jurisperitis

752 900 843 975 de
878 899 1168 973 consilio
1196 907 1266 970 et
1298 899 1792 973 comissione.
1817 899 2156 997 ipsorum,
2188 900 2354 995 quia
2382 900 2813 994 probationis
2831 898 2986 999 (sic)
3014 902 3358 975 dictorum
3382 906 3594 978 abba-

758 1024 852 1098 tis
878 1033 958 1099 et.
981 1031 1371 1095 conventus
1397 1023 1615 1119 plene
1638 1023 1841 1097 nobis
1867 1024 2175 1096 constitit
2203 1025 2293 1096 de
2320 1024 2459 1094 hiis
2481 1046 2619 1118 que
2652 1024 2723 1094 in
2757 1025 3086 1122 predictis
3115 1026 3590 1123 imperialibus

752 1146 998 1218 litteris
1032 1146 1502 1236 continentur,
1551 1168 1684 1217 nec
1731 1168 1826 1217 ex
1880 1146 2178 1219 adverso
2221 1146 2593 1242 probatum
2641 1148 2873 1219 extitit
2909 1147 3203 1242 aliquod
3228 1171 3354 1243 per
3397 1151 3590 1244 quod

751 1270 969 1365 partis
1021 1269 1423 1342 monasterii
1479 1269 1820 1342 eliderent
1865 1270 2185 1364 probata,
2245 1291 2648 1366 processum
2678 1271 3070 1366 predictum
3104 1271 3418 1344 habitum
3463 1297 3590 1370 per

751 1393 1288 1487 reintegratores
1305 1402 1376 1464 et
1398 1393 1813 1464 sententiam
1833 1394 1923 1465 ab
1943 1394 2043 1465 eis
2073 1395 2287 1466 latam
2307 1404 2377 1464 et
2395 1395 2903 1489 possessionem
2931 1396 3341 1468 auctoritate
3369 1397 3587 1493 ipsius

753 1517 1097 1588 sententie
1129 1518 1309 1611 parti
1343 1516 1653 1612 predicte
1688 1515 1967 1589 domine
1996 1517 2417 1609 assignatam
2449 1518 2522 1587 in
2562 1518 2835 1613 scriptis
2870 1520 3170 1590 ferentes
3209 1516 3390 1617 [per]
3433 1544 3587 1594 sen-

754 1640 1039 1713 tentiam
1072 1639 1434 1711 formalem
1467 1637 1537 1709 iu
1571 1646 1829 1710 statum
1860 1638 2224 1733 pristinum
2256 1660 2694 1728 revocamuS,
2733 1639 3176 1711 restituentes
3204 1644 3583 1736 possessio-

753 1785 915 1836 nem
966 1763 1309 1836 dictorum
1368 1761 1701 1832 casalium
1755 1759 2070 1856 predicto
2118 1762 2537 1834 monasterio
2583 1772 2966 1834 memorato
3013 1763 3217 1854 juxta
3277 1775 3586 1838 tenorem

753 1887 1214 1982 imperialium
1247 1886 1661 1957 litterarum.
1699 1884 1810 1957 Ad
1839 1886 2038 1976 cujus
2071 1885 2170 1955 rei
2204 1885 2611 1956 memorIam
2647 1895 2717 1956 et
2753 1895 3161 1983 perpetuam
3191 1885 3584 1959 firmitatem

753 2032 1040 2106 presens
1070 2010 1404 2104 scriptum
1441 2032 1569 2105 per
1608 2031 1858 2080 manus
1897 2009 2144 2080 Iacchi
2169 2008 2260 2080 de
2298 2011 2520 2080 Tocco
2560 2030 2812 2100 magne
2846 2008 3036 2100 regie
3078 2020 3149 2080 et
3186 2010 3587 2106 principalis

757 2135 947 2206 curie
957 2185 1540 2205 ........
1594 2132 1846 2204 notarii
1892 2130 2042 2203 fieri
2080 2131 2397 2223 fecimuS,
2431 2131 2685 2203 nostris
2716 2132 3343 2226 subscriptionibus
3375 2136 3586 2207 robo-

754 2266 1009 2329 ratum.
1059 2256 1313 2328 Actum
1344 2256 1416 2327 in
1473 2256 1716 2328 castris
1760 2276 1978 2351 prope
2019 2254 2538 2345 Beneventum,
2583 2277 2797 2346 anno,
2837 2277 3074 2327 mense
3104 2268 3176 2328 et
3205 2257 3583 2331 indictione

755 2381 1196 2476 supradictis.

850 2506 991 2577 Nos
1019 2503 1428 2577 Thomasius
1456 2502 1748 2575 Gentilis
1769 2553 1790 2592 ‚
1826 2523 2078 2593 magne
2108 2501 2296 2594 regie
2332 2501 2522 2572 curie
2555 2501 2886 2593 magister
2908 2503 3348 2594 justitiarius.

850 2628 1172 2700 Nicolaus
1205 2628 1294 2700 de
1321 2629 1542 2699 Tocco
1574 2623 1679 2722 (a)
1718 2625 1840 2719 qui
1869 2646 2081 2720 supra
2107 2676 2126 2713 ,
2160 2644 2419 2715 magne:
2441 2623 2631 2716 regie
2669 2624 2859 2696 curie
2880 2626 3133 2717 judex.

863 3218 1087 3300 Anno
1147 3218 1246 3302 Μ.
1277 3217 1423 3300 CC.
1450 3217 1549 3325 L,
1634 3216 2043 3298 indictione
2096 3215 2301 3322 VIII,
2370 3217 2470 3298 de
2549 3240 2810 3298 mense
2883 3215 3186 3325 aprilis,
3263 3216 3582 3299 Ubertus

757 3348 1095 3433 marchio
1149 3348 1619 3433 Pelavici'nus
1675 3358 2008 3458 potestas
2062 3348 2487 3431 Cremonae
2543 3407 2918 3430 .....
2974 3348 3347 3457 equitavit·
3388 3348 3580 3431 Pla·-

756 3483 1086 3591 (Ianam,
1144 3482 1222 3563 in
1285 3509 1440 3591 qua
1499 3481 1922 3563 Amadinus
1990 3506 2167 3563 cum
2218 3478 2591 3563 militibus
2653 3478 3075 3562 Cremonae
3122 3478 3455 3562 bannitis
3509 3491 3584 3563 et

755 3614 1119 3698 berneriis
1161 3614 1572 3699 Mediolani
1618 3625 1692 3696 et
1735 3612 2032 3695 Brixiae
2086 3622 2160 3694 et
2199 3612 2551 3696 Mantuae
2614 3611 3043 3719 residebat3
3112 3675 3130 3695 .
3198 3675 3218 3696 .
3286 3677 3306 3696 .
3351 3638 3582 3726 quem

756 3755 831 3832 et
867 3745 1057 3828 alios
1107 3745 1386 3828 milites
1426 3745 1839 3829 Cremonae
1884 3743 2103 3825 duxit
2141 3743 2638 3849 Cremonam,
2678 3742 2953 3823 deinde
3000 3745 3207 3851 apud
3239 3743 3579 3827 Laudam

756 3878 842 3962 in
885 3878 1316 3961 carceribus
1359 3876 1788 3960 destinavit.
1831 3876 1927 3958 Et
1973 3887 2154 3958 tunc
2200 3875 2538 3956 marchio
2593 3873 2871 3956 Lancia
2924 3884 3255 3982 potestas
3298 3876 3580 3958 Laudis

759 4020 842 4096 ct
894 4009 1254 4094 dominus
1317 4020 1393 4093 et
1444 4009 1770 4093 vicarius
1844 4034 1983 4118 pro
2056 4007 2511 4118 imperatore
2561 4031 2608 4085 a
2665 4004 2996 4087 Lambro
3054 4006 3400 4115 superius
3452 4007 3577 4117 (1)

843 4195 926 4276 (tx)
969 4197 1090 4276 sie,
1121 4198 1224 4258 md
1245 4214 1426 4274 snpra
1448 4194 1526 4255 de
1552 4196 1771 4256 Trana.

833 4463 902 4537 (t)
937 4463 1240 4520 Notandum
1257 4468 1343 4520 est
1359 4477 1527 4535 quum
1556 4478 1624 4518 ex
1651 4460 1736 4518 his
1759 4459 1940 4520 verbis
1964 4459 2234 4531 conjicere
2255 4458 2419 4515 liceat
2437 4459 2689 4516 comitem
2715 4457 3140 4514 Thomasiumde
3160 4457 3428 4515 Sabaudia
3437 4475 3578 4517 anno

761 4560 1111 4633 praecedente
1137 4575 1320 4616 mense
1339 4559 1492 4632 junio
1513 4558 1821 4630 generalem
1848 4556 2059 4631 imperii
2085 4554 2324 4627 legatum
2354 4554 2411 4612 in
2442 4555 2526 4614 his
2547 4554 2799 4628 partibus
2828 4555 3175 4611 constitutum
3208 4554 3349 4627 (vid.
3379 4570 3574 4629 snpra;

761 4674 817 4730 p.
843 4657 967 4729 7⁴⁴)
1001 4673 1160 4714 suum
1196 4671 1392 4714 munus
1417 4671 1524 4711 non
1557 4654 1656 4712 diu
1687 4655 2011 4714 exercuisse.
2042 4653 2146 4712 Cui
2174 4652 2346 4710 officio
2379 4659 2562 4709 utrum
2596 4651 2824 4709 libenter
2859 4651 3249 4714 renuntiaverit
3282 4667 3354 4709 an
3393 4667 3580 4711 rursus

760 4753 829 4810 ad
856 4761 1039 4826 partes
1063 4752 1330 4812 Ecclesiae
1351 4751 1717 4822 declinaverit,
1749 4762 1855 4808 non
1874 4750 2050 4808 adhuc
2077 4749 2213 4808 bene
2240 4756 2704 4823 compertumest.
