4525 6031
1086 673 1215 737 904
2192 671 2815 737 Annl'rAMEN'rA.

1088 809 1312 882 velint
1351 832 1435 882 ac
1477 812 1745 907 possint
1784 834 1858 884 se
1887 835 2165 884 murum
2198 834 2325 908 pro
2355 813 2563 884 domo
2593 811 2871 884 Domini
2899 831 3253 907 opponere
3284 831 3428 883 una
3457 809 3820 883 nobiscum
3847 821 3925 884 et

1091 933 1382 1025 nostriS,
1416 957 1714 1027 quorum
1741 936 1973 1008 adhuc
1996 936 2392 1032 provisione
2422 935 2658 1008 divina
2689 955 2830 1006 non
2863 934 3137 1007 modica
3160 945 3477 1030 superest
3506 934 3913 1028 multitudo,

1088 1058 1164 1129 in
1209 1059 1632 1151 Hungariam
1676 1059 1877 1132 citius
1923 1059 2392 1150 destinantes3
2453 1060 2818 1155 presertim
2864 1080 2956 1131 ne
3007 1058 3288 1131 flumine
3331 1059 3651 1131 Danubio
3690 1069 3916 1131 trans·

1087 1183 1347 1254 vadato
1395 1205 1522 1278 per
1564 1185 1755 1277 quod
1803 1184 2112 1279 ipsorum
2168 1186 2533 1257 transitum
2568 1195 2944 1280 prepotens
2964 1184 3301 1255 Dominus
3326 1182 3664 1255 hactenus
3692 1183 3914 1279 impe-

1088 1306 1298 1397 divit,
1364 1307 1665 1380 nominis
1732 1309 1978 1381 Christi
2032 1309 2367 1381 memoria
2431 1319 2503 1380 et
2541 1319 2774 1381 nostre
2825 1330 3082 1381 corone
3126 1307 3386 1399 gloria,
3442 1327 3656 1401 quam
3681 1327 3813 1379 nos
3839 1318 3913 1380 et

1084 1442 1321 1526 patres
1374 1431 1590 1503 nostri
1632 1432 1721 1503 de
1769 1432 2256 1505 benedictione
2323 1434 2632 1506 Romane
2681 1432 2987 1505 Ecclesie
3032 1432 3381 1504 tenuimus
3431 1439 3504 1504 et
3550 1440 3903 1523 tenemus,

1085 1555 1341 1628 amodo
1374 1556 1691 1627 deleatur
1715 1553 1851 1651 (a),
1890 1566 1960 1628 et
1995 1557 2259 1628 eisdem
2297 1557 2409 1628 via
2440 1567 2677 1652 pateat
2706 1557 2992 1628 liberior
3018 1577 3144 1650 per
3168 1555 3484 1628 diversas
3513 1555 3911 1649 provincias

1084 1681 1401 1773 undique
1452 1680 1907 1751 discurrendi.
1958 1680 2137 1752 Dicti
2184 1680 2530 1775 siquidem
2569 1681 2866 1752 nominis
2916 1679 3163 1752 Christi
3206 1678 3597 1774 blasphemi
3655 1678 3911 1751 nostris

1089 1804 1402 1877 terminis
1447 1826 1589 1876 non
1636 1805 1979 1895 contenti,
2033 1815 2285 1900 parant
2331 1805 2566 1877 omnia
2619 1826 2835 1896 regua
2879 1804 3414 1876 christianorum
3458 1801 3654 1873 ferali
3694 1802 3908 1876 immo

1084 1928 1313 2001 furiali
1341 1927 1750 2000 crudelitate
1771 1927 2104 2001 invadere
2137 1940 2208 2000 et
2235 1929 2563 2001 ecclesias
2595 1930 2724 2001 Dei
2756 1930 3188 2017 subvertere,
3222 1925 3280 1998 si
3315 1926 3655 1998 sinantur.
3678 1926 3908 2019 Roga·

1082 2075 1241 2125 mus
1309 2054 1517 2145 igitur
1578 2063 1881 2125 vestram
1932 2053 2367 2124 sanctitatem
2426 2053 2755 2147 quatinus
2803 2052 2995 2148 apud
3054 2053 3393 2141 Venetos,
3445 2051 3566 2144 qui
3623 2061 3909 2146 propter

1081 2176 1473 2249 balistarios
1511 2177 1713 2248 nobis
1758 2176 2138 2270 plurimum
2186 2187 2421 2247 essent
2451 2177 2860 2268 necessarii,
2893 2177 3194 2248 maxime
3223 2176 3316 2248 ad
3343 2175 3707 2246 transitum
3737 2174 3904 2247 dicti

1081 2300 1383 2372 fluminis
1414 2300 1962 2392 observandum,
2009 2310 2081 2371 et
2110 2322 2236 2395 per
2270 2300 2407 2372 alia
2434 2321 2649 2393 regna
2677 2301 3175 2373 catholicorum
3206 2297 3595 2394 principum
3627 2319 3906 2370 crucem

1079 2424 1423 2520 predicari
1446 2424 1777 2496 facientes
1795 2478 1814 2514 ,
1853 2425 2211 2496 sollicitius
2248 2424 2509 2496 eisdem
2530 2424 2929 2517 significetis
2946 2425 3077 2496 hec
3099 2423 3248 2518 ipsa
3266 2423 3451 2494 mala
3472 2422 3907 2496 imminentia

1076 2549 1149 2620 in
1183 2548 1635 2644 opprobrium
1673 2547 1975 2619 nominis
2007 2546 2398 2639 christiani,
2432 2547 2885 2620 exhortantes
2930 2547 3116 2620 acin
3150 2545 3627 2618 remissionem
3661 2566 3907 2641 pecca·

1076 2673 1344 2744 minum
1396 2672 1838 2764 injungentes
1888 2681 1967 2742 ut
2025 2671 2318 2764 quilibet
2344 2671 2766 2744 unanimiter
2797 2671 3151 2745 communi
3186 2670 3465 2743 utilitati
3496 2668 3808 2743 Ecclede
3834 2679 3907 2743 et

1077 2798 1220 2869 suis
1273 2797 1568 2892 propriis
1609 2797 1905 2888 negotiis
1958 2797 2401 2868 consulentes
2423 2848 2443 2886 ,
2475 2806 2832 2891 assumpto
2865 2796 3220 2868 salutifere
3248 2793 3473 2868 crucis
3501 2793 3896 2886 signaculo,

1075 2944 1300 3015 usque
1350 2922 1443 2994 ad
1492 2919 1799 2992 medium
1858 2918 2389 3012 quadragesime
2437 2941 2650 2991 manu
2702 2930 2969 2992 armata
3010 2920 3082 2991 in
3111 2918 3533 3013 Hungariam
3565 2917 3901 3006 accedere

1074 3068 1218 3119 nou
1255 3047 1602 3118 omittant.
1636 3047 2010 3141 Speramus
2044 3044 2227 3115 enim
2253 3043 2568 3136 firmiter,
2605 3045 2663 3117 si
2697 3045 2797 3117 sic
2825 3066 3037 3139 super
3066 3042 3422 3139 premissis
3447 3050 3682 3115 vestra
3708 3063 3904 3117 sano-

967 3214 976 3223 ,
1077 3172 1238 3243 titas
1264 3170 1602 3262 vigilarit,
1644 3170 1734 3241 de
1788 3169 1952 3263 ipsis
1978 3169 2269 3263 paganis
2304 3169 2429 3240 Dei
2466 3168 2815 3260 adjutorio
2865 3166 3292 3261 triumphum
3323 3166 3612 3239 victorie
3657 3187 3901 3262 repor-

1076 3305 1253 3365 tare.
1316 3292 1428 3364 Ad
1468 3292 1639 3383 hec,
1690 3293 2020 3386 quoniam
2069 3292 2439 3364 carissimis
2492 3292 2746 3364 nostris
2806 3291 3133 3363 fratribus
3181 3291 3389 3363 etiam
3439 3290 3902 3385 quarumdam

1074 3416 1524 3488 ecclesiarum
1571 3416 2080 3487 destructarum
2131 3415 2438 3507 negotia,
2471 3425 2543 3487 et
2568 3415 2973 3486 nominatim
3012 3413 3515 3506 Strigonensis,
3547 3413 3903 3486 Coloensis

1074 3551 1147 3613 et
1178 3539 1591 3631 Jeuriensis,
1627 3548 1857 3610 vestre
1897 3539 2291 3633 paternitati
2326 3537 2703 3611 deferenda
2733 3538 3204 3612 commisimus
3226 3590 3246 3628 ,
3307 3558 3634 3630 rogamus
3678 3546 3903 3612 atten-

1075 3666 1211 3737 tius
1242 3662 1569 3756 quatinus
1600 3663 1785 3758 ipsos
1819 3662 1891 3733 in
1922 3663 2247 3734 omnibus
2279 3662 2653 3734 efficaciter
2687 3661 3068 3754 dignemini
3096 3660 3459 3735 exaudire.

1169 3792 1424 3862 Datum
1456 3788 1648 3884 apud
1677 3788 1970 3861 Chazma
1988 3840 2009 3878 ,
2043 3789 2224 3860 XIIII
2251 3787 2588 3860 kalendas
2617 3786 2972 3860 februarii.
3336 3768 3337 3771 ¹

691 4420 942 4519 8⁸33„
1173 4401 1575 4510 HenricuS‚
1615 4401 1936 4512 Angliae
1972 4428 2138 4508 rex,
2178 4401 2558 4484 Friderico
2593 4400 3116 4484 Romanorum
3153 4401 3592 4511 imperatori
3637 4400 3902 4485 scribit

645 4507 1010 4637 «ufissffiffia.
1066 4544 1143 4618 et
1198 4534 1559 4619 omnibus
1619 4545 1889 4617 notum
1950 4534 2131 4617 facit
2193 4560 2277 4617 se
2337 4533 2646 4618 Petrum
2709 4535 2806 4618 de
2863 4533 3285 4644 Burdigala
3345 4545 3422 4618 et
3487 4534 3899 4618 Bartholo-

1148 4771 1232 4851 (α)
1275 4772 1345 4832 In
1376 4774 1543 4851 copia
1571 4770 1644 4832 L.
1672 4772 1746 4832 de
1771 4771 1985 4833 Barive
2008 4768 2300 4833 debeatur.
