4525 6031
1107 642 1232 706 sse
2157 643 2523 706 comitam
2573 643 2877 719 Qunam
3536 640 3703 721 [Aa.
3737 641 3917 704 1249.

1276 800 1484 879 (Edid.
1514 802 1961 874 Licnnowsmr,
1998 800 2192 863 Gesch.
2223 801 2323 864 des
2346 804 2567 864 Haum
2600 801 2930 884 Habsboeq,
2969 809 3019 863 t.
3050 803 3109 874 Ι,
3134 807 3349 880 regest.
3378 809 3449 861 n·
3489 809 3546 872 1,
3572 817 3629 877 p.
3664 809 3815 875 158,
3843 816 3921 861 ex

1349 909 1618 987 originali
1650 914 1719 969 ut
1744 908 1959 969 dicitur
1985 911 2047 969 in
2074 910 2319 971 archivo
2342 910 2784 974 vindobonensi
2798 954 2818 985 ,
2853 909 3014 971 unde
3040 908 3299 987 sigillum
3325 904 3667 985 pendebat.)

1208 1066 1589 1156 ConraduS,
1627 1067 1752 1138 Dei
1792 1068 2010 1159 gratia
2042 1069 2512 1142 Romanorum
2553 1070 2626 1142 in
2659 1091 2895 1163 regem
2939 1070 3231 1159 electae,
3275 1087 3552 1162 semper
3589 1079 3925 1159 augustus

1110 1191 1511 1264 Jerosolime
1557 1201 1628 1263 et
1669 1191 1897 1263 Sicilie
1934 1214 2062 1264 rex
2101 1190 2284 1290 (sic).
2332 1196 2598 1266 Tenore
2643 1193 3068 1288 presentium
3113 1200 3357 1264 notum
3406 1210 3559 1261 esse
3601 1189 3925 1262 volumus

1112 1312 1456 1385 universis
1506 1322 1644 1385 tam
1697 1316 2132 1409 presentibus
2178 1315 2393 1410 quam
2442 1317 2690 1389 futuris
2736 1316 2928 1411 quod
2966 1336 3097 1389 nos
3146 1312 3585 1386 attendentes
3629 1333 3806 1407 pura
3855 1321 3926 1383 et

1081 1445 1310 1530 -grata
1349 1434 1509 1508 fidei
1538 1436 1783 1510 merita
1821 1459 1960 1529 que
1997 1459 2229 1511 comes
2254 1440 2593 1513 Rudoli'us
2625 1440 2714 1512 de
2744 1437 3222 1528 Habesburch‚
3261 1435 3688 1528 lantgravius
3722 1433 3923 1506 Alsa·

1116 1559 1236 1649 tie,
1274 1559 1569 1631 dilectus
1594 1559 1948 1632 familiaris
1985 1573 2055 1632 et
2091 1560 2319 1634 fidelis
2346 1573 2609 1654 noster,
2647 1561 2930 1635 culmini
2960 1570 3200 1633 nostro
3233 1558 3550 1632 exhibuit
3586 1568 3657 1629 et
3686 1579 3823 1651 que
3855 1558 3927 1628 in

1114 1691 1323 1754 antea
1358 1681 1448 1753 de
1487 1683 1673 1755 bono
1709 1683 1782 1753 in
1815 1684 2061 1756 melius
2099 1684 2434 1757 exhibere
2468 1687 2720 1781 poterit
2760 1686 3097 1779 gratiora,
3136 1692 3214 1754 ut
3259 1683 3586 1755 continua
3621 1702 3747 1754 sua
3777 1702 3927 1752 ser-

1113 1806 1281 1878 vitia
1345 1806 1775 1879 liberalitatis
1834 1818 2065 1880 nostre
2115 1810 2407 1900 gratiam
2467 1831 2744 1905 semper
2792 1809 3045 1881 sentiat
3091 1805 3241 1903 (sic)
3294 1807 3385 1878 ab
3427 1805 3707 1893 effectu,
3766 1825 3927 1876 ecoe

1117 1928 1515 2001 theloneum
1548 1930 1736 2024 apud
1760 1930 2249 2004 Vroudenowe
2279 1932 2591 2028 predicto
2623 1932 2857 2004 comiti
2880 1932 2963 2003 R.
2999 1930 3329 2003 duximus
3359 1928 3920 2018 concedendum3

1115 2054 1212 2125 ita
1247 2053 1438 2147 quod
1469 2054 1559 2125 de
1594 2075 1837 2126 souma
1873 2055 2132 2128 Gallica
2165 2066 2306 2128 tres
2350 2056 2587 2146 solidi,
2623 2057 2713 2129 de
2740 2077 2906 2128 vase
2938 2076 3191 2147 magno
3222 2054 3368 2125 vini
3418 2052 3686 2127 denarii
3726 2050 3929 2123 sede·

1115 2177 1288 2268 cim,
1335 2178 1425 2249 de
1467 2199 1675 2248 curru
1720 2177 1985 2250 denarii
2034 2190 2192 2252 octo
2235 2190 2306 2251 et
2346 2181 2437 2252 de
2477 2180 2746 2252 sarcina
2795 2179 3004 2250 unius
3043 2178 3203 2274 equi
3239 2177 3506 2250 denarii
3551 2176 3694 2248 duo
3736 2173 3928 2245 Basi-

1115 2301 1352 2372 liensis
1401 2311 1680 2373 monete
1729 2303 1989 2395 jugiter
2033 2305 2513 2377 exsolvantur.
2567 2302 2682 2376 Ad
2724 2303 2922 2396 cujus
2972 2302 3073 2374 rei
3117 2301 3521 2374 memoriam
3574 2307 3933 2395 presentes

1120 2423 1382 2496 litteras
1409 2425 1634 2516 sigillo
1661 2434 1897 2497 nostro
1925 2425 2214 2498 fecimus
2241 2427 2681 2500 communiri.

1214 2549 1470 2620 Datum
1509 2549 1700 2643 apud
1739 2548 2214 2621 Nuremberch
2233 2602 2252 2638 ‚
2293 2572 2479 2623 anno
2526 2549 2800 2621 Domini
2839 2549 3202 2622 millesimo
3231 2548 3356 2621 CC.
3397 2544 3930 2640 quadragesimo

1117 2692 1331 2762 nono,
1373 2668 1673 2770 [mense]
1708 2683 2036 2765 augusto,
2069 2686 2313 2745 octave
2341 2673 2735 2746 indictionis
2762 2669 2894 2769 (⁴).

731 3266 1036 3374 „ssssm
1233 3260 1667 3366 ConraduS‚
1707 3260 1786 3341 in
1833 3259 2357 3344 Romanorum
2405 3287 2665 3371 regem
2702 3260 3023 3370 electuS,
3064 3286 3205 3370 pro
3253 3260 3493 3370 gratis
3540 3259 3717 3344 fidei
3753 3285 3933 3343 me-

788 3379 999 3426 m·
1123 3392 1288 3474 ritis
1330 3391 1632 3475 Rudolfi
1677 3392 1772 3475 de
1807 3392 2256 3504 Habesburg
2293 3393 2696 3504 lantgravii
2741 3393 3105 3502 Alsatiae‚
3145 3394 3215 3476 ei
3258 3393 3697 3477 theloneum
3740 3392 3936 3476 inter

1124 3524 1354 3608 colles
1389 3535 1464 3607 et
1497 3525 1737 3608 Rheni
1782 3524 2101 3608 fluvium
2136 3526 2500 3610 concedit.

1289 3739 1535 3820 (Inedit.
1584 3757 1662 3800 ex
1710 3739 1981 3818 originali
2016 3745 2085 3799 ut
2125 3740 2333 3800 dicunt
2370 3741 2433 3800 in
2482 3740 2725 3801 archivo
2769 3739 2968 3803 Cesar.
3016 3738 3384 3821 vindobon„
3417 3701 3580 3818 quod
3626 3739 3932 3800 nobiscum

1365 3847 1559 3908 clarus
1587 3847 1679 3906 vir
1699 3851 1759 3905 et
1779 3847 2004 3906 amicus
2029 3842 2387 3906 Boebmerus
2413 3844 2920 3925 communicavit.)

1222 4032 1603 4122 Conradus,
1637 4030 1762 4103 Dei
1789 4032 2023 4124 gracia
2060 4033 2527 4104 Romanorum
2559 4026 2635 4103 in
2664 4053 2901 4125 regem
2934 4033 3229 4125 electus,
3266 4053 3541 4127 semper
3575 4041 3939 4125 augustus,

1122 4158 1501 4230 Jerusalem
1559 4166 1630 4230 et
1677 4156 1908 4229 Sicilie
1952 4178 2083 4228 rex
2129 4152 2309 4253 (sic).
2356 4156 2624 4228 Tenore
2668 4157 3094 4250 presentium
3135 4166 3379 4229 notum
3423 4177 3574 4228 esse
3616 4157 3942 4228 volumus

1195 4434 1272 4506 (4)
1308 4435 1471 4491 Recte
1501 4440 1685 4491 tamen
1715 4435 1933 4507 septimo
1959 4431 2295 4490 indictionis.
2325 4433 2476 4490 Licet
2510 4434 2584 4491 ad
2618 4433 2782 4491 fidem
2816 4433 3084 4507 originalis
3113 4434 3525 4492 instrumentum
3564 4430 3942 4506 depromptum

1122 4544 1246 4588 esse
1269 4530 1497 4601 dicatur,
1520 4530 1749 4587 libenter
1774 4529 2113 4602 suspicamur
2139 4528 2192 4585 id
2220 4545 2324 4585 non
2352 4545 2470 4587 esse
2498 4529 2654 4603 plane
2680 4530 2994 4604 genuinum.
3021 4532 3101 4588 Ex
3128 4530 3297 4587 titulis
3318 4529 3547 4587 Conradi
3575 4528 3718 4601 regis
3743 4527 3943 4584 melius

1119 4640 1264 4685 anuo
1291 4629 1420 4684 ⁴25⁴
1454 4626 1788 4699 conveniret,
1839 4640 1949 4700 quo
1974 4626 2059 4684 vir
2083 4625 2187 4683 iste
2211 4626 2463 4700 princeps
2483 4641 2671 4686 mense
2698 4633 2925 4701 augusto
2951 4627 3094 4702 apud
3115 4626 3455 4700 Nuremberg
3476 4625 3773 4683 certissime
3792 4638 3942 4681 com·

1118 4729 1360 4782 moratus
1388 4728 1492 4781 est.
3132 4735 3139 4743 -
