<?xml version="1.0" encoding="UTF-8"?>
<!DOCTYPE html PUBLIC "-//W3C//DTD XHTML 1.0 Transitional//EN"
    "http://www.w3.org/TR/xhtml1/DTD/xhtml1-transitional.dtd">
<html xmlns="http://www.w3.org/1999/xhtml" xml:lang="en" lang="en">
 <head>
  <title>
</title>
<meta http-equiv="Content-Type" content="text/html;charset=utf-8" />
  <meta name='ocr-system' content='tesseract 3.04.00' />
  <meta name='ocr-capabilities' content='ocr_page ocr_carea ocr_par ocr_line ocrx_word'/>
</head>
<body>
  <div class='ocr_page' id='page_1' title='image "./historiadiploma01empegoog_0421.png"; bbox 0 0 4525 6031; ppageno 0'>
   <div class='ocr_carea' id='block_1_1' title="bbox 644 839 1096 857">
    <p class='ocr_par' dir='ltr' id='par_1_1' title="bbox 644 839 1096 857">
     <span class='ocr_line' id='line_1_1' title="bbox 644 839 1096 857; baseline 0 5174"><span class='ocrx_word' id='word_1_1' title='bbox 644 839 1096 857; x_wconf 95' lang='lat' dir='ltr'><strong> </strong></span> 
     </span>
    </p>
   </div>
   <div class='ocr_carea' id='block_1_2' title="bbox 669 875 900 952">
    <p class='ocr_par' dir='ltr' id='par_1_2' title="bbox 669 875 900 952">
     <span class='ocr_line' id='line_1_2' title="bbox 669 875 900 952; baseline 0 0"><span class='ocrx_word' id='word_1_2' title='bbox 669 875 900 952; x_wconf 73' lang='lat'><strong>1246</strong></span> 
     </span>
    </p>
   </div>
   <div class='ocr_carea' id='block_1_3' title="bbox 662 1010 903 1082">
    <p class='ocr_par' dir='ltr' id='par_1_3' title="bbox 662 1010 903 1082">
     <span class='ocr_line' id='line_1_3' title="bbox 662 1010 903 1082; baseline 0.008 -18"><span class='ocrx_word' id='word_1_3' title='bbox 662 1010 903 1082; x_wconf 83' lang='lat' dir='ltr'><strong>januar.</strong></span> 
     </span>
    </p>
   </div>
   <div class='ocr_carea' id='block_1_4' title="bbox 647 980 921 998">
    <p class='ocr_par' dir='ltr' id='par_1_4' title="bbox 647 980 921 998">
     <span class='ocr_line' id='line_1_4' title="bbox 647 980 921 998; baseline 0 5033"><span class='ocrx_word' id='word_1_4' title='bbox 647 980 921 998; x_wconf 95' lang='lat' dir='ltr'><strong> </strong></span> 
     </span>
    </p>
   </div>
   <div class='ocr_carea' id='block_1_5' title="bbox 702 4093 882 4155">
    <p class='ocr_par' dir='ltr' id='par_1_5' title="bbox 702 4093 882 4155">
     <span class='ocr_line' id='line_1_5' title="bbox 702 4093 882 4155; baseline 0.011 -2"><span class='ocrx_word' id='word_1_5' title='bbox 702 4093 882 4155; x_wconf 87' lang='lat' dir='ltr'><strong>maio.</strong></span> 
     </span>
    </p>
   </div>
   <div class='ocr_carea' id='block_1_6' title="bbox 1566 666 2595 729">
    <p class='ocr_par' dir='ltr' id='par_1_6' title="bbox 1566 666 2595 729">
     <span class='ocr_line' id='line_1_6' title="bbox 1566 666 2595 729; baseline -0.001 0"><span class='ocrx_word' id='word_1_6' title='bbox 1566 668 1824 729; x_wconf 84' lang='lat' dir='ltr'><strong>INDEX</strong></span> <span class='ocrx_word' id='word_1_7' title='bbox 1872 666 2595 729; x_wconf 86' lang='lat' dir='ltr'><strong>DOCUMENTORUM.</strong></span> 
     </span>
    </p>
   </div>
   <div class='ocr_carea' id='block_1_7' title="bbox 961 971 3499 1076">
    <p class='ocr_par' dir='ltr' id='par_1_7' title="bbox 961 971 3499 1076">
     <span class='ocr_line' id='line_1_7' title="bbox 961 971 3499 1076; baseline -0.001 -14"><span class='ocrx_word' id='word_1_8' title='bbox 961 1048 965 1051; x_wconf 43' lang='lat'><strong>&lt;</strong></span> <span class='ocrx_word' id='word_1_9' title='bbox 1034 971 1324 1062; x_wconf 61' lang='grc' dir='ltr'><strong>(ἂι-0881111.</strong></span> <span class='ocrx_word' id='word_1_10' title='bbox 1425 1028 1506 1040; x_wconf 89' lang='grc'>-</span> <span class='ocrx_word' id='word_1_11' title='bbox 1533 985 1832 1058; x_wconf 64' lang='lat' dir='ltr'><strong>&#39;Homines</strong></span> <span class='ocrx_word' id='word_1_12' title='bbox 1857 997 2036 1057; x_wconf 82' lang='lat' dir='ltr'><strong>castri</strong></span> <span class='ocrx_word' id='word_1_13' title='bbox 2062 995 2137 1055; x_wconf 88' lang='lat' dir='ltr'><strong>de</strong></span> <span class='ocrx_word' id='word_1_14' title='bbox 2164 994 2327 1055; x_wconf 88' lang='lat' dir='ltr'><strong>Colle</strong></span> <span class='ocrx_word' id='word_1_15' title='bbox 2354 1001 2415 1055; x_wconf 90' lang='lat' dir='ltr'><strong>et</strong></span> <span class='ocrx_word' id='word_1_16' title='bbox 2440 995 2744 1055; x_wconf 82' lang='lat' dir='ltr'><strong>d1strictus</strong></span> <span class='ocrx_word' id='word_1_17' title='bbox 2768 1011 2904 1055; x_wconf 90' lang='lat' dir='ltr'><strong>cum</strong></span> <span class='ocrx_word' id='word_1_18' title='bbox 2927 997 3104 1073; x_wconf 68' lang='lat' dir='ltr'><strong>iustis</strong></span> <span class='ocrx_word' id='word_1_19' title='bbox 3130 1014 3332 1058; x_wconf 90' lang='lat' dir='ltr'><strong>eorum</strong></span> <span class='ocrx_word' id='word_1_20' title='bbox 3360 1016 3499 1076; x_wconf 89' lang='lat' dir='ltr'><strong>pos·</strong></span> 
     </span>
    </p>
   </div>
   <div class='ocr_carea' id='block_1_8' title="bbox 1423 1094 3504 1559">
    <p class='ocr_par' dir='ltr' id='par_1_8' title="bbox 1423 1094 3504 1559">
     <span class='ocr_line' id='line_1_8' title="bbox 1504 1094 3502 1174; baseline 0.002 -19"><span class='ocrx_word' id='word_1_21' title='bbox 1504 1095 1865 1155; x_wconf 76' lang='lat' dir='ltr'><strong>sessionibus</strong></span> <span class='ocrx_word' id='word_1_22' title='bbox 1909 1094 2021 1154; x_wconf 91' lang='lat' dir='ltr'><strong>sub</strong></span> <span class='ocrx_word' id='word_1_23' title='bbox 2083 1109 2192 1153; x_wconf 85' lang='lat' dir='ltr'><strong>sua</strong></span> <span class='ocrx_word' id='word_1_24' title='bbox 2236 1099 2298 1153; x_wconf 92' lang='lat' dir='ltr'><strong>et</strong></span> <span class='ocrx_word' id='word_1_25' title='bbox 2337 1095 2567 1170; x_wconf 90' lang='lat' dir='ltr'><strong>imperii</strong></span> <span class='ocrx_word' id='word_1_26' title='bbox 2612 1095 2972 1170; x_wconf 91' lang='lat' dir='ltr'><strong>protectione</strong></span> <span class='ocrx_word' id='word_1_27' title='bbox 3018 1097 3255 1173; x_wconf 77' lang='lat' dir='ltr'>recipit,</span> <span class='ocrx_word' id='word_1_28' title='bbox 3301 1100 3502 1174; x_wconf 88' lang='lat' dir='ltr'><strong>eisque</strong></span> 
     </span>
     <span class='ocr_line' id='line_1_9' title="bbox 1505 1190 3504 1270; baseline 0.002 -18"><span class='ocrx_word' id='word_1_29' title='bbox 1505 1190 1820 1252; x_wconf 82' lang='lat' dir='ltr'><strong>confirmat</strong></span> <span class='ocrx_word' id='word_1_30' title='bbox 1863 1191 2049 1251; x_wconf 90' lang='lat' dir='ltr'><strong>bonas</strong></span> <span class='ocrx_word' id='word_1_31' title='bbox 2093 1192 2552 1252; x_wconf 88' lang='lat' dir='ltr'><strong>consuetudines</strong></span> <span class='ocrx_word' id='word_1_32' title='bbox 2606 1191 2823 1268; x_wconf 89' lang='lat' dir='ltr'><strong>quibus</strong></span> <span class='ocrx_word' id='word_1_33' title='bbox 2872 1193 3240 1270; x_wconf 78' lang='lat' dir='ltr'><strong>temporibus</strong></span> <span class='ocrx_word' id='word_1_34' title='bbox 3291 1195 3390 1254; x_wconf 91' lang='lat' dir='ltr'><strong>avi</strong></span> <span class='ocrx_word' id='word_1_35' title='bbox 3443 1201 3504 1255; x_wconf 89' lang='lat' dir='ltr'><strong>et</strong></span> 
     </span>
     <span class='ocr_line' id='line_1_10' title="bbox 1501 1287 3495 1364; baseline 0.001 -17"><span class='ocrx_word' id='word_1_36' title='bbox 1501 1289 1688 1364; x_wconf 89' lang='lat' dir='ltr'><strong>patris</strong></span> <span class='ocrx_word' id='word_1_37' title='bbox 1715 1289 1808 1348; x_wconf 90' lang='lat' dir='ltr'><strong>sui</strong></span> <span class='ocrx_word' id='word_1_38' title='bbox 1837 1290 1929 1348; x_wconf 90' lang='lat' dir='ltr'><strong>usi</strong></span> <span class='ocrx_word' id='word_1_39' title='bbox 1956 1287 2211 1347; x_wconf 82' lang='lat' dir='ltr'><strong>fuerant.</strong></span> <span class='ocrx_word' id='word_1_40' title='bbox 3142 1296 3256 1349; x_wconf 99' lang='grc'><strong>385</strong></span> <span class='ocrx_word' id='word_1_41' title='bbox 3285 1297 3347 1349; x_wconf 90' lang='lat' dir='ltr'><strong>et</strong></span> <span class='ocrx_word' id='word_1_42' title='bbox 3374 1298 3495 1349; x_wconf 92' lang='grc'><strong>915</strong></span> 
     </span>
     <span class='ocr_line' id='line_1_11' title="bbox 1423 1383 3497 1466; baseline -0 -18"><span class='ocrx_word' id='word_1_43' title='bbox 1423 1418 1506 1429; x_wconf 91' lang='lat'><strong>-—</strong></span> <span class='ocrx_word' id='word_1_44' title='bbox 1545 1384 1932 1448; x_wconf 83' lang='lat' dir='ltr'><strong>Guali&#39;redum</strong></span> <span class='ocrx_word' id='word_1_45' title='bbox 1968 1385 2160 1445; x_wconf 82' lang='lat' dir='ltr'><strong>fllium</strong></span> <span class='ocrx_word' id='word_1_46' title='bbox 2196 1384 2500 1462; x_wconf 83' lang='lat' dir='ltr'><strong>quondam</strong></span> <span class='ocrx_word' id='word_1_47' title='bbox 2533 1383 2829 1444; x_wconf 86' lang='lat' dir='ltr'><strong>Castelani</strong></span> <span class='ocrx_word' id='word_1_48' title='bbox 2868 1385 2943 1445; x_wconf 90' lang='lat' dir='ltr'><strong>de</strong></span> <span class='ocrx_word' id='word_1_49' title='bbox 2970 1384 3204 1446; x_wconf 89' lang='lat' dir='ltr'><strong>Cluscio</strong></span> <span class='ocrx_word' id='word_1_50' title='bbox 3248 1386 3497 1466; x_wconf 75' lang='lat' dir='ltr'><strong>(Cthsi)</strong></span> 
     </span>
     <span class='ocr_line' id='line_1_12' title="bbox 1503 1482 3497 1559; baseline 0.001 -17"><span class='ocrx_word' id='word_1_51' title='bbox 1503 1483 1809 1559; x_wconf 90' lang='lat' dir='ltr'><strong>publicum</strong></span> <span class='ocrx_word' id='word_1_52' title='bbox 1839 1484 2070 1559; x_wconf 90' lang='lat' dir='ltr'><strong>imperii</strong></span> <span class='ocrx_word' id='word_1_53' title='bbox 2094 1482 2476 1542; x_wconf 78' lang='lat' dir='ltr'>tabellionem</span> <span class='ocrx_word' id='word_1_54' title='bbox 2504 1484 2831 1544; x_wconf 89' lang='lat' dir='ltr'><strong>constituit.</strong></span> <span class='ocrx_word' id='word_1_55' title='bbox 3382 1493 3497 1545; x_wconf 91' lang='grc'><strong>385</strong></span> 
     </span>
    </p>
   </div>
   <div class='ocr_carea' id='block_1_9' title="bbox 1297 1578 3501 1642">
    <p class='ocr_par' dir='ltr' id='par_1_9' title="bbox 1297 1578 3501 1642">
     <span class='ocr_line' id='line_1_13' title="bbox 1297 1578 3501 1642; baseline 0.002 -5"><span class='ocrx_word' id='word_1_56' title='bbox 1297 1619 1314 1637; x_wconf 92' lang='grc'><strong>.</strong></span> <span class='ocrx_word' id='word_1_57' title='bbox 1423 1610 1503 1626; x_wconf 88' lang='grc'>-</span> <span class='ocrx_word' id='word_1_58' title='bbox 1540 1581 1907 1641; x_wconf 88' lang='lat' dir='ltr'><strong>Fridericnm</strong></span> <span class='ocrx_word' id='word_1_59' title='bbox 1929 1581 2003 1639; x_wconf 91' lang='lat' dir='ltr'><strong>de</strong></span> <span class='ocrx_word' id='word_1_60' title='bbox 2022 1580 2338 1640; x_wconf 78' lang='lat' dir='ltr'><strong>Antiochia</strong></span> <span class='ocrx_word' id='word_1_61' title='bbox 2355 1578 2547 1640; x_wconf 87' lang='lat' dir='ltr'><strong>fllium</strong></span> <span class='ocrx_word' id='word_1_62' title='bbox 2574 1596 2747 1639; x_wconf 92' lang='lat' dir='ltr'><strong>suum</strong></span> <span class='ocrx_word' id='word_1_63' title='bbox 2775 1581 2836 1639; x_wconf 92' lang='lat' dir='ltr'><strong>in</strong></span> <span class='ocrx_word' id='word_1_64' title='bbox 2859 1579 3076 1640; x_wconf 85' lang='lat' dir='ltr'><strong>Tuscia</strong></span> <span class='ocrx_word' id='word_1_65' title='bbox 3098 1585 3158 1640; x_wconf 90' lang='lat' dir='ltr'><strong>et</strong></span> <span class='ocrx_word' id='word_1_66' title='bbox 3175 1579 3251 1640; x_wconf 89' lang='lat' dir='ltr'><strong>ab</strong></span> <span class='ocrx_word' id='word_1_67' title='bbox 3270 1582 3501 1642; x_wconf 89' lang='lat' dir='ltr'><strong>Amelia</strong></span> 
     </span>
    </p>
   </div>
   <div class='ocr_carea' id='block_1_10' title="bbox 1501 1675 3497 1753">
    <p class='ocr_par' dir='ltr' id='par_1_10' title="bbox 1501 1675 3497 1753">
     <span class='ocr_line' id='line_1_14' title="bbox 1501 1675 3497 1753; baseline 0 -17"><span class='ocrx_word' id='word_1_68' title='bbox 1501 1692 1692 1753; x_wconf 88' lang='lat' dir='ltr'><strong>usque</strong></span> <span class='ocrx_word' id='word_1_69' title='bbox 1718 1676 2035 1737; x_wconf 91' lang='lat' dir='ltr'><strong>Cornetum</strong></span> <span class='ocrx_word' id='word_1_70' title='bbox 2063 1683 2124 1736; x_wconf 89' lang='lat' dir='ltr'><strong>et</strong></span> <span class='ocrx_word' id='word_1_71' title='bbox 2148 1693 2250 1753; x_wconf 89' lang='lat' dir='ltr'><strong>per</strong></span> <span class='ocrx_word' id='word_1_72' title='bbox 2285 1677 2647 1736; x_wconf 81' lang='lat' dir='ltr'><strong>Maritimam</strong></span> <span class='ocrx_word' id='word_1_73' title='bbox 2676 1677 2964 1735; x_wconf 90' lang='lat' dir='ltr'><strong>vicarium</strong></span> <span class='ocrx_word' id='word_1_74' title='bbox 2998 1675 3327 1752; x_wconf 83' lang='lat' dir='ltr'><strong>generalem</strong></span> <span class='ocrx_word' id='word_1_75' title='bbox 3357 1693 3497 1737; x_wconf 91' lang='lat' dir='ltr'><strong>con-</strong></span> 
     </span>
    </p>
   </div>
   <div class='ocr_carea' id='block_1_11' title="bbox 1421 1772 3495 2042">
    <p class='ocr_par' dir='ltr' id='par_1_11' title="bbox 1421 1772 3495 2042">
     <span class='ocr_line' id='line_1_15' title="bbox 1503 1772 3495 1850; baseline 0.002 -18"><span class='ocrx_word' id='word_1_76' title='bbox 1503 1775 1719 1846; x_wconf 85' lang='lat' dir='ltr'><strong>stituit,</strong></span> <span class='ocrx_word' id='word_1_77' title='bbox 1750 1790 1889 1833; x_wconf 88' lang='lat' dir='ltr'><strong>cum</strong></span> <span class='ocrx_word' id='word_1_78' title='bbox 1917 1789 2080 1833; x_wconf 91' lang='lat' dir='ltr'><strong>mero</strong></span> <span class='ocrx_word' id='word_1_79' title='bbox 2107 1779 2169 1832; x_wconf 90' lang='lat' dir='ltr'><strong>et</strong></span> <span class='ocrx_word' id='word_1_80' title='bbox 2195 1775 2387 1832; x_wconf 81' lang='lat' dir='ltr'><strong>mixto</strong></span> <span class='ocrx_word' id='word_1_81' title='bbox 2415 1773 2659 1847; x_wconf 89' lang='lat' dir='ltr'><strong>imperio</strong></span> <span class='ocrx_word' id='word_1_82' title='bbox 2686 1779 2745 1832; x_wconf 92' lang='lat' dir='ltr'><strong>et</strong></span> <span class='ocrx_word' id='word_1_83' title='bbox 2774 1772 2955 1850; x_wconf 79' lang='lat' dir='ltr'><strong>gladii</strong></span> <span class='ocrx_word' id='word_1_84' title='bbox 2982 1779 3290 1849; x_wconf 81' lang='lat' dir='ltr'><strong>potestate.</strong></span> <span class='ocrx_word' id='word_1_85' title='bbox 3382 1783 3495 1834; x_wconf 85' lang='grc'><strong>387</strong></span> 
     </span>
     <span class='ocr_line' id='line_1_16' title="bbox 1421 1868 3468 1947; baseline 0 -19"><span class='ocrx_word' id='word_1_86' title='bbox 1421 1902 1489 1916; x_wconf 84' lang='lat'><strong>—</strong></span> <span class='ocrx_word' id='word_1_87' title='bbox 1541 1868 1763 1928; x_wconf 87' lang='lat' dir='ltr'><strong>Scribit</strong></span> <span class='ocrx_word' id='word_1_88' title='bbox 1789 1871 1917 1947; x_wconf 86' lang='lat' dir='ltr'><strong>regi</strong></span> <span class='ocrx_word' id='word_1_89' title='bbox 1954 1874 2013 1928; x_wconf 91' lang='lat' dir='ltr'><strong>et</strong></span> <span class='ocrx_word' id='word_1_90' title='bbox 2041 1870 2334 1928; x_wconf 88' lang='lat' dir='ltr'><strong>universis</strong></span> <span class='ocrx_word' id='word_1_91' title='bbox 2360 1868 2680 1928; x_wconf 87' lang='lat' dir='ltr'><strong>baronibus</strong></span> <span class='ocrx_word' id='word_1_92' title='bbox 2703 1872 2873 1946; x_wconf 90' lang='lat' dir='ltr'><strong>regni</strong></span> <span class='ocrx_word' id='word_1_93' title='bbox 2900 1869 3216 1944; x_wconf 86' lang='lat' dir='ltr'><strong>Franciae,</strong></span> <span class='ocrx_word' id='word_1_94' title='bbox 3249 1887 3468 1931; x_wconf 90' lang='lat' dir='ltr'><strong>narran</strong></span> 
     </span>
     <span class='ocr_line' id='line_1_17' title="bbox 1499 1965 3494 2042; baseline 0 -16"><span class='ocrx_word' id='word_1_95' title='bbox 1499 1968 1586 2026; x_wconf 86' lang='lat' dir='ltr'><strong>eis</strong></span> <span class='ocrx_word' id='word_1_96' title='bbox 1611 1982 1950 2042; x_wconf 77' lang='lat' dir='ltr'><strong>processum</strong></span> <span class='ocrx_word' id='word_1_97' title='bbox 1977 1965 2247 2025; x_wconf 89' lang='lat' dir='ltr'><strong>habitum</strong></span> <span class='ocrx_word' id='word_1_98' title='bbox 2278 1967 2430 2025; x_wconf 90' lang='lat' dir='ltr'><strong>inter</strong></span> <span class='ocrx_word' id='word_1_99' title='bbox 2458 1967 2653 2042; x_wconf 87' lang='lat' dir='ltr'><strong>ipsum</strong></span> <span class='ocrx_word' id='word_1_100' title='bbox 2681 1970 2742 2024; x_wconf 93' lang='lat' dir='ltr'><strong>et</strong></span> <span class='ocrx_word' id='word_1_101' title='bbox 2767 1981 3002 2041; x_wconf 91' lang='lat' dir='ltr'><strong>papam.</strong></span> <span class='ocrx_word' id='word_1_102' title='bbox 3374 1975 3494 2027; x_wconf 90' lang='grc'><strong>389</strong></span> 
     </span>
    </p>
   </div>
   <div class='ocr_carea' id='block_1_12' title="bbox 1305 2060 3498 2139">
    <p class='ocr_par' dir='ltr' id='par_1_12' title="bbox 1305 2060 3498 2139">
     <span class='ocr_line' id='line_1_18' title="bbox 1305 2060 3498 2139; baseline 0 -18"><span class='ocrx_word' id='word_1_103' title='bbox 1305 2104 1321 2121; x_wconf 92' lang='grc'><strong>.</strong></span> <span class='ocrx_word' id='word_1_104' title='bbox 1371 2106 1388 2124; x_wconf 92' lang='grc'><strong>.</strong></span> <span class='ocrx_word' id='word_1_105' title='bbox 1420 2093 1503 2105; x_wconf 91' lang='lat'><strong>-—-</strong></span> <span class='ocrx_word' id='word_1_106' title='bbox 1541 2062 1802 2139; x_wconf 81' lang='lat' dir='ltr'><strong>Regibus</strong></span> <span class='ocrx_word' id='word_1_107' title='bbox 1828 2069 1888 2121; x_wconf 90' lang='lat' dir='ltr'><strong>et</strong></span> <span class='ocrx_word' id='word_1_108' title='bbox 1912 2060 2276 2137; x_wconf 90' lang='lat' dir='ltr'><strong>principibus</strong></span> <span class='ocrx_word' id='word_1_109' title='bbox 2301 2060 2461 2120; x_wconf 89' lang='lat' dir='ltr'><strong>orbis</strong></span> <span class='ocrx_word' id='word_1_110' title='bbox 2488 2060 2692 2119; x_wconf 82' lang='lat' dir='ltr'><strong>scribit</strong></span> <span class='ocrx_word' id='word_1_111' title='bbox 2718 2060 2878 2136; x_wconf 85' lang='lat' dir='ltr'><strong>quod</strong></span> <span class='ocrx_word' id='word_1_112' title='bbox 2916 2060 3028 2120; x_wconf 91' lang='lat' dir='ltr'><strong>sibi</strong></span> <span class='ocrx_word' id='word_1_113' title='bbox 3063 2062 3125 2120; x_wconf 90' lang='lat' dir='ltr'><strong>in</strong></span> <span class='ocrx_word' id='word_1_114' title='bbox 3156 2061 3498 2122; x_wconf 80' lang='lat' dir='ltr'><strong>defensione</strong></span> 
     </span>
    </p>
   </div>
   <div class='ocr_carea' id='block_1_13' title="bbox 907 3120 1298 3187">
    <p class='ocr_par' dir='ltr' id='par_1_13' title="bbox 907 3120 1298 3187">
     <span class='ocr_line' id='line_1_19' title="bbox 907 3120 1298 3187; baseline -0.003 0"><span class='ocrx_word' id='word_1_115' title='bbox 907 3170 923 3187; x_wconf 96' lang='lat'><strong>.</strong></span> <span class='ocrx_word' id='word_1_116' title='bbox 1047 3120 1298 3187; x_wconf 76' lang='lat' dir='ltr'><strong>salerni.</strong></span> 
     </span>
    </p>
   </div>
   <div class='ocr_carea' id='block_1_14' title="bbox 1048 3797 1305 3876">
    <p class='ocr_par' dir='ltr' id='par_1_14' title="bbox 1048 3797 1305 3876">
     <span class='ocr_line' id='line_1_20' title="bbox 1048 3797 1305 3876; baseline -0.008 -16"><span class='ocrx_word' id='word_1_117' title='bbox 1048 3797 1305 3876; x_wconf 85' lang='lat' dir='ltr'><strong>Capuae.</strong></span> 
     </span>
    </p>
   </div>
   <div class='ocr_carea' id='block_1_15' title="bbox 1063 4084 1297 4149">
    <p class='ocr_par' dir='ltr' id='par_1_15' title="bbox 1063 4084 1297 4149">
     <span class='ocr_line' id='line_1_21' title="bbox 1063 4084 1297 4149; baseline -0.013 1"><span class='ocrx_word' id='word_1_118' title='bbox 1063 4084 1297 4149; x_wconf 83' lang='lat' dir='ltr'><strong>Allflae.</strong></span> 
     </span>
    </p>
   </div>
   <div class='ocr_carea' id='block_1_16' title="bbox 1420 2156 3496 3488">
    <p class='ocr_par' dir='ltr' id='par_1_16' title="bbox 1420 2156 3496 3488">
     <span class='ocr_line' id='line_1_22' title="bbox 1491 2156 3492 2236; baseline -0 -17"><span class='ocrx_word' id='word_1_119' title='bbox 1491 2160 1722 2236; x_wconf 82' lang='lat' dir='ltr'><strong>jurium</strong></span> <span class='ocrx_word' id='word_1_120' title='bbox 1763 2158 2175 2233; x_wconf 83' lang='lat' dir='ltr'><strong>temporalium</strong></span> <span class='ocrx_word' id='word_1_121' title='bbox 2217 2163 2424 2216; x_wconf 88' lang='lat' dir='ltr'><strong>contra</strong></span> <span class='ocrx_word' id='word_1_122' title='bbox 2462 2173 2679 2233; x_wconf 89' lang='lat' dir='ltr'><strong>papam</strong></span> <span class='ocrx_word' id='word_1_123' title='bbox 2721 2161 2785 2215; x_wconf 91' lang='lat' dir='ltr'><strong>et</strong></span> <span class='ocrx_word' id='word_1_124' title='bbox 2817 2156 3146 2217; x_wconf 86' lang='lat' dir='ltr'><strong>cardinales</strong></span> <span class='ocrx_word' id='word_1_125' title='bbox 3184 2161 3492 2231; x_wconf 85' lang='lat' dir='ltr'><strong>assistant,</strong></span> 
     </span>
     <span class='ocr_line' id='line_1_23' title="bbox 1500 2252 3495 2330; baseline -0.001 -13"><span class='ocrx_word' id='word_1_126' title='bbox 1500 2272 1638 2317; x_wconf 90' lang='lat' dir='ltr'><strong>cum</strong></span> <span class='ocrx_word' id='word_1_127' title='bbox 1668 2257 1686 2313; x_wconf 94' lang='lat' dir='ltr'><strong>i</strong></span> <span class='ocrx_word' id='word_1_128' title='bbox 1693 2271 1795 2330; x_wconf 89' lang='lat' dir='ltr'><strong>pse</strong></span> <span class='ocrx_word' id='word_1_129' title='bbox 1813 2253 2061 2313; x_wconf 82' lang='lat' dir='ltr'><strong>firmiter</strong></span> <span class='ocrx_word' id='word_1_130' title='bbox 2085 2255 2145 2312; x_wconf 89' lang='lat' dir='ltr'><strong>in</strong></span> <span class='ocrx_word' id='word_1_131' title='bbox 2165 2255 2463 2329; x_wconf 87' lang='lat' dir='ltr'><strong>proposito</strong></span> <span class='ocrx_word' id='word_1_132' title='bbox 2491 2252 2707 2313; x_wconf 90' lang='lat' dir='ltr'><strong>habeat</strong></span> <span class='ocrx_word' id='word_1_133' title='bbox 2734 2269 2939 2312; x_wconf 90' lang='lat' dir='ltr'><strong>omnes</strong></span> <span class='ocrx_word' id='word_1_134' title='bbox 2962 2254 3201 2314; x_wconf 89' lang='lat' dir='ltr'><strong>clericos</strong></span> <span class='ocrx_word' id='word_1_135' title='bbox 3223 2255 3299 2314; x_wconf 90' lang='lat' dir='ltr'><strong>ad</strong></span> <span class='ocrx_word' id='word_1_136' title='bbox 3327 2256 3495 2316; x_wconf 91' lang='lat' dir='ltr'><strong>illum</strong></span> 
     </span>
     <span class='ocr_line' id='line_1_24' title="bbox 1501 2349 3487 2427; baseline 0 -14"><span class='ocrx_word' id='word_1_137' title='bbox 1501 2358 1723 2413; x_wconf 87' lang='lat' dir='ltr'><strong>statum</strong></span> <span class='ocrx_word' id='word_1_138' title='bbox 1753 2352 2027 2411; x_wconf 81' lang='lat' dir='ltr'><strong>reducere</strong></span> <span class='ocrx_word' id='word_1_139' title='bbox 2055 2350 2259 2427; x_wconf 85' lang='lat' dir='ltr'><strong>quales</strong></span> <span class='ocrx_word' id='word_1_140' title='bbox 2287 2349 2526 2410; x_wconf 81' lang='lat' dir='ltr'><strong>fuerunt</strong></span> <span class='ocrx_word' id='word_1_141' title='bbox 2552 2352 2614 2409; x_wconf 90' lang='lat' dir='ltr'><strong>in</strong></span> <span class='ocrx_word' id='word_1_142' title='bbox 2643 2350 2903 2409; x_wconf 88' lang='lat' dir='ltr'><strong>Ecclesia</strong></span> <span class='ocrx_word' id='word_1_143' title='bbox 2932 2351 3255 2426; x_wconf 88' lang='lat' dir='ltr'><strong>primitiva.</strong></span> <span class='ocrx_word' id='word_1_144' title='bbox 3379 2361 3487 2413; x_wconf 90' lang='grc'><strong>391</strong></span> 
     </span>
     <span class='ocr_line' id='line_1_25' title="bbox 1420 2447 3496 2527; baseline 0 -16"><span class='ocrx_word' id='word_1_145' title='bbox 1420 2483 1502 2495; x_wconf 94' lang='grc'>-</span> <span class='ocrx_word' id='word_1_146' title='bbox 1541 2449 1866 2527; x_wconf 83' lang='lat' dir='ltr'><strong>Cujusdam</strong></span> <span class='ocrx_word' id='word_1_147' title='bbox 1894 2448 2057 2508; x_wconf 91' lang='lat' dir='ltr'><strong>urbis</strong></span> <span class='ocrx_word' id='word_1_148' title='bbox 2087 2450 2147 2507; x_wconf 90' lang='lat' dir='ltr'><strong>in</strong></span> <span class='ocrx_word' id='word_1_149' title='bbox 2177 2448 2494 2508; x_wconf 85' lang='lat' dir='ltr'><strong>Germania</strong></span> <span class='ocrx_word' id='word_1_150' title='bbox 2518 2450 2680 2507; x_wconf 90' lang='lat' dir='ltr'><strong>cives</strong></span> <span class='ocrx_word' id='word_1_151' title='bbox 2707 2447 3078 2508; x_wconf 88' lang='lat' dir='ltr'><strong>commendat</strong></span> <span class='ocrx_word' id='word_1_152' title='bbox 3105 2450 3265 2525; x_wconf 88' lang='lat' dir='ltr'><strong>quod</strong></span> <span class='ocrx_word' id='word_1_153' title='bbox 3290 2450 3496 2511; x_wconf 88' lang='lat' dir='ltr'><strong>litteris</strong></span> 
     </span>
     <span class='ocr_line' id='line_1_26' title="bbox 1503 2544 3488 2623; baseline 0 -17"><span class='ocrx_word' id='word_1_154' title='bbox 1503 2563 1690 2623; x_wconf 90' lang='lat' dir='ltr'><strong>papae</strong></span> <span class='ocrx_word' id='word_1_155' title='bbox 1716 2546 2081 2608; x_wconf 83' lang='lat' dir='ltr'><strong>audientiam</strong></span> <span class='ocrx_word' id='word_1_156' title='bbox 2110 2544 2551 2621; x_wconf 80' lang='lat' dir='ltr'><strong>denegaverint,</strong></span> <span class='ocrx_word' id='word_1_157' title='bbox 2570 2545 2953 2620; x_wconf 88' lang='lat' dir='ltr'><strong>hortaturque</strong></span> <span class='ocrx_word' id='word_1_158' title='bbox 2975 2552 3045 2605; x_wconf 90' lang='lat' dir='ltr'><strong>ut</strong></span> <span class='ocrx_word' id='word_1_159' title='bbox 3072 2546 3304 2607; x_wconf 90' lang='lat' dir='ltr'><strong>nullum</strong></span> <span class='ocrx_word' id='word_1_160' title='bbox 3331 2563 3488 2606; x_wconf 92' lang='lat' dir='ltr'><strong>nun·</strong></span> 
     </span>
     <span class='ocr_line' id='line_1_27' title="bbox 1501 2641 3488 2716; baseline 0.001 -14"><span class='ocrx_word' id='word_1_161' title='bbox 1501 2645 1656 2703; x_wconf 88' lang='lat' dir='ltr'><strong>tium</strong></span> <span class='ocrx_word' id='word_1_162' title='bbox 1678 2658 1780 2701; x_wconf 90' lang='lat' dir='ltr'><strong>eos</strong></span> <span class='ocrx_word' id='word_1_163' title='bbox 1806 2642 2144 2701; x_wconf 87' lang='lat' dir='ltr'><strong>subvertere</strong></span> <span class='ocrx_word' id='word_1_164' title='bbox 2169 2644 2507 2716; x_wconf 83' lang='lat' dir='ltr'><strong>cupientem</strong></span> <span class='ocrx_word' id='word_1_165' title='bbox 2534 2641 2870 2701; x_wconf 89' lang='lat' dir='ltr'><strong>admittant.</strong></span> <span class='ocrx_word' id='word_1_166' title='bbox 3373 2651 3488 2703; x_wconf 91' lang='grc'><strong>393</strong></span> 
     </span>
     <span class='ocr_line' id='line_1_28' title="bbox 1421 2737 3492 2814; baseline 0 -16"><span class='ocrx_word' id='word_1_167' title='bbox 1421 2772 1501 2783; x_wconf 89' lang='grc'>-</span> <span class='ocrx_word' id='word_1_168' title='bbox 1544 2738 1788 2798; x_wconf 84' lang='lat' dir='ltr'><strong>Civibus</strong></span> <span class='ocrx_word' id='word_1_169' title='bbox 1814 2737 2183 2814; x_wconf 88' lang='lat' dir='ltr'><strong>Spirensibus</strong></span> <span class='ocrx_word' id='word_1_170' title='bbox 2211 2738 2456 2798; x_wconf 89' lang='lat' dir='ltr'><strong>mandat</strong></span> <span class='ocrx_word' id='word_1_171' title='bbox 2480 2738 2642 2814; x_wconf 84' lang='lat' dir='ltr'><strong>quod</strong></span> <span class='ocrx_word' id='word_1_172' title='bbox 2681 2753 2817 2796; x_wconf 92' lang='lat' dir='ltr'><strong>cum</strong></span> <span class='ocrx_word' id='word_1_173' title='bbox 2844 2752 2995 2813; x_wconf 90' lang='lat' dir='ltr'><strong>papa</strong></span> <span class='ocrx_word' id='word_1_174' title='bbox 3023 2740 3083 2796; x_wconf 89' lang='lat' dir='ltr'><strong>in</strong></span> <span class='ocrx_word' id='word_1_175' title='bbox 3114 2737 3492 2799; x_wconf 87' lang='lat' dir='ltr'><strong>Germaniam</strong></span> 
     </span>
     <span class='ocr_line' id='line_1_29' title="bbox 1502 2834 3492 2911; baseline 0.001 -17"><span class='ocrx_word' id='word_1_176' title='bbox 1502 2836 1915 2895; x_wconf 87' lang='lat' dir='ltr'><strong>Ferrarensem</strong></span> <span class='ocrx_word' id='word_1_177' title='bbox 1944 2835 2197 2894; x_wconf 90' lang='lat' dir='ltr'><strong>electum</strong></span> <span class='ocrx_word' id='word_1_178' title='bbox 2226 2839 2432 2893; x_wconf 87' lang='lat' dir='ltr'><strong>contra</strong></span> <span class='ocrx_word' id='word_1_179' title='bbox 2468 2851 2532 2892; x_wconf 91' lang='lat' dir='ltr'><strong>se</strong></span> <span class='ocrx_word' id='word_1_180' title='bbox 2562 2850 2751 2909; x_wconf 90' lang='lat' dir='ltr'><strong>nuper</strong></span> <span class='ocrx_word' id='word_1_181' title='bbox 2777 2834 3165 2893; x_wconf 86' lang='lat' dir='ltr'><strong>transmiserit</strong></span> <span class='ocrx_word' id='word_1_182' title='bbox 3191 2850 3298 2909; x_wconf 92' lang='lat' dir='ltr'><strong>pro</strong></span> <span class='ocrx_word' id='word_1_183' title='bbox 3325 2836 3492 2911; x_wconf 91' lang='lat' dir='ltr'><strong>prin-</strong></span> 
     </span>
     <span class='ocr_line' id='line_1_30' title="bbox 1501 2927 3494 3008; baseline 0 -18"><span class='ocrx_word' id='word_1_184' title='bbox 1501 2934 1702 3006; x_wconf 90' lang='lat' dir='ltr'><strong>cipum</strong></span> <span class='ocrx_word' id='word_1_185' title='bbox 1725 2927 1847 2988; x_wconf 87' lang='lat' dir='ltr'><strong>flde</strong></span> <span class='ocrx_word' id='word_1_186' title='bbox 1874 2927 2333 3008; x_wconf 90' lang='lat' dir='ltr'><strong>corrumpenda,</strong></span> <span class='ocrx_word' id='word_1_187' title='bbox 2366 2930 2480 3004; x_wconf 87' lang='lat' dir='ltr'><strong>ipsi</strong></span> <span class='ocrx_word' id='word_1_188' title='bbox 2516 2928 2779 3004; x_wconf 88' lang='lat' dir='ltr'><strong>legatum</strong></span> <span class='ocrx_word' id='word_1_189' title='bbox 2814 2929 3087 2988; x_wconf 90' lang='lat' dir='ltr'><strong>eumdem</strong></span> <span class='ocrx_word' id='word_1_190' title='bbox 3122 2929 3215 2987; x_wconf 92' lang='lat' dir='ltr'><strong>vel</strong></span> <span class='ocrx_word' id='word_1_191' title='bbox 3253 2932 3494 2990; x_wconf 87' lang='lat' dir='ltr'><strong>nuntios</strong></span> 
     </span>
     <span class='ocr_line' id='line_1_31' title="bbox 1500 3019 3489 3104; baseline -0.001 -16"><span class='ocrx_word' id='word_1_192' title='bbox 1500 3030 1629 3104; x_wconf 83' lang='lat' dir='ltr'><strong>ejus</strong></span> <span class='ocrx_word' id='word_1_193' title='bbox 1655 3034 1875 3086; x_wconf 87' lang='lat' dir='ltr'><strong>terram</strong></span> <span class='ocrx_word' id='word_1_194' title='bbox 1903 3019 2072 3086; x_wconf 89' lang='lat' dir='ltr'><strong>suam</strong></span> <span class='ocrx_word' id='word_1_195' title='bbox 2103 3026 2333 3103; x_wconf 83' lang='lat' dir='ltr'><strong>ingredi</strong></span> <span class='ocrx_word' id='word_1_196' title='bbox 2358 3042 2478 3085; x_wconf 93' lang='lat' dir='ltr'><strong>non</strong></span> <span class='ocrx_word' id='word_1_197' title='bbox 2506 3027 2874 3101; x_wconf 89' lang='lat' dir='ltr'><strong>permittant.</strong></span> <span class='ocrx_word' id='word_1_198' title='bbox 3373 3035 3489 3087; x_wconf 90' lang='grc'><strong>395</strong></span> 
     </span>
     <span class='ocr_line' id='line_1_32' title="bbox 1425 3119 3491 3198; baseline -0.002 -14"><span class='ocrx_word' id='word_1_199' title='bbox 1425 3155 1504 3168; x_wconf 94' lang='grc'>-</span> <span class='ocrx_word' id='word_1_200' title='bbox 1551 3124 1755 3184; x_wconf 88' lang='lat' dir='ltr'><strong>Varias</strong></span> <span class='ocrx_word' id='word_1_201' title='bbox 1782 3123 1990 3181; x_wconf 90' lang='lat' dir='ltr'><strong>amicis</strong></span> <span class='ocrx_word' id='word_1_202' title='bbox 2025 3128 2086 3181; x_wconf 91' lang='lat' dir='ltr'><strong>et</strong></span> <span class='ocrx_word' id='word_1_203' title='bbox 2116 3119 2395 3181; x_wconf 85' lang='lat' dir='ltr'><strong>fidelibus</strong></span> <span class='ocrx_word' id='word_1_204' title='bbox 2423 3122 2545 3181; x_wconf 87' lang='lat' dir='ltr'><strong>suis</strong></span> <span class='ocrx_word' id='word_1_205' title='bbox 2584 3120 2862 3196; x_wconf 86' lang='lat' dir='ltr'><strong>epistolas</strong></span> <span class='ocrx_word' id='word_1_206' title='bbox 2898 3122 3081 3179; x_wconf 88' lang='lat' dir='ltr'><strong>mittit</strong></span> <span class='ocrx_word' id='word_1_207' title='bbox 3108 3121 3180 3179; x_wconf 93' lang='lat' dir='ltr'><strong>de</strong></span> <span class='ocrx_word' id='word_1_208' title='bbox 3212 3124 3491 3198; x_wconf 83' lang='lat' dir='ltr'><strong>conjura-</strong></span> 
     </span>
     <span class='ocr_line' id='line_1_33' title="bbox 1499 3215 3492 3296; baseline -0.001 -17"><span class='ocrx_word' id='word_1_209' title='bbox 1499 3222 1661 3280; x_wconf 91' lang='lat' dir='ltr'><strong>tione</strong></span> <span class='ocrx_word' id='word_1_210' title='bbox 1698 3219 2063 3296; x_wconf 89' lang='lat' dir='ltr'><strong>proditorum</strong></span> <span class='ocrx_word' id='word_1_211' title='bbox 2101 3234 2344 3278; x_wconf 89' lang='lat' dir='ltr'><strong>suorum</strong></span> <span class='ocrx_word' id='word_1_212' title='bbox 2358 3261 2376 3290; x_wconf 92' lang='lat'>‚</span> <span class='ocrx_word' id='word_1_213' title='bbox 2419 3218 2492 3277; x_wconf 94' lang='lat' dir='ltr'><strong>de</strong></span> <span class='ocrx_word' id='word_1_214' title='bbox 2512 3219 2802 3293; x_wconf 89' lang='lat' dir='ltr'><strong>captione</strong></span> <span class='ocrx_word' id='word_1_215' title='bbox 2843 3215 3047 3276; x_wconf 84' lang='lat' dir='ltr'><strong>Scalae</strong></span> <span class='ocrx_word' id='word_1_216' title='bbox 3087 3222 3148 3276; x_wconf 91' lang='lat' dir='ltr'><strong>et</strong></span> <span class='ocrx_word' id='word_1_217' title='bbox 3191 3217 3492 3277; x_wconf 89' lang='lat' dir='ltr'><strong>obsidione</strong></span> 
     </span>
     <span class='ocr_line' id='line_1_34' title="bbox 1503 3312 3491 3397; baseline -0.002 -19"><span class='ocrx_word' id='word_1_218' title='bbox 1503 3316 1772 3392; x_wconf 86' lang='lat' dir='ltr'><strong>Capaccii</strong></span> <span class='ocrx_word' id='word_1_219' title='bbox 1784 3358 1804 3389; x_wconf 90' lang='lat'><em>,</em></span> <span class='ocrx_word' id='word_1_220' title='bbox 1859 3331 2088 3375; x_wconf 90' lang='lat' dir='ltr'><strong>necnon</strong></span> <span class='ocrx_word' id='word_1_221' title='bbox 2136 3314 2212 3374; x_wconf 90' lang='lat' dir='ltr'><strong>de</strong></span> <span class='ocrx_word' id='word_1_222' title='bbox 2258 3316 2507 3397; x_wconf 73' lang='lat' dir='ltr'><strong>victoria</strong></span> <span class='ocrx_word' id='word_1_223' title='bbox 2558 3316 2622 3372; x_wconf 90' lang='lat' dir='ltr'><strong>in</strong></span> <span class='ocrx_word' id='word_1_224' title='bbox 2670 3315 2982 3373; x_wconf 89' lang='lat' dir='ltr'><strong>Perusinos</strong></span> <span class='ocrx_word' id='word_1_225' title='bbox 3025 3319 3086 3373; x_wconf 89' lang='lat' dir='ltr'><strong>et</strong></span> <span class='ocrx_word' id='word_1_226' title='bbox 3136 3312 3491 3375; x_wconf 85' lang='lat' dir='ltr'><strong>Assisinates</strong></span> 
     </span>
     <span class='ocr_line' id='line_1_35' title="bbox 1502 3417 3487 3488; baseline 0 -17"><span class='ocrx_word' id='word_1_227' title='bbox 1502 3417 1814 3488; x_wconf 85' lang='lat' dir='ltr'><strong>reportata.</strong></span> <span class='ocrx_word' id='word_1_228' title='bbox 3371 3419 3487 3471; x_wconf 90' lang='grc'><strong>403</strong></span> 
     </span>
    </p>
   </div>
   <div class='ocr_carea' id='block_1_17' title="bbox 1307 3505 3491 3584">
    <p class='ocr_par' dir='ltr' id='par_1_17' title="bbox 1307 3505 3491 3584">
     <span class='ocr_line' id='line_1_36' title="bbox 1307 3505 3491 3584; baseline -0.003 -11"><span class='ocrx_word' id='word_1_229' title='bbox 1307 3552 1327 3572; x_wconf 92' lang='grc'><strong>.</strong></span> <span class='ocrx_word' id='word_1_230' title='bbox 1375 3555 1391 3572; x_wconf 91' lang='grc'><strong>.</strong></span> <span class='ocrx_word' id='word_1_231' title='bbox 1422 3542 1504 3553; x_wconf 91' lang='grc'>-</span> <span class='ocrx_word' id='word_1_232' title='bbox 1543 3509 1793 3570; x_wconf 88' lang='lat' dir='ltr'><strong>Cuidam</strong></span> <span class='ocrx_word' id='word_1_233' title='bbox 1827 3507 2219 3567; x_wconf 87' lang='lat' dir='ltr'><strong>Alemanniae</strong></span> <span class='ocrx_word' id='word_1_234' title='bbox 2252 3507 2504 3583; x_wconf 87' lang='lat' dir='ltr'><strong>principi</strong></span> <span class='ocrx_word' id='word_1_235' title='bbox 2540 3505 2741 3566; x_wconf 85' lang='lat' dir='ltr'><strong>scribit</strong></span> <span class='ocrx_word' id='word_1_236' title='bbox 2768 3507 2929 3584; x_wconf 85' lang='lat' dir='ltr'><strong>quod</strong></span> <span class='ocrx_word' id='word_1_237' title='bbox 2964 3506 3234 3567; x_wconf 90' lang='lat' dir='ltr'><strong>Conrado</strong></span> <span class='ocrx_word' id='word_1_238' title='bbox 3261 3508 3491 3568; x_wconf 85' lang='lat' dir='ltr'><strong>Roma-</strong></span> 
     </span>
    </p>
   </div>
   <div class='ocr_carea' id='block_1_18' title="bbox 1423 3602 3491 4164">
    <p class='ocr_par' dir='ltr' id='par_1_18' title="bbox 1423 3602 3491 4164">
     <span class='ocr_line' id='line_1_37' title="bbox 1501 3602 3491 3682; baseline 0 -17"><span class='ocrx_word' id='word_1_239' title='bbox 1501 3622 1714 3665; x_wconf 91' lang='lat' dir='ltr'><strong>norum</strong></span> <span class='ocrx_word' id='word_1_240' title='bbox 1755 3607 1880 3682; x_wconf 88' lang='lat' dir='ltr'><strong>regi</strong></span> <span class='ocrx_word' id='word_1_241' title='bbox 1924 3602 2049 3664; x_wconf 85' lang='lat' dir='ltr'><strong>filio</strong></span> <span class='ocrx_word' id='word_1_242' title='bbox 2096 3620 2203 3664; x_wconf 90' lang='lat' dir='ltr'><strong>suo</strong></span> <span class='ocrx_word' id='word_1_243' title='bbox 2254 3604 2504 3662; x_wconf 89' lang='lat' dir='ltr'><strong>viriliter</strong></span> <span class='ocrx_word' id='word_1_244' title='bbox 2548 3604 2786 3663; x_wconf 81' lang='lat' dir='ltr'><strong>assistat</strong></span> <span class='ocrx_word' id='word_1_245' title='bbox 2827 3610 3031 3664; x_wconf 89' lang='lat' dir='ltr'><strong>contra</strong></span> <span class='ocrx_word' id='word_1_246' title='bbox 3080 3604 3491 3682; x_wconf 87' lang='lat' dir='ltr'><strong>landgravium</strong></span> 
     </span>
     <span class='ocr_line' id='line_1_38' title="bbox 1502 3700 3487 3779; baseline 0 -18"><span class='ocrx_word' id='word_1_247' title='bbox 1502 3702 1862 3778; x_wconf 85' lang='lat' dir='ltr'><strong>Thuringiae</strong></span> <span class='ocrx_word' id='word_1_248' title='bbox 1888 3702 2318 3779; x_wconf 87' lang='lat' dir='ltr'><strong>conjurationes</strong></span> <span class='ocrx_word' id='word_1_249' title='bbox 2342 3701 2575 3759; x_wconf 89' lang='lat' dir='ltr'><strong>illicitas</strong></span> <span class='ocrx_word' id='word_1_250' title='bbox 2602 3707 2819 3760; x_wconf 88' lang='lat' dir='ltr'><strong>temere</strong></span> <span class='ocrx_word' id='word_1_251' title='bbox 2845 3700 3303 3761; x_wconf 87' lang='lat' dir='ltr'><strong>machinantem.</strong></span> <span class='ocrx_word' id='word_1_252' title='bbox 3372 3710 3487 3761; x_wconf 85' lang='grc'><strong>415</strong></span> 
     </span>
     <span class='ocr_line' id='line_1_39' title="bbox 1423 3794 3491 3860; baseline -0.001 0"><span class='ocrx_word' id='word_1_253' title='bbox 1423 3828 1506 3844; x_wconf 90' lang='grc'>-</span> <span class='ocrx_word' id='word_1_254' title='bbox 1544 3798 1789 3860; x_wconf 82' lang='lat' dir='ltr'><strong>Civibus</strong></span> <span class='ocrx_word' id='word_1_255' title='bbox 1834 3797 2350 3859; x_wconf 83' lang='lat' dir='ltr'><strong>camerinensibus</strong></span> <span class='ocrx_word' id='word_1_256' title='bbox 2390 3796 2466 3856; x_wconf 93' lang='lat' dir='ltr'><strong>ad</strong></span> <span class='ocrx_word' id='word_1_257' title='bbox 2509 3794 2853 3857; x_wconf 85' lang='lat' dir='ltr'><strong>fidelitatem</strong></span> <span class='ocrx_word' id='word_1_258' title='bbox 2895 3814 3065 3858; x_wconf 89' lang='lat' dir='ltr'><strong>suam</strong></span> <span class='ocrx_word' id='word_1_259' title='bbox 3107 3798 3491 3858; x_wconf 89' lang='lat' dir='ltr'><strong>redeuntibus</strong></span> 
     </span>
     <span class='ocr_line' id='line_1_40' title="bbox 1503 3894 3490 3970; baseline 0 -16"><span class='ocrx_word' id='word_1_260' title='bbox 1503 3911 1709 3955; x_wconf 90' lang='lat' dir='ltr'><strong>omnes</strong></span> <span class='ocrx_word' id='word_1_261' title='bbox 1731 3895 1934 3970; x_wconf 89' lang='lat' dir='ltr'><strong>culpas</strong></span> <span class='ocrx_word' id='word_1_262' title='bbox 1948 3940 1965 3970; x_wconf 92' lang='lat'>‚</span> <span class='ocrx_word' id='word_1_263' title='bbox 1987 3894 2346 3953; x_wconf 77' lang='lat' dir='ltr'><strong>offensiones</strong></span> <span class='ocrx_word' id='word_1_264' title='bbox 2373 3900 2433 3953; x_wconf 89' lang='lat' dir='ltr'><strong>et</strong></span> <span class='ocrx_word' id='word_1_265' title='bbox 2455 3910 2674 3969; x_wconf 89' lang='lat' dir='ltr'><strong>poenas</strong></span> <span class='ocrx_word' id='word_1_266' title='bbox 2694 3895 2941 3953; x_wconf 88' lang='lat' dir='ltr'><strong>remittit</strong></span> <span class='ocrx_word' id='word_1_267' title='bbox 2953 3910 3182 3954; x_wconf 90' lang='lat' dir='ltr'><strong>necnon</strong></span> <span class='ocrx_word' id='word_1_268' title='bbox 3201 3899 3261 3954; x_wconf 91' lang='lat' dir='ltr'><strong>et</strong></span> <span class='ocrx_word' id='word_1_269' title='bbox 3276 3895 3490 3954; x_wconf 88' lang='lat' dir='ltr'><strong>vicinis</strong></span> 
     </span>
     <span class='ocr_line' id='line_1_41' title="bbox 1503 3989 3487 4066; baseline -0.001 -15"><span class='ocrx_word' id='word_1_270' title='bbox 1503 3989 2047 4066; x_wconf 88' lang='lat' dir='ltr'><strong>communitatibus,</strong></span> <span class='ocrx_word' id='word_1_271' title='bbox 2078 4006 2216 4050; x_wconf 90' lang='lat' dir='ltr'><strong>cum</strong></span> <span class='ocrx_word' id='word_1_272' title='bbox 2245 3990 2643 4049; x_wconf 86' lang='lat' dir='ltr'><strong>moderatione</strong></span> <span class='ocrx_word' id='word_1_273' title='bbox 2669 3989 2865 4049; x_wconf 87' lang='lat' dir='ltr'><strong>salarii</strong></span> <span class='ocrx_word' id='word_1_274' title='bbox 2891 3995 3267 4065; x_wconf 89' lang='lat' dir='ltr'><strong>potestatum.</strong></span> <span class='ocrx_word' id='word_1_275' title='bbox 3371 3999 3487 4050; x_wconf 90' lang='grc'><strong>415</strong></span> 
     </span>
     <span class='ocr_line' id='line_1_42' title="bbox 1429 4086 3490 4164; baseline 0 -16"><span class='ocrx_word' id='word_1_276' title='bbox 1429 4121 1508 4134; x_wconf 94' lang='grc'>-</span> <span class='ocrx_word' id='word_1_277' title='bbox 1546 4088 1766 4148; x_wconf 82' lang='lat' dir='ltr'><strong>Sifrido</strong></span> <span class='ocrx_word' id='word_1_278' title='bbox 1816 4089 1890 4147; x_wconf 92' lang='lat' dir='ltr'><strong>de</strong></span> <span class='ocrx_word' id='word_1_279' title='bbox 1936 4086 2391 4148; x_wconf 82' lang='lat' dir='ltr'><strong>Vrowemberch</strong></span> <span class='ocrx_word' id='word_1_280' title='bbox 2429 4093 2489 4146; x_wconf 90' lang='lat' dir='ltr'><strong>et</strong></span> <span class='ocrx_word' id='word_1_281' title='bbox 2527 4090 2657 4164; x_wconf 83' lang='lat' dir='ltr'><strong>ejus</strong></span> <span class='ocrx_word' id='word_1_282' title='bbox 2695 4087 3046 4148; x_wconf 88' lang='lat' dir='ltr'><strong>haeredibus</strong></span> <span class='ocrx_word' id='word_1_283' title='bbox 3082 4090 3490 4149; x_wconf 89' lang='lat' dir='ltr'><strong>auctoritatem</strong></span> 
     </span>
    </p>
   </div>
   <div class='ocr_carea' id='block_1_19' title="bbox 1505 4182 3619 4261">
    <p class='ocr_par' dir='ltr' id='par_1_19' title="bbox 1505 4182 3619 4261">
     <span class='ocr_line' id='line_1_43' title="bbox 1505 4182 3619 4261; baseline -0.001 -17"><span class='ocrx_word' id='word_1_284' title='bbox 1505 4183 1771 4245; x_wconf 85' lang='lat' dir='ltr'><strong>concedit</strong></span> <span class='ocrx_word' id='word_1_285' title='bbox 1817 4182 2109 4242; x_wconf 89' lang='lat' dir='ltr'><strong>tractandi</strong></span> <span class='ocrx_word' id='word_1_286' title='bbox 2157 4197 2365 4242; x_wconf 89' lang='lat' dir='ltr'><strong>causas</strong></span> <span class='ocrx_word' id='word_1_287' title='bbox 2411 4197 2587 4257; x_wconf 90' lang='lat' dir='ltr'><strong>super</strong></span> <span class='ocrx_word' id='word_1_288' title='bbox 2632 4182 3117 4261; x_wconf 89' lang='lat' dir='ltr'><strong>proprietatibus,</strong></span> <span class='ocrx_word' id='word_1_289' title='bbox 3158 4183 3489 4243; x_wconf 85' lang='lat' dir='ltr'><strong>haeredita·</strong></span> <span class='ocrx_word' id='word_1_290' title='bbox 3615 4228 3619 4232; x_wconf 83' lang='lat'><strong>.</strong></span> 
     </span>
    </p>
   </div>
   <div class='ocr_carea' id='block_1_20' title="bbox 1505 4277 3486 4356">
    <p class='ocr_par' dir='ltr' id='par_1_20' title="bbox 1505 4277 3486 4356">
     <span class='ocr_line' id='line_1_44' title="bbox 1505 4277 3486 4356; baseline 0 -16"><span class='ocrx_word' id='word_1_291' title='bbox 1505 4279 1666 4340; x_wconf 90' lang='lat' dir='ltr'><strong>tibus</strong></span> <span class='ocrx_word' id='word_1_292' title='bbox 1688 4296 1758 4339; x_wconf 87' lang='lat' dir='ltr'><strong>ac</strong></span> <span class='ocrx_word' id='word_1_293' title='bbox 1785 4279 2242 4356; x_wconf 85' lang='lat' dir='ltr'><strong>possessionibus</strong></span> <span class='ocrx_word' id='word_1_294' title='bbox 2269 4280 2332 4336; x_wconf 91' lang='lat' dir='ltr'><strong>in</strong></span> <span class='ocrx_word' id='word_1_295' title='bbox 2359 4280 2638 4337; x_wconf 89' lang='lat' dir='ltr'><strong>comitatu</strong></span> <span class='ocrx_word' id='word_1_296' title='bbox 2666 4277 2741 4338; x_wconf 92' lang='lat' dir='ltr'><strong>de</strong></span> <span class='ocrx_word' id='word_1_297' title='bbox 2765 4279 2960 4355; x_wconf 89' lang='lat' dir='ltr'><strong>Hage,</strong></span> <span class='ocrx_word' id='word_1_298' title='bbox 2988 4285 3101 4339; x_wconf 89' lang='lat' dir='ltr'><strong>etc.</strong></span> <span class='ocrx_word' id='word_1_299' title='bbox 3371 4289 3486 4340; x_wconf 84' lang='grc'><strong>417</strong></span> 
     </span>
    </p>
   </div>
   <div class='ocr_carea' id='block_1_21' title="bbox 662 4373 3491 4456">
    <p class='ocr_par' dir='ltr' id='par_1_21' title="bbox 662 4373 3491 4456">
     <span class='ocr_line' id='line_1_45' title="bbox 662 4373 3491 4456; baseline -0.002 -13"><span class='ocrx_word' id='word_1_300' title='bbox 662 4390 734 4443; x_wconf 85' lang='grc'><strong>15</strong></span> <span class='ocrx_word' id='word_1_301' title='bbox 768 4384 931 4442; x_wconf 87' lang='lat' dir='ltr'><strong>maii.</strong></span> <span class='ocrx_word' id='word_1_302' title='bbox 1014 4376 1348 4456; x_wconf 77' lang='lat' dir='ltr'><strong>campiliae.</strong></span> <span class='ocrx_word' id='word_1_303' title='bbox 1426 4409 1510 4422; x_wconf 92' lang='lat'><strong>—</strong></span> <span class='ocrx_word' id='word_1_304' title='bbox 1547 4375 1843 4437; x_wconf 85' lang='lat' dir='ltr'><strong>Friderico</strong></span> <span class='ocrx_word' id='word_1_305' title='bbox 1881 4375 1956 4434; x_wconf 92' lang='lat' dir='ltr'><strong>de</strong></span> <span class='ocrx_word' id='word_1_306' title='bbox 1991 4374 2306 4434; x_wconf 86' lang='lat' dir='ltr'><strong>Antiochia</strong></span> <span class='ocrx_word' id='word_1_307' title='bbox 2351 4375 2582 4450; x_wconf 89' lang='lat' dir='ltr'><strong>imperil</strong></span> <span class='ocrx_word' id='word_1_308' title='bbox 2617 4375 2681 4449; x_wconf 92' lang='lat' dir='ltr'><strong>in</strong></span> <span class='ocrx_word' id='word_1_309' title='bbox 2723 4373 2941 4434; x_wconf 86' lang='lat' dir='ltr'><strong>Tuscia</strong></span> <span class='ocrx_word' id='word_1_310' title='bbox 2980 4376 3198 4434; x_wconf 89' lang='lat' dir='ltr'><strong>vicario</strong></span> <span class='ocrx_word' id='word_1_311' title='bbox 3236 4377 3491 4453; x_wconf 88' lang='lat' dir='ltr'><strong>generali</strong></span> 
     </span>
    </p>
   </div>
   <div class='ocr_carea' id='block_1_22' title="bbox 686 4665 1269 4749">
    <p class='ocr_par' dir='ltr' id='par_1_22' title="bbox 686 4665 1269 4749">
     <span class='ocr_line' id='line_1_46' title="bbox 686 4665 1269 4749; baseline -0.002 -20"><span class='ocrx_word' id='word_1_312' title='bbox 686 4665 1269 4749; x_wconf 69' lang='lat' dir='ltr'><strong>[mmo.].....</strong></span> 
     </span>
    </p>
   </div>
   <div class='ocr_carea' id='block_1_23' title="bbox 1507 4469 3491 4630">
    <p class='ocr_par' dir='ltr' id='par_1_23' title="bbox 1507 4469 3491 4630">
     <span class='ocr_line' id='line_1_47' title="bbox 1508 4469 3491 4547; baseline -0.001 -13"><span class='ocrx_word' id='word_1_313' title='bbox 1508 4472 1753 4547; x_wconf 86' lang='lat' dir='ltr'><strong>mandat</strong></span> <span class='ocrx_word' id='word_1_314' title='bbox 1791 4478 1859 4532; x_wconf 93' lang='lat' dir='ltr'><strong>ut</strong></span> <span class='ocrx_word' id='word_1_315' title='bbox 1901 4471 2210 4547; x_wconf 89' lang='lat' dir='ltr'><strong>prohibeat</strong></span> <span class='ocrx_word' id='word_1_316' title='bbox 2247 4486 2324 4529; x_wconf 92' lang='lat' dir='ltr'><strong>ne</strong></span> <span class='ocrx_word' id='word_1_317' title='bbox 2364 4469 2546 4530; x_wconf 87' lang='lat' dir='ltr'><strong>abbas</strong></span> <span class='ocrx_word' id='word_1_318' title='bbox 2582 4469 2782 4530; x_wconf 86' lang='lat' dir='ltr'><strong>Sancti</strong></span> <span class='ocrx_word' id='word_1_319' title='bbox 2821 4471 3143 4531; x_wconf 88' lang='lat' dir='ltr'><strong>Salvatoris</strong></span> <span class='ocrx_word' id='word_1_320' title='bbox 3177 4471 3251 4531; x_wconf 90' lang='lat' dir='ltr'><strong>de</strong></span> <span class='ocrx_word' id='word_1_321' title='bbox 3287 4472 3491 4532; x_wconf 90' lang='lat' dir='ltr'><strong>Monte</strong></span> 
     </span>
     <span class='ocr_line' id='line_1_48' title="bbox 1507 4566 3488 4630; baseline -0.001 0"><span class='ocrx_word' id='word_1_322' title='bbox 1507 4570 1747 4630; x_wconf 86' lang='lat' dir='ltr'><strong>Amiato</strong></span> <span class='ocrx_word' id='word_1_323' title='bbox 1775 4568 1851 4628; x_wconf 91' lang='lat' dir='ltr'><strong>ab</strong></span> <span class='ocrx_word' id='word_1_324' title='bbox 1878 4566 2227 4627; x_wconf 76' lang='lat' dir='ltr'><strong>officialibus</strong></span> <span class='ocrx_word' id='word_1_325' title='bbox 2255 4569 2450 4626; x_wconf 88' lang='lat' dir='ltr'><strong>curiae</strong></span> <span class='ocrx_word' id='word_1_326' title='bbox 2476 4566 2734 4625; x_wconf 85' lang='lat' dir='ltr'><strong>indebite</strong></span> <span class='ocrx_word' id='word_1_327' title='bbox 2760 4566 3121 4626; x_wconf 88' lang='lat' dir='ltr'><strong>molestetur.</strong></span> <span class='ocrx_word' id='word_1_328' title='bbox 3371 4579 3488 4629; x_wconf 91' lang='grc'><strong>419</strong></span> 
     </span>
    </p>
   </div>
   <div class='ocr_carea' id='block_1_24' title="bbox 1317 4664 3491 4746">
    <p class='ocr_par' dir='ltr' id='par_1_24' title="bbox 1317 4664 3491 4746">
     <span class='ocr_line' id='line_1_49' title="bbox 1317 4664 3491 4746; baseline -0.001 -18"><span class='ocrx_word' id='word_1_329' title='bbox 1317 4710 1334 4728; x_wconf 91' lang='grc'><strong>.</strong></span> <span class='ocrx_word' id='word_1_330' title='bbox 1376 4712 1393 4730; x_wconf 90' lang='grc'><strong>.</strong></span> <span class='ocrx_word' id='word_1_331' title='bbox 1430 4700 1508 4713; x_wconf 92' lang='lat'>-</span> <span class='ocrx_word' id='word_1_332' title='bbox 1550 4667 1848 4746; x_wconf 81' lang='lat' dir='ltr'><strong>Magistris</strong></span> <span class='ocrx_word' id='word_1_333' title='bbox 1894 4665 2370 4744; x_wconf 86' lang='lat' dir='ltr'><strong>procuratoribus</strong></span> <span class='ocrx_word' id='word_1_334' title='bbox 2414 4667 2609 4726; x_wconf 88' lang='lat' dir='ltr'><strong>curiae</strong></span> <span class='ocrx_word' id='word_1_335' title='bbox 2658 4667 2720 4724; x_wconf 93' lang='lat' dir='ltr'><strong>in</strong></span> <span class='ocrx_word' id='word_1_336' title='bbox 2768 4664 2987 4741; x_wconf 86' lang='lat' dir='ltr'><strong>Apulia</strong></span> <span class='ocrx_word' id='word_1_337' title='bbox 3040 4664 3287 4725; x_wconf 88' lang='lat' dir='ltr'><strong>mandat</strong></span> <span class='ocrx_word' id='word_1_338' title='bbox 3328 4667 3491 4742; x_wconf 87' lang='lat' dir='ltr'><strong>quod</strong></span> 
     </span>
    </p>
   </div>
   <div class='ocr_carea' id='block_1_25' title="bbox 1513 4761 3490 4843">
    <p class='ocr_par' dir='ltr' id='par_1_25' title="bbox 1513 4761 3490 4843">
     <span class='ocr_line' id='line_1_50' title="bbox 1513 4761 3490 4843; baseline -0.001 -17"><span class='ocrx_word' id='word_1_339' title='bbox 1513 4763 1717 4826; x_wconf 86' lang='lat' dir='ltr'><strong>Casale</strong></span> <span class='ocrx_word' id='word_1_340' title='bbox 1741 4765 2004 4843; x_wconf 84' lang='lat' dir='ltr'><strong>Ruptum</strong></span> <span class='ocrx_word' id='word_1_341' title='bbox 2025 4770 2088 4824; x_wconf 90' lang='lat' dir='ltr'><strong>et</strong></span> <span class='ocrx_word' id='word_1_342' title='bbox 2111 4765 2499 4829; x_wconf 85' lang='lat' dir='ltr'><strong>tenimentum</strong></span> <span class='ocrx_word' id='word_1_343' title='bbox 2523 4762 2726 4822; x_wconf 88' lang='lat' dir='ltr'><strong>Sancti</strong></span> <span class='ocrx_word' id='word_1_344' title='bbox 2751 4761 3034 4822; x_wconf 90' lang='lat' dir='ltr'><strong>Matthaei</strong></span> <span class='ocrx_word' id='word_1_345' title='bbox 3056 4778 3208 4839; x_wconf 83' lang='lat' dir='ltr'><strong>quae</strong></span> <span class='ocrx_word' id='word_1_346' title='bbox 3224 4763 3490 4824; x_wconf 84' lang='lat' dir='ltr'><strong>Andreas</strong></span> 
     </span>
    </p>
   </div>
   <div class='ocr_carea' id='block_1_26' title="bbox 3378 670 3635 733">
    <p class='ocr_par' dir='ltr' id='par_1_26' title="bbox 3378 670 3635 733">
     <span class='ocr_line' id='line_1_51' title="bbox 3378 670 3635 733; baseline 0 0"><span class='ocrx_word' id='word_1_347' title='bbox 3378 670 3635 733; x_wconf 85' lang='lat'>963-</span> 
     </span>
    </p>
   </div>
  </div>
 </body>
</html>
