4525 6031
1048 647 1171 709 sao
1509 734 1510 737 Ν
1777 626 1780 627 ἢ
2094 644 2462 708 commin
2509 645 2809 721 Quanrr
3480 641 3645 721 [An.
3681 642 3863 704 1242.

1165 1215 1590 1321 ConraduS,
1630 1215 1706 1296 in
1748 1215 2268 1298 Romanorum
2306 1241 2564 1325 regem
2609 1216 2923 1321 electuS,
2963 1214 3279 1297 consilio
3314 1212 3641 1296 Heinrici
3667 1211 3870 1293 lant-

1057 1348 1293 1457 gravii
1349 1348 1851 1455 Thuringiae,
1909 1349 2423 1456 procuratoris
2471 1349 2585 1430 sui
2645 1376 2779 1457 per
2831 1348 3315 1432 Germaniam
3372 1358 3449 1429 et
3497 1346 3866 1449 aliorum,

1055 1481 1465 1590 quemdam
1514 1480 1865 1589 iniquum
1910 1480 2376 1563 detentorem
2420 1480 2774 1562 ecclesiae
2822 1481 2902 1561 in
2960 1480 3354 1590 Ellingen,
3412 1476 3872 1589 Eystetensis

1057 1612 1419 1695 dioecesis
1437 1675 1461 1715 ,
1499 1612 1597 1693 ab
1646 1611 2300 1696 administratione
2345 1612 2582 1721 ipsius
2632 1613 2988 1696 ecclesiae
3038 1624 3372 1715 amovet,
3407 1622 3481 1694 et
3523 1610 3872 1693 eamdem

1057 1744 1423 1827 fratribus
1449 1744 1846 1853 hospitalis
1875 1744 2194 1827 Sanctae
2221 1745 2501 1828 Mariae
2535 1745 2815 1829 domus
2853 1745 3495 1828 Theutonicorum
3531 1743 3611 1824 in
3649 1743 3873 1825 Jeru-

1058 1876 1325 1986 salem,
1351 1877 1631 1986 quibus
1668 1876 1854 1960 olim
1891 1878 2036 1961 sub
2070 1878 2509 1987 Hermanno
2545 1879 2640 1961 de
2678 1878 2897 1960 Salza
2935 1904 2982 1960 a
3015 1878 3397 1962 Friderico
3434 1877 3498 1959 II
3533 1877 3875 1984 impera-

1057 2020 1220 2093 tore
1265 2012 1547 2092 donata
1582 2020 1771 2118 erat,
1815 2010 2225 2120 adjudicat.

1178 2258 1192 2275 ι
1218 2223 1407 2301 (Edit.
1438 2226 1501 2282 in
1528 2220 1969 2304 Brundenburq.
2006 2220 2594 2303 Usurpatiomqescle„
2624 2225 2707 2283 im
2734 2222 3014 2301 Anhang,
3044 2223 3183 2283 urk.
3220 2198 3358 2292 105,
3388 2239 3522 2283 cum
3546 2221 3658 2281 hac
3683 2227 3825 2280 nota
3851 2235 3869 2281 t

1282 2330 1480 2409 primo
1525 2331 1773 2406 martii,·
1820 2332 2038 2389 rectius
2081 2347 2221 2390 vero
2281 2332 2343 2389 in
2393 2330 2649 2389 Menum.
2704 2329 2891 2404 Boio„
2939 2337 2988 2389 t.
3043 2329 3216 2390 XXX
3237 2372 3254 2402 ,
3301 2344 3439 2406 pars
3486 2328 3547 2404 1,
3598 2345 3658 2404 p.
3722 2335 3870 2397 283,

1293 2447 1358 2495 n·
1390 2444 1529 2513 769,
1560 2452 1637 2495 ex
1674 2435 1945 2512 originali
1975 2436 2136 2513 quod
2162 2436 2381 2513 duplex
2411 2442 2606 2496 exstat
2646 2455 2662 2495 ε
2702 2453 2889 2496 unum
2921 2453 3056 2495 cum
3083 2435 3278 2512 sigillo
3300 2438 3527 2511 integro
3553 2441 3613 2493 et
3639 2430 3752 2491 filis
3781 2448 3873 2490 se-

1293 2545 1429 2604 ricis
1454 2543 1597 2604 flavi
1631 2560 1702 2603 ac
1737 2543 1905 2604 rubri
1935 2543 2182 2620 coloris,
2215 2543 2472 2603 alterum
2502 2559 2639 2602 cum
2671 2544 2846 2621 sigilli
2881 2543 3216 2620 fragmento
3243 2558 3321 2601 ex
3355 2546 3660 2618 segmento
3686 2556 3875 2598 mem-

1291 2648 1627 2730 branaceo.)
3696 2656 3703 2667 ‘

1152 2832 1592 2934 Conr[adus]‚
1626 2836 1769 2908 divi
1794 2836 2066 2929 angusti
2094 2835 2530 2931 imperatoris
2562 2832 2945 2933 Fr[iderici]
2973 2834 3185 2925 filius,
3220 2835 3345 2906 Dei
3373 2833 3596 2926 gratia
3621 2833 3871 2905 Roma·

1054 2981 1304 3032 norum
1354 2961 1425 3031 in
1478 2982 1712 3054 regem
1757 2963 2045 3051 electus,
2097 2981 2374 3056 semper
2423 2970 2792 3053 augustus,
2850 2970 2922 3031 et
2971 2959 3175 3032 heres
3228 2958 3422 3050 regni
3462 2957 3869 3045 Jerusalem,

1053 3086 1394 3157 universis
1448 3086 1720 3181 imperii
1771 3084 2094 3157 fidelibus
2135 3086 2674 3181 imperpetuum.
2728 3087 2838 3155 Ex
2891 3095 3128 3155 tenore
3171 3082 3691 3178 privilegiorum
3734 3081 3876 3152 divi

1055 3209 1269 3302 patris
1320 3230 1403 3280 ac
1445 3209 1706 3280 domini
1745 3210 1963 3280 nostri
2010 3206 2397 3307 Fr[iderici]
2440 3208 2859 3281 serenissimi
2895 3209 3362 3279 Romanorum
3404 3205 3869 3300 imperatoriS,

1055 3353 1333 3425 semper
1364 3332 1672 3422 augusti,
1710 3332 1801 3403 ad
1846 3353 2054 3424 quem
2080 3335 2197 3425 jus
2239 3343 2311 3403 et
2350 3334 2736 3427 proprietas
2782 3331 3071 3403 ecclesie
3116 3332 3186 3400 in
3229 3330 3585 3420 Ellingen,
3634 3330 3874 3422 Eyste-

1057 3454 1271 3526 tensis
1294 3454 1644 3548 dyocesis,
1676 3445 2088 3549 pei-tinuisse
2117 3456 2496 3528 certissime
2532 3457 2973 3544 noscebatur,
3005 3455 3208 3527 nobis
3247 3453 3554 3531 constitit
3587 3452 3872 3523 eviden-

1057 3587 1162 3674 ter
1190 3578 1444 3649 dictam
1479 3579 1840 3649 ecclesiam
1881 3600 1974 3661 ex
2014 3577 2484 3651 munificentia
2523 3580 2737 3674 ipsius
2770 3579 3099 3672 magistro
3126 3581 3526 3649 Hermanno
3561 3576 3649 3647 de
3683 3576 3874 3647 Salza

1054 3702 1238 3774 bone
1292 3702 1624 3772 memorie
1683 3711 1754 3773 et
1808 3702 2044 3773 domui
2094 3725 2252 3794 sue,
2292 3691 2638 3775 'videlicet
2695 3703 3018 3797 hospitali
3072 3705 3323 3774 Sancte
3367 3700 3581 3772 Marie
3630 3700 3874 3770 domus

1055 3825 1475 3898 Theutonice
1509 3825 1582 3895 in
1619 3813 2033 3915 Jerusalem,
2090 3826 2466 3897 liberaliter
2511 3829 2721 3921 pleno
2758 3835 2829 3898 et
2870 3828 3139 3918 integro
3175 3830 3335 3918 jure
3365 3846 3514 3896 esse
3548 3825 3873 3896 donatam

1055 3950 1316 4044 pariter
1357 3961 1428 4021 et
1490 3950 1811 4021 collatam
1860 3946 1989 4045 (l).
2043 3950 2303 4021 Verum
2347 3971 2506 4021 cum
2562 4002 2581 4022 .
2645 4002 2663 4019 .
2727 4005 2743 4022 .
2793 3949 3114 4021 sacerdos
3164 3949 3392 4020 dictus
3441 3947 3870 4043 prepositus,

1054 4074 1178 4167 qui
1211 4074 1527 4145 eamdem
1577 4074 1858 4144 tenebat
1889 4074 2279 4165 ecclesiam,
2314 4073 2504 4145 omni
2524 4073 2664 4165 juri
2710 4095 2835 4145 suo
2870 4073 3314 4162 renuncians,
3349 4072 3568 4167 ipsam
3603 4072 3694 4143 ad
3728 4070 3876 4142 dies

1052 4196 1196 4268 vite
1229 4219 1352 4269 sue
1389 4197 1478 4268 de
1513 4218 1724 4267 manu
1770 4197 2016 4290 prefati
2059 4198 2370 4290 magistri
2415 4198 2696 4268 nomine
2727 4197 2977 4268 domus
3005 4197 3429 4269 Theutonice
3462 4195 3871 4289 recepisset,
3969 4278 3979 4286 ,

1056 4476 1218 4533 dralis
1259 4475 1573 4548 praepositi,
1615 4481 1730 4531 tum
1768 4475 1976 4532 liudolfi
2019 4476 2308 4550 praepositi
2350 4476 2418 4533 de
2455 4476 2652 4534 Sancto
2687 4476 2910 4534 Paulino
2955 4476 3289 4534 eiectionem.
3329 4478 3496 4550 Cujus
3533 4474 3743 4533 Rudolfl
3780 4489 3875 4532 rex

1054 4571 1330 4629 Couradus
1353 4577 1533 4644 partes
1559 4571 1856 4645 amplexus,
1880 4571 1980 4644 ipsi
2004 4572 2198 4644 regalia
2220 4573 2470 4644 contulit3
2500 4574 2597 4629 sed
2621 4579 2741 4647 post
2762 4573 2927 4631 breve
2951 4578 3225 4631 certamen
3239 4618 3253 4647 ,
3276 4578 3451 4631 morte
3473 4570 3764 4631 adversarii
3790 4571 3873 4628 sui

1053 4668 1484 4742 superveniente,
1509 4667 1639 4725 vicit
1663 4667 1932 4724 Arnoldus
1959 4674 2016 4725 et
2042 4668 2145 4724 fuit
2171 4684 2204 4725 a
2233 4684 2374 4743 papa
2403 4669 2770 4728 confirmatus.

1125 4765 1197 4836 (4)
1228 4764 1445 4833 δείὶίοεῑ
1463 4765 1608 4838 apud
1629 4764 1999 4838 Nuremberg,
2030 4767 2063 4819 8
2092 4765 2413 4840 septembris
2441 4770 2601 4824 4246.
2624 4767 2704 4825 Cf.
2733 4773 2775 4823 t.
2797 4768 2838 4838 1,
2863 4783 2920 4841 p.
2949 4768 3074 4824 680.
