4525 6031
984 657 1108 719 572
1984 662 2818 725 FRIDERICI‘SECUNDI
3438 660 3603 744 [An.
3638 661 3818 726 1247.

987 793 1074 864 tis
1109 792 1199 865 de
1243 793 1505 888 Capua,
1555 794 1933 889 imperialis
1973 797 2303 890 magister
2344 798 2769 870 camerarius
2803 794 3237 891 Principatus
3273 805 3345 867 et
3381 804 3564 867 terre
3594 795 3820 868 Bene·

981 926 1313 1008 ventane,
1333 919 1630 989 salutem
1663 927 1734 990 et
1764 919 2004 993 intime
2036 920 2431 995 dilectionis
2460 920 2964 994 affectum.Pro
2995 927 3193 1016 parte
3225 918 3491 992 domini
3520 939 3819 992 venera·

981 1039 1143 1113 bilis
1188 1040 1464 1113 abbatis
1513 1042 1842 1115 Cavensis
1890 1046 2292 1117 monasterii
2348 1046 2745 1141 expositum
2798 1042 3003 1116 nobis
3054 1052 3165 1115 est
3207 1042 3586 1138 imperialis
3626 1042 3820 1116 curie

983 1172 1316 1259 precepta
1347 1184 1486 1258 que
1513 1165 1965 1239 continebant
1995 1169 2187 1260 quod
2217 1189 2379 1240 cum
2421 1168 2569 1264 ipse
2606 1177 2677 1240 et
2720 1166 3251 1262 predecessores
3285 1165 3395 1237 sui
3426 1186 3468 1236 a
3507 1176 3819 1261 tempore

984 1285 1218 1359 obitus
1262 1287 1425 1359 dive
1472 1299 1763 1380 auguste
1813 1290 2095 1363 domine
2142 1292 2602 1386 imperatricis
2644 1290 3051 1363 Constancie
3105 1290 3347 1362 matris
3398 1288 3820 1361 serenissimi

985 1410 1252 1485 domini
1278 1411 1497 1484 nostri
1523 1412 1786 1484 Cesaris
1808 1426 1879 1485 et
1905 1415 1997 1486 ab
2024 1414 2189 1486 inde
2215 1436 2438 1508 usque
2465 1437 2651 1487 nunc
2675 1413 2935 1492 fuerint
2961 1413 3034 1484 in
3062 1410 3352 1509 pacifica
3381 1412 3819 1507 possessione

983 1556 1116 1631 pro
1150 1545 1348 1629 parte
1378 1535 1545 1608 dicti
1581 1537 1981 1608 monasterii
2011 1538 2482 1633 perceptionis
2521 1537 2951 1610 decimarum
2992 1545 3464 1631 proventuum
3506 1535 3818 1608 omnium

983 1659 1334 1755 plateatici
1370 1659 1757 1753 platearum
1786 1660 2089 1751 Salerni,
2126 1662 2258 1732 sibi
2297 1661 2683 1733 faceremus
2723 1659 2945 1732 dictas
2972 1658 3280 1732 decimas
3311 1657 3492 1730 sicut
3523 1676 3815 1729 consue·

885 1830 891 1836 -
986 1792 1136 1854 tum
1163 1792 1267 1855 est
1295 1804 1423 1876 pro
1450 1792 1647 1877 parte
1679 1783 1847 1855 dicti
1874 1783 2276 1855 monasterii
2308 1784 2415 1855 sui
2443 1783 2786 1855 exhiberi.
2823 1783 2968 1854 Nos
3007 1790 3244 1853 autem
3275 1790 3418 1851 tam
3458 1802 3655 1853 sacre
3687 1780 3818 1851 im-

986 1907 1233 2003 periali
1276 1905 1749 1979 constitutioni
1792 1928 2005 2001 super
2041 1906 2460 1979 exhibendis
2505 1906 2794 1980 decimis
2836 1906 3061 1978 edicte
3083 1902 3147 2002 (l
3165 1903 3194 2002 )
3243 1925 3456 1997 quam
3498 1903 3817 2000 petitioni

986 2030 1157 2103 dicti
1183 2028 1448 2102 domini
1477 2030 1748 2101 abbatis
1779 2030 2177 2102 satisfacere
2208 2030 2596 2124 cupienteS,
2637 2052 2952 2124 cum-per
2979 2028 3496 2123 inquisitionem
3540 2050 3665 2123 per
3689 2049 3816 2100 vos

985 2176 1197 2250 super
1220 2153 1571 2249 premissis
1589 2174 1750 2224 cum
1768 2153 2124 2246 diligentia
2142 2153 2534 2226 faciendam
2555 2153 2852 2225 velimus
2880 2152 3152 2248 plenius
3180 2151 3485 2241 edoceri,
3506 2151 3814 2245 pruden-

986 2279 1081 2351 tie
1104 2289 1334 2351 vestre
1364 2299 1459 2349 ex
1481 2276 1825 2371 imperiali
1849 2287 2049 2371 parte
2071 2297 2210 2369 qua
2235 2275 2591 2368 fungimur
2617 2276 3028 2348 auctoritate
3058 2276 3469 2348 mandamus
3490 2274 3817 2368 quatinus

986 2401 1506 2496 inquisitionem
1549 2422 1676 2496 per
1713 2401 1973 2496 probos
2013 2410 2085 2472 et
2121 2398 2366 2472 fideles
2402 2400 2589 2472 viros
2638 2398 2907 2471 Salerni
2942 2398 3198 2469 exinde
3231 2397 3546 2488 diligenti
3585 2397 3815 2471 studio

985 2526 1279 2598 faciatis.
1320 2524 1472 2609 Qua
1501 2525 1678 2597 facta
1715 2523 2144 2619 solempnius
2171 2533 2242 2595 et
2271 2522 2571 2594 fideliter
2602 2523 2782 2594 sicut
2813 2522 3046 2611 decet,
3083 2531 3226 2592 tam
3260 2520 3353 2592 ad
3384 2520 3573 2593 curie
3602 2541 3813 2614 quam

987 2649 1387 2723 monasterii
1412 2647 1791 2744 supradicti
1810 2648 2155 2718 cautelam
2183 2646 2326 2718 duo
2357 2646 2634 2740 puplica
2660 2646 3115 2716 instrumenta
3141 2665 3302 2715 cum
3329 2653 3569 2716 tenore
3591 2642 3817 2736 inqui·

987 2774 1255 2847 sitionis
1303 2772 1614 2868 predicte
1654 2768 1806 2840 fleri
1851 2771 2155 2859 faciatis,
2205 2791 2424 2839 unum
2467 2768 2667 2841 nobis
2713 2790 2840 2862 pro
2880 2777 3077 2862 parte
3119 2768 3312 2839 curie
3357 2766 3806 2855 tradendum,

988 2896 1182 2989 aliud
1210 2895 1526 2991 predicto
1558 2894 1793 2965 abbati
1827 2915 1954 2987 pro
1989 2893 2264 2964 cautela
2300 2892 2468 2964 dicti
2500 2892 2607 2962 sui
2630 2891 3033 2964 monasterii
3062 2890 3627 2984 relinquendum.
3672 2891 3811 2962 Da-

995 3032 1142 3094 tum
1175 3019 1469 3108 Salerni,
1512 3017 1757 3088 ultimo
1789 3015 2234 3110 septembris,
2274 3026 2472 3087 sexte
2504 3015 2922 3088 indictionis.
2947 3055 3050 3069 —
3078 3014 3345 3100 Quibus
3376 3014 3623 3086 litteris
3654 3034 3811 3109 pre·

986 3144 1274 3218 sentatis
1323 3151 1395 3213 et
1433 3163 1476 3213 a
1510 3161 1624 3213 me
1663 3140 1981 3234 predicto
2005 3139 2243 3232 judice
2288 3138 2561 3211 Matheo
2598 3139 2895 3234 receptis
2927 3149 3000 3211 et
3034 3139 3404 3230 diligenter
3440 3138 3805 3233 inspectiS,

987 3291 1120 3364 ego
1140 3266 1495 3364 predictus
1508 3264 1735 3358 judex
1758 3263 2078 3337 Matheus
2103 3263 2460 3335 associatis
2488 3262 2657 3334 mihi
2682 3263 2920 3357 judice
2946 3263 3260 3336 Iohanne
3282 3262 3813 3335 Castellomacca

988 3401 1062 3466 et
1103 3389 1418 3487 predicto
1471 3387 1741 3460 notario
1783 3385 2060 3460 Matheo
2105 3407 2318 3481 super
2359 3386 2686 3482 predictis
2724 3388 2931 3479 juxta
2978 3397 3292 3458 tenorem
3341 3384 3810 3481 predictarum

987 3515 1376 3588 litterarum
1423 3533 1550 3607 per
1589 3509 2013 3606 subscriptos
2055 3510 2313 3606 probos
2358 3519 2430 3582 et
2471 3508 2712 3583 fideles
2750 3510 2940 3582 viros
2984 3509 3252 3581 Salerni
3294 3508 3811 3603 inquisitionem

988 3636 1585 3733 diligentissimam
1615 3635 1777 3726 feci,
1814 3654 2112 3727 quorum
2147 3634 2332 3707 dicta
2365 3644 2437 3706 et
2465 3634 2942 3706 attestationes
2975 3644 3136 3706 sunt
3171 3633 3303 3705 hec
3336 3654 3354 3696 ε

1086 3759 1516 3858 (Sequuntur
1540 3758 2007 3854 depositiones
2030 3758 2308 3830 testium
2332 3758 2455 3852 qui
2477 3757 2836 3830 declarant
2861 3780 2904 3830 a
2931 3767 3242 3854 tempore
3262 3755 3446 3849 regis
3465 3754 3810 3829 Guilielmi

948 3884 1296 3960 ·decimas
1341 3883 1732 3980 platearum
1785 3881 2052 3954 Salerni
2097 3902 2142 3953 a
2189 3881 2440 3973 bajulis
2489 3880 2758 3952 Salerni
2806 3881 2928 3974 qui
2975 3902 3105 3976 pro
3159 3889 3472 3976 tempore
3528 3879 3811 3951 fuerunt

984 4008 1274 4082 abbates
1304 4006 1647 4081 Cavenses
1674 4005 2017 4101 recepisse
2037 4000 2172 4101 (2).

1059 4317 1133 4391 (ι)
1166 4293 1250 4375 cf.
1274 4330 1463 4391 supra,
1492 4332 1552 4390 p.
1579 4317 1714 4386 ssa,
1740 4314 1995 4373 alluditur
2012 4309 2379 4371 manationi
2403 4308 2468 4366 aa
2495 4307 2725 4365 docimi,
2752 4307 2807 4364 in
2823 4306 2965 4366 libro
2993 4307 3036 4378 1,
3063 4306 3146 4365 tit.
3177 4306 3273 4365 vn
3295 4306 3548 4364 insonae.

1059 4415 1137 4486 (²)
1171 4413 1251 4472 Cf.
1276 4413 1691 4472 instrumentum
1716 4413 1790 4468 25
1812 4409 2043 4484 januarii
2070 4411 2234 4480 ⁴2³5,
2264 4414 2305 4464 t.
2335 4406 2427 4478 tv,
2451 4422 2510 4480 p.
2531 4406 2657 4464 520.
3346 4398 3362 4410 ⁹
