4525 6031
1627 676 1876 736 lmnssx
1926 677 2628 740 DOCUMENTORUM.
3417 684 3540 746 987

720 877 947 954 1249

699 1015 774 1067 29
809 1011 968 1068 maii.
1070 1002 1372 1081 Lugduni.
1470 1036 1552 1051 -
1592 1005 1851 1067 Hearico
1885 1008 2201 1086 Frajapani
2238 1010 2443 1085 palatii
2482 1009 2889 1070 Lateranensis
2924 1011 3124 1070 comiti
3148 1013 3543 1089 principatum

1553 1102 1793 1165 Tarenti
1818 1122 1953 1165 cum
1984 1112 2143 1166 terra
2168 1107 2399 1167 Idronti
2420 1151 2437 1180 ,
2459 1124 2637 1180 quem
2664 1108 3009 1168 Constantia
3032 1110 3334 1184 quondam
3361 1112 3548 1187 impe-

1552 1205 1738 1263 ratrix
1766 1204 2060 1264 avunculo
2086 1208 2214 1282 ejus
2240 1205 2476 1266 Oddoni
2506 1211 2873 1266 concesserat
2902 1211 2963 1266 et
2981 1212 3185 1282 postea
3211 1208 3544 1270 Fridericus

1551 1300 1902 1373 abstulerat,
1935 1301 2010 1361 de
2037 1303 2227 1378 gratia
2249 1303 2488 1378 speciali
2517 1306 2795 1362 restituit.
3425 1317 3456 1366 7
3465 1314 3543 1367 34

717 1405 750 1456 4
773 1397 951 1473 junii.
1069 1389 1369 1469 Lugduni.
1475 1428 1552 1441 —
1593 1397 1848 1456 Henrloo
1889 1399 2207 1475 Frajapani
2244 1399 2473 1459 fructus
2500 1406 2561 1459 et
2600 1400 2865 1460 redditus
2886 1400 3190 1478 judicatus
3212 1402 3538 1479 Arboreae,

1549 1500 1797 1570 excepto
1833 1512 2016 1555 censu
2056 1497 2358 1557 Romanae
2398 1498 2694 1558 Ecclesiae
2734 1498 2966 1572 debito,
3008 1500 3296 1576 quamdiu
3326 1504 3543 1563 vixerIt

726 1570 948 1647 1250
1551 1593 1956 1668 percipiendos
1982 1596 2275 1654 concedit.
3422 1609 3541 1661 736

698 1678 968 1776 m
1069 1692 1372 1771 Lugduni.
1475 1720 1552 1732 —
1596 1690 2064 1751 Erfordienslbus
2105 1692 2437 1769 gratulatur
2476 1692 2639 1768 quod
2667 1693 2968 1753 Romanae
3000 1692 3294 1755 Ecclesiae
3329 1699 3537 1757 incon·

1549 1805 1720 1850 cusse
1771 1790 2173 1864 adhaeserint,
2229 1791 2559 1850 assistendo
2602 1791 3034 1869 archiepiscopo
3079 1795 3431 1871 Moguntino
3481 1803 3542 1856 et

1548 1890 1867 1946 successori
1894 1890 2022 1963 ejus
2049 1889 2111 1946 in
2137 1890 2372 1964 negotio
2400 1889 2694 1947 Ecclesiae
2722 1896 3102 1949 memoratae.
3219 1900 3316 1961 57,
3341 1898 3468 1953 not.
3507 1902 3530 1953 1

715 1995 749 2046 8
773 1990 948 2062 junii.
1065 1981 1362 2063 Lugduni.
1473 2015 1550 2028 —
1588 1984 1900 2044 Communi
1938 1985 2236 2044 Tolentini
2285 2001 2389 2059 pro
2428 1985 2645 2044 devota
2671 2002 2875 2045 eorum
2901 2002 3039 2063 erga
3059 1987 3260 2047 sedem
3290 1995 3536 2064 aposto-

1547 2079 1721 2140 licam
1747 2080 1900 2155 fide,
1940 2088 2200 2140 castrum
2236 2081 2429 2140 Petini
2456 2087 2516 2140 et
2541 2083 2656 2140 alia
2676 2083 2815 2156 jura
2842 2081 2919 2141 ad
2941 2085 3242 2143 civitatem
3274 2084 3534 2146 Tolenti-

1549 2192 1698 2236 num
1725 2179 2077 2252 pertinentia
2106 2178 2323 2252 quibus
2352 2195 2389 2238 a
2415 2177 2712 2238 Friderico
2739 2178 2974 2256 spoliati
3002 2179 3265 2253 fuerant,
3301 2182 3376 2241 de
3404 2199 3539 2259 gra-

1546 2278 1631 2335 tia
1647 2276 1882 2352 speciali
1909 2277 2187 2336 restituit.
3417 2287 3450 2338 7
3459 2288 3532 2340 75

1495 2659 1845 2733 Conradus
1878 2657 1942 2755 (Ι
1948 2659 2028 2755 V)
2059 2660 2134 2728 in
2159 2661 2614 2730 Romanorum
2644 2679 2870 2750 reqem
2897 2657 3138 2731 electus
3174 2670 3237 2731 et
3267 2661 3497 2733 haeres

721 2811 935 2888 12⁴ss
2086 2775 2283 2867 requi
2312 2773 2857 2868 Jerosolymitani
2887 2799 2909 2844 .·

694 2958 755 3010 ιι
810 2958 960 3029 sept.
1032 2948 1212 3028 Apud
1236 2950 1396 3010 Hali.
1461 2982 1542 2993 —
1575 2949 1726 3010 Duci
1755 2951 1828 3010 de
1857 2950 2143 3029 Limburg
2171 2950 2418 3010 mandat
2453 2950 2613 3027 quod
2639 2952 2690 3010 si
2727 2949 3092 3010 Coloniensis
3134 2950 3358 3010 electus
3389 2967 3528 3011 cas-

1538 3054 1697 3107 trum
1736 3048 1896 3124 apud
1935 3048 2236 3121 Remagen
2290 3046 2596 3106 aediticare
2653 3047 2939 3118 voluerit,
2980 3046 3132 3106 illud
3177 3052 3301 3107 toto
3356 3064 3529 3124 posse

691 3248 759 3299 15
807 3249 958 3318 sept.
1030 3241 1210 3320 Apud
1235 3246 1394 3307 Hali.
1458 3147 1902 3319 -ὴὲἷίἒῖἰῖίο
1928 3242 2001 3301 de
2029 3242 2399 3302 Hamerstein
2417 3284 2436 3313 ,
2468 3241 2945 3301 ministerialibus
2972 3249 3032 3301 et
3065 3244 3296 3319 imperii
3330 3154 3521 3302 ssdziiz

1538 3339 1651 3400 bus
1691 3340 1937 3399 mandat
1980 3339 2140 3415 quod
2186 3340 2265 3399 ad
2317 3341 2756 3415 requisitionem
2795 3338 3040 3399 Gerardi
3089 3340 3164 3400 de
3208 3339 3432 3418 Sintzig
3458 3343 3522 3402 in

1536 3439 1777 3497 comites
1814 3437 1890 3496 de
1924 3437 2153 3497 Nassau
2183 3444 2242 3497 et
2269 3437 2342 3497 de
2369 3437 2656 3514 Isenburg
2693 3436 2957 3513 aliosque
2985 3439 3215 3514 imperii
3251 3439 3522 3498 inimIcos

1536 3538 1866 3612 insurgant.
3401 3547 3532 3610 818,

683 3631 761 3685 28
801 3634 949 3704 sept.
1123 3632 1300 3708 Apud
1455 3667 1536 3678 —
1575 3632 1880 3693 Universis
1907 3631 2261 3692 officialibus
2299 3639 2359 3692 et
2393 3632 2624 3692 civibus
2652 3634 2881 3709 imperii
2908 3633 3155 3692 mandat
3181 3638 3247 3693 ut
3272 3649 3521 3711 genera-

665 3716 672 3722 ’
1015 3727 1392 3809 Uberlingen.
1535 3732 1650 3791 lem
1698 3730 2131 3790 ordinationem
2158 3746 2195 3789 a
2224 3736 2391 3806 patre
2421 3747 2527 3789 suo
2557 3732 2619 3788 in
2643 3732 2806 3790 curia
2832 3731 3272 3806 Moguntinensi
3300 3730 3518 3790 factam

1533 3832 1690 3890 circa
1716 3831 2019 3888 ecclesiam
2042 3828 2115 3886 de
2141 3829 2335 3889 Salem
2364 3828 2668 3887 observari
2696 3828 2948 3898 faciant,
2980 3834 3093 3886 etc.
3398 3837 3514 3889 818

695 3917 936 3979 octobri.
1122 3925 1298 4001 Apud
1454 3960 1537 3971 —-
1574 3926 1914 3986 Tractatum
1954 3941 2133 4000 quem
2171 3925 2546 3983 Eberhardus
2582 3923 2765 3983 abbas
2800 3925 2874 3983 de
2902 3925 3097 3983 Salem
3126 3930 3184 3983 et
3208 3926 3338 4000 ejus
3367 3941 3513 3983 con-

1012 4020 1392 4100 Uberlingen.
1535 4028 1746 4082 ventus
1779 4037 1916 4081 cum
1951 4002 2220 4081 Conrado
2255 4021 2329 4080 de
2352 4020 2528 4079 Ulma
2556 4023 2784 4080 notario
2811 4027 2871 4080 et
2896 4021 3169 4080 Heinrico
3187 4019 3364 4079 fratre
3386 4023 3515 4096 ejus

1533 4135 1707 4194 super
1734 4118 1994 4195 quadam
2020 4117 2197 4176 domo
2224 4120 2288 4175 in
2323 4116 2499 4176 Ulma
2528 4116 2889 4194 habuerunt,
2918 4115 3247 4176 confirmat.
3394 4126 3511 4176 820

702 4192 766 4267 ii
805 4216 924 4268 oct.
1115 4215 1294 4292 Apud
1453 4248 1534 4259 —
1571 4215 1877 4275 Advocato
1915 4221 1975 4274 et
2015 4213 2246 4273 civibus
2275 4213 2695 4273 Turicensibus
2728 4213 2972 4272 mandat
2996 4212 3158 4289 quod
3184 4212 3377 4272 nullos
3405 4212 3510 4272 de-

1021 4310 1365 4373 Schafusen.
1528 4314 1725 4372 uarios
1765 4315 1829 4370 in
1870 4311 2299 4387 prae-‚iudicium
2345 4315 2620 4370 monetae
2664 4310 2993 4369 abbatissae
3019 4309 3355 4369 Turicensis
3383 4309 3510 4369 dari

1529 4411 1891 4485 permittant.
3391 4413 3503 4465 821

691 4498 936 4558 octobri·
1112 4505 1292 4582 Apud
1450 4539 1530 4550 —
1570 4506 1898 4565 Libertates
1941 4506 2299 4563 monasterio
2346 4502 2691 4561 monialium
2732 4501 2891 4577 apud
2919 4500 3136 4560 Baindt
3171 4517 3206 4560 a
3239 4499 3508 4560 Conrado

1069 4604 1320 4664 Biunde.
1526 4606 1801 4680 pincerna
1837 4603 1909 4661 de
1932 4602 2389 4661 Winterstetten
2417 4599 2681 4677 ejusdem
2708 4599 3019 4659 fundatore
3041 4614 3345 4658 concessas
3366 4615 3505 4658 con-

1525 4702 1756 4773 firmat,
1801 4701 2076 4777 idemque
2120 4706 2182 4758 et
2221 4698 2461 4776 praedia
2500 4700 2629 4775 ejus
2671 4698 2748 4758 ab
2787 4699 2951 4756 omui
2986 4699 3122 4772 jure
3165 4695 3506 4756 advocatiae

1523 4800 1757 4858 eximit.
3388 4801 3502 4852 822
