4525 6031
603 2508 831 2566 vae-nu,

954 632 1078 694 666
1915 631 1921 638 ’
1954 638 2382 704 ΡΒῙΒΕΜΟῙ
2431 640 2777 706 ΕΕΕῙΙΝῸΙ
3388 645 3553 732 [Anu.
3588 647 3764 712 1248.

954 777 1025 840 et
1048 769 1369 842 stabilem
1392 767 1817 865 firmitatem,
1835 796 2125 870 presens
2156 776 2490 873 scriptum
2525 799 2656 872 per
2683 777 3044 850 Nicolaum
3078 779 3167 852 de
3199 779 3426 853 Rooca
3444 779 3545 878 (a)
3572 791 3769 853 nota-

951 891 1133 965 rium
1166 903 1237 966 et
1263 892 1543 967 fidelem
1576 907 1889 970 nostrum
1916 900 2125 972 scribi
2163 910 2236 973 et
2275 901 2500 994 sigillo
2540 902 2917 994 majestatis
2942 913 3177 976 nostre
3209 905 3541 999 jussimus
3576 926 3766 979 com·

953 1036 1233 1088 mumri.

1046 1141 1299 1213 Datum
1328 1142 1659 1217 Vercellis
1683 1166 1813 1240 per
1837 1167 2084 1219 manus
2111 1149 2419 1241 magistri
2446 1149 2631 1222 Petri
2660 1148 2751 1222 de
2778 1150 2991 1224 Vinea
3018 1150 3393 1246 imperialis
3417 1152 3576 1225 aule
3605 1174 3765 1249 pro·

951 1265 1274 1336 tonotarii
1309 1276 1379 1339 et
1421 1269 1620 1358 regni
1669 1269 1898 1343 Sicilie
1943 1271 2331 1364 logotheta,
2378 1294 2565 1346 anno
2613 1272 2957 1346 dominice
3011 1273 3503 1347 incarnationis
3546 1277 3771 1348 mille-

948 1387 1125 1461 simo
1153 1388 1627 1465 ducentesimo
1656 1395 2186 1489 quadragesimo
2216 1406 2494 1489 octavo,
2521 1419 2762 1470 mense
2789 1398 3213 1490 novembris,
3237 1400 3528 1496 septime
3556 1400 3770 1473 indic·

951 1512 1181 1586 tionis.

1045 1636 1471 1711 Collationne
1521 1661 1650 1735 par
1698 1661 1877 1714 nous
1926 1664 2245 1740 escuyer,
2291 1644 2658 1719 conseiller
2704 1644 3073 1717 secretaire
3124 1645 3221 1718 du
3266 1668 3422 1743 roy,
3457 1648 3761 1739 maison,

891 1737 900 1748 ⁸
948 1780 1304 1834 couronne
1332 1763 1421 1835 de
1453 1765 1738 1856 Franco,
1772 1768 2049 1858 greffier
2079 1789 2169 1841 en
2201 1769 2368 1841 chef
2391 1790 2483 1843 en
2515 1771 2582 1842 la
2613 1768 2940 1841 chambre
2969 1769 3095 1842 des
3118 1771 3438 1866 Comptes
3464 1772 3554 1845 de
3587 1774 3767 1845 Dau-

948 1886 1188 1984 phine.
1222 1927 1323 1944 --
1352 1888 1697 1983 Marjolet.

1051 2493 1518 2604 Fridericus‚
1579 2495 2098 2580 Romanorum
2152 2497 2603 2607 imperator,
2663 2499 3081 2583 camerario
3146 2498 3513 2607 Guigonis
3572 2498 3768 2580 Dal-

947 2627 1163 2737 phini
1214 2628 1658 2712 Viennensis
1703 2629 1805 2713 ob
1858 2631 2334 2714 devotionem
2384 2631 2549 2740 ejus
2599 2641 2671 2715 et
2725 2642 2944 2740 grata
3001 2632 3301 2716 servitia
3357 2633 3452 2714 de
3508 2656 3765 2714 annuo

947 2759 1178 2845 feudo
1247 2761 1685 2873 quindecim
1739 2763 2139 2846 unciarum
2198 2764 2366 2845 auri
2418 2763 3072 2872 percipiendarum
3127 2765 3223 2846 de
3274 2789 3575 2846 camera
3624 2789 3764 2846 sua

949 2893 1274 3006 singulis
1309 2895 1532 2977 annis
1567 2895 1647 2978 in
1686 2894 1878 2979 festo
1914 2896 2506 2979 Resurrectionis
2541 2895 2980 2980 Dominicae
3023 2898 3410 3010 providet.-

1111 3138 1364 3216 (Inedlt.
1381 3154 1479 3215 ap.
1504 3137 1735 3201 collect.
1756 3138 2183 3216 Fontanleu,tn
2197 3138 2353 3200 Blbl.
2379 3140 2577 3202 cesar.
2593 3138 2811 3219 Parim,
2835 3139 3084 3201 Pratum
3104 3136 3175 3200 de
3199 3135 3379 3203 rtem.
3407 3136 3478 3200 de
3499 3135 3760 3221 Daupla„

1184 3249 1229 3306 t.
1259 3244 1344 3323 11,
1372 3259 1511 3322 pars
1537 3260 1681 3317 sec„
1709 3242 1817 3307 fol.
1851 3253 2068 3324 385-6,
2097 3248 2285 3308 caisse
2310 3244 2385 3306 de
2409 3243 2771 3325 Dauphine.)

1042 3458 1477 3548 Fredericus,
1513 3458 1638 3530 Dei
1663 3458 1887 3550 gratia
1915 3460 2387 3531 Romanorum
2419 3459 2797 3554 imperator
2814 3479 3088 3555 semper
3110 3457 3763 3550 augustus,1erusa-

943 3587 1081 3659 lem
1127 3593 1197 3656 et
1241 3583 1468 3656 Sicilie
1507 3606 1662 3656 rex.
1704 3584 1835 3657 Per
1885 3583 2018 3656 hoc
2075 3605 2360 3678 presens
2406 3584 2740 3679 scriptum
2790 3591 3031 3653 notum
3086 3583 3374 3654 facimus
3423 3582 3764 3654 universis

941 3708 1213 3805 imperii
1268 3707 1590 3781 fidelibus
1648 3716 1791 3779 tam
1857 3707 2292 3801 presentibus
2342 3727 2553 3803 quam
2605 3705 2853 3779 futuris
2901 3705 3091 3799 quod
3145 3727 3272 3777 nos
3324 3706 3764 3778 attendentes

941 3831 1334 3907 devotionis
1382 3840 1454 3903 et
1503 3828 1667 3902 fidei
1718 3830 1945 3901 zelum
1999 3851 2210 3925 quem
2256 3828 2677 3901 camerarius
2725 3828 3046 3923 Dalphini
3072 3827 3479 3900 Viennensis
3530 3827 3762 3899 dilecti

939 3955 1438 4048 consanguinei
1470 3964 1540 4026 et
1564 3952 1789 4026 fidelis
1818 3953 2036 4026 nostri
2061 3953 2274 4024 habet
2309 3974 2472 4044 erga
2504 3952 2881 4043 majestatis
2910 3961 3144 4024 nostre
3173 3972 3564 4046 personam;
3594 3972 3764 4022 con·

939 4083 1325 4156 siderantes
1349 4101 1629 4174 quoque
1655 4088 1851 4172 grata
1883 4078 2165 4151 servitia
2192 4098 2332 4170 que
2363 4076 2549 4148 idem
2578 4075 2996 4147 camerarius
3027 4074 3307 4145 culmini
3337 4083 3573 4145 nostro
3600 4072 3767 4144 fide-

939 4208 1097 4280 liter
1132 4205 1453 4279 exhibuit
1488 4203 1854 4292 hactenuS,
1892 4202 2181 4274 exhibet
2210 4201 2282 4270 in
2318 4199 2621 4294 presenti
2659 4209 2730 4270 et
2770 4197 3103 4269 exhibere
3146 4197 3399 4291 poterit
3441 4198 3513 4266 in
3556 4207 3763 4268 antea

937 4331 1276 4425 gratiora,
1315 4329 1403 4401 de
1443 4348 1676 4400 annuo
1726 4325 1936 4397 feudo
1985 4323 2386 4418 quindecim
2438 4321 2796 4393 unciarum
2839 4322 2991 4391 auri
3032 4319 3630 4414 percipiendarum
3672 4320 3763 4392 de

938 4475 1217 4532 camera
1243 4463 1481 4527 nostra
1512 4449 1802 4541 singulis
1840 4449 2042 4520 annis
2076 4448 2149 4520 in
2189 4448 2369 4519 festo
2400 4445 2944 4519 Resurrectionis
2974 4444 3333 4518 Dominice
3365 4444 3494 4517 sibi
3522 4444 3594 4515 in
3622 4442 3763 4516 fide

940 4590 1013 4656 et
1051 4579 1425 4654 devotione
1471 4584 1709 4648 nostra
1749 4571 2147 4668 persistenti
2188 4570 2279 4644 de
2325 4569 2546 4664 gratia
2582 4576 2819 4642 nostra
2854 4566 3185 4641 duximus
3216 4565 3751 4664 providendum.

1023 4754 1111 4838 (a)
1152 4754 1227 4817 Iu
1252 4754 1452 4817 codiee
1477 4750 1547 4813 ae
1573 4751 1751 4820 nota,
1786 4748 1965 4813 mne.
