4525 6031
1025 613 1146 673 672
2036 617 2463 680 anmucl
2515 617 2862 679 SECUNDl
3461 616 3622 700 [Ans.
3661 616 3837 679 1248.

1023 759 1258 823 nostre
1287 752 1729 846 persistentes
1759 776 1971 849 super
2004 754 2356 850 premissis
2382 763 2624 825 contra
2656 751 2998 848 presentis
3024 750 3367 846 privilegii
3397 752 3616 823 nostri
3646 762 3841 824 teno-

1023 896 1170 945 rem
1220 885 1479 947 temere
1530 876 1866 972 impedire
1908 899 2029 950 sen
2079 880 2450 952 molestare
2499 887 2878 973 presumat.
2927 875 3130 961 Quod
3177 875 3297 970 qui
3349 879 3847 971 presumpserit

1022 1009 1259 1093 preter
1286 999 1832 1092 indignationem
1859 1003 2076 1075 nostri
2106 1002 2427 1074 culminis
2459 1023 2670 1095 quam
2688 1001 3021 1091 incurret,
3043 1000 3172 1071 tria
3201 1000 3387 1071 milia
3404 1000 3841 1072 marcharum

1022 1123 1289 1214 argenti
1314 1145 1444 1219 pro
1475 1146 1653 1219 pena
1675 1147 1750 1198 se
1769 1127 2313 1222 compositurum
2334 1136 2689 1219 agnoscat,
2704 1125 3075 1198 medietate
3098 1125 3401 1220 ipsarum
3421 1123 3587 1197 fisco
3610 1134 3845 1198 nostro

1024 1249 1392 1342 etreliqua
1421 1249 1791 1321 medietate
1819 1251 2038 1344 passis
2065 1251 2388 1341 injuriam
2419 1250 2857 1346 applicanda.
2899 1249 3009 1322 Ad
3053 1247 3264 1342 hujus
3288 1260 3523 1323 autem
3554 1271 3842 1322 conces·

1026 1371 1236 1443 sionis
1273 1384 1347 1444 et
1373 1374 1593 1464 gratie
1629 1385 1860 1445 nostre
1896 1375 2298 1446 memoriam
2331 1396 2414 1445 ac
2450 1371 2715 1471 [robur]
2751 1383 3087 1469 perpetuo
3118 1374 3519 1465 valiturum,
3561 1395 3845 1469 presens

1022 1496 1457 1589 privilegium
1490 1520 1612 1592 per
1644 1520 1892 1570 manus
1925 1499 2183 1571 Nicolai
2230 1498 2320 1570 de
2353 1498 2589 1571 Rocha
2631 1498 2878 1570 notarii
2915 1507 2987 1569 et
3021 1495 3249 1571 fidelis
3286 1499 3506 1570 nostri
3536 1499 3742 1570 scribi
3774 1510 3847 1570 et

1023 1620 1250 1712 sigillo
1277 1623 1655 1714 majestatis
1689 1632 1923 1695 nostre
1944 1623 2279 1715 jussimus
2306 1625 2741 1695 communiri.

1123 1743 1341 1836 Hujus
1375 1745 1474 1815 rei
1508 1754 1718 1816 testes
1749 1754 1912 1816 sunt
1934 1747 2337 1818 Manfredus
2367 1747 2675 1820 marchio
2703 1749 2971 1819 Lancea
2998 1745 3294 1817 dilectus
3323 1745 3549 1816 affinis
3577 1754 3840 1835 noster,

1023 1867 1265 1939 Petrus
1288 1867 1377 1940 de
1410 1868 1722 1941 Calabria
1752 1868 2196 1942 mariscalcus
2225 1882 2488 1961 noster,
2525 1871 2855 1963 magister
2881 1870 3255 1942 Riccardus
3290 1869 3380 1942 de
3411 1870 3846 1961 Montenigro

1022 2012 1273 2083 magne
1304 1992 1495 2065 curie
1521 2001 1755 2064 nostre
1791 1993 2119 2084 magister
2136 1993 2587 2086 justiciariuS,
2625 1996 2955 2087 magister
2984 1995 3372 2066 Gualterius
3399 1994 3489 2066 de
3520 1995 3698 2066 Ocra
3724 2015 3846 2066 ve·

1023 2116 1348 2188 nerabilis
1372 2117 1739 2210 Capuanus
1766 2118 2055 2207 electus,
2090 2116 2325 2190 dilecti
2354 2119 2726 2192 familiares
2748 2130 2820 2191 et
2838 2116 3080 2192 fideles
3094 2119 3341 2208 nostri,
3358 2130 3431 2190 et
3450 2118 3568 2191 alii
3592 2139 3839 2214 quam·

1021 2243 1284 2337 plures.

1117 2365 1291 2437 Acta
1319 2374 1483 2436 sunt
1508 2362 1639 2436 bec
1662 2384 1849 2436 anno
1877 2362 2223 2436 dominIce
2250 2365 2746 2438 incarnationis
2772 2365 3140 2438 millesimo
3173 2365 3651 2439 ducentesimo
3677 2387 3845 2459 qua·

1020 2488 1413 2582 dragesimo
1465 2499 1760 2579 octav0,
1831 2509 2071 2561 mense
2131 2489 2557 2582 decembris,
2610 2491 2902 2585 septime
2953 2490 3384 2580 indictioniS,
3454 2490 3840 2586 imperante

1017 2614 1303 2687 domino
1374 2625 1612 2687 nostro
1685 2614 1735 2686 F
1736 2614 2015 2686 ederico
2089 2614 2213 2686 Dei
2279 2614 2503 2708 gratia
2570 2616 3035 2689 Romanorum
3103 2615 3518 2711 imperatore
3568 2637 3843 2713 semper
3901 2685 3910 2692 .

1017 2749 1355 2832 augusto,
1407 2739 1781 2811 Ierusalem
1823 2747 1895 2809 et
1948 2738 2178 2810 Sicilie
2234 2761 2435 2832 rege,
2481 2740 2751 2834 imperii
2789 2742 2940 2834 ejus
2970 2761 3156 2812 anno
3186 2740 3521 2832 vigesimo
3552 2750 3836 2832 octav0,

1018 2863 1215 2956 regni
1244 2863 1619 2935 Ierusalem
1649 2863 1986 2955 vigesimo
2025 2863 2255 2954 tertio,
2290 2863 2486 2957 regni
2517 2886 2690 2937 vero
2721 2863 2949 2937 Sicilie
2982 2864 3584 2958 quinquagesimo.

1114 2990 1366 3061 Datum
1396 2986 1752 3080 VercelliS,
1785 2983 2056 3086 [ίιιπιο]Ἴ
2086 3009 2351 3075 mense,
2380 2988 2757 3064 indictione
2791 2989 3212 3087 prescriptis,
3246 2989 3561 3063 feliciter.
3585 2989 3833 3064 Amen.

1471 3294 1595 3307 ..ι-ρο·
1616 3292 3405 3308 ΛμωῊ-αΜ-Ἥ-ο-

644 3570 927 3625 [mmm-1
1124 3538 1587 3650 Fridericus,
1635 3540 2157 3628 Romanorum
2201 3545 2651 3656 imperator,
2716 3548 3034 3630 mandat
3080 3547 3402 3634 Henrico
3460 3552 3620 3662 regi
3681 3550 3842 3633 filio

1021 3702 1162 3764 suo
1210 3689 1300 3763 ut
1346 3703 1501 3761 non
1566 3677 1915 3760 turbetur
1965 3692 2273 3790 propter
2327 3680 2891 3763 concessionem
2927 3680 3369 3765 Lunesanae
3420 3693 3495 3765 et
3549 3682 3836 3766 Garsa-

1020 3838 1319 3925 gnanae
1379 3838 1617 3923 quam
1676 3806 1971 3893 Pisanis
2040 3823 2116 3895 et
2165 3811 2491 3896 Lucanis
2556 3814 2717 3921 ipse
2792 3812 3003 3918 fecit,
3048 3816 3488 3900 necessitate
3536 3815 3840 3925 publica

1019 3947 1412 4032 suadente.

1179 4172 1372 4258 (mit.
1400 4176 1463 4238 ln
1491 4174 1660 4237 Petri
1681 4172 1752 4236 de
1788 4172 1918 4237 Vin.
1950 4177 2147 4256 epm„
2178 4174 2283 4237 llb.
2317 4176 2424 4256 Vl,
2444 4192 2578 4254 cap.
2611 4175 2811 4251 xlm,
2839 4176 2978 4237 coll.
3009 4192 3147 4238 enm
3172 4178 3420 4241 codlclb.
3451 4176 3606 4240 Bibl.
3637 4179 3830 4241 Cesar.

1255 4280 1672 4364 Pm'ia.,sonds
1694 4282 2098 4361 Nom-Dama,
2128 4290 2196 4344 n·
2223 4289 2363 4356 202,
2394 4280 2642 4362 etsuuds
2668 4282 3147 4346 Saena-Germia
3173 4282 3423 4365 Har-lay,
3453 4299 3520 4348 n·
3548 4286 3715 4366 455.)

1112 4484 1528 4575 Fridericus,
1569 4494 1737 4574 etc.,
1765 4485 2062 4556 Henrico
2087 4482 2229 4556 filio
2261 4504 2416 4575 suo,
2445 4493 2580 4556 etc.
2604 4484 2942 4556 Noticiam
2972 4494 3161 4557 tuam
3193 4486 3592 4557 nullatenus
3626 4487 3839 4558 latere

1014 4612 1339 4685 volumus
1375 4608 1565 4702 quod
1600 4609 1924 4700 exigente
1953 4608 2403 4700 negociorum
2436 4617 2506 4678 et
2535 4617 2924 4702 temporum
2961 4619 3406 4703 tempestate,
3433 4631 3571 4702 que
3606 4619 3837 4682 nostre

1017 4733 1445 4809 liberalitatis
1494 4732 1809 4806 ordinem
1858 4732 1930 4804 in
1976 4731 2329 4826 plerisque
2373 4741 2807 4826 permutant,
2848 4731 3146 4804 utilitate
3200 4732 3650 4805 nihilominus
3695 4755 3838 4827 quo
