4525 6031
1053 838 1282 916 1245

1076 1261 1266 1337 junio.

1048 1656 1121 1709 18
1131 1649 1308 1728 junii.

1082 2036 1255 2115 julio.

1082 2515 1253 2594 julio.

1407 1257 1695 1321 Veronae.

1407 1642 1698 1706 Veronae.

1408 2028 1696 2091 Veronae.

1407 2509 1692 2575 Veronae.

1404 2903 1695 2967 Veronae.

1405 3190 1693 3265 Veronae,

1236 3626 1251 3642 .
1277 3611 1284 3618 ·
1407 3580 1693 3645 Veronae.

1416 4246 1684 4314 Taurini.

1963 642 2218 704 INDEX
2267 643 2969 707 nocuMEN'roRuu.

1890 973 1999 1031 tim
2027 974 2088 1032 in
2121 972 2395 1036 kalendis
2428 977 2570 1035 maii
2605 982 2667 1037 et
2700 991 2805 1052 per
2834 981 2955 1035 tres
2988 975 3351 1053 septimanas
3381 977 3694 1050 sequentes
3723 971 3877 1031 ceie-

1890 1067 2146 1130 brandas
2177 1071 2485 1151 designat,
2516 1089 2842 1150 omnesque
2879 1079 3236 1133 mercatores
3265 1072 3409 1133 illuc
3439 1071 3740 1131 venientes
3765 1068 3877 1128 sub

1890 1182 2000 1226 suo
2028 1173 2088 1226 et
2114 1169 2345 1244 imperii
2372 1169 2591 1231 ducatu
2621 1169 2753 1228 vult
2778 1185 2905 1229 esse
2930 1185 3184 1230 securos.
3758 1174 3875 1226 80⁹

1810 1298 1891 1310 —-
1927 1266 2216 1329 Iacobum
2252 1269 2444 1331 tilium
2481 1269 2785 1345 quondam
2811 1270 3219 1347 Salinguerrae
3241 1267 3319 1326 de
3343 1265 3615 1326 Ferraria
3636 1263 3881 1323 investit

1888 1362 1964 1422 de
2001 1363 2316 1441 carpineta
2352 1372 2414 1425 et
2446 1366 2579 1426 aliis
2607 1367 2784 1426 curiis
2816 1367 2882 1426 in
2920 1367 3182 1442 Regino,
3220 1362 3548 1424 Mutinensi
3582 1365 3645 1422 et
3677 1360 3874 1420 Bono·-

1890 1459 2084 1520 niensi
2123 1461 2553 1538 episcopatibus
2590 1464 2748 1536 altis,
2789 1477 2929 1522 cum
2958 1458 3236 1521 omnibus
3268 1458 3504 1537 juribus
3537 1473 3691 1534 quae
3714 1455 3874 1515 idem

1888 1557 2262 1636 Saliuguerra
2282 1561 2442 1636 juste
2468 1561 2682 1619 tenuit.
3756 1561 3873 1613 310

1810 1685 1891 1697 -
1929 1652 2200 1732 Philippo
2228 1656 2302 1716 de
2332 1657 2667 1716 Brundusio
2700 1654 2892 1733 judici
2925 1657 2990 1715 in
3022 1655 3310 1714 vicariatu
3337 1648 3614 1714 Pandulfl
3641 1651 3715 1711 de
3750 1651 3873 1711 Fa-

1889 1751 2109 1812 saueila
2136 1752 2384 1813 mandat
2407 1755 2567 1812 utin
2596 1752 2697 1812 lite
2722 1752 2877 1811 inter
2914 1751 3192 1811 abbatem
3223 1750 3424 1812 Sancti
3451 1748 3774 1809 salvatoris
3797 1747 3875 1808 de

1889 1850 2095 1909 Monte
2127 1846 2368 1909 Amiato
2407 1855 2467 1910 et
2513 1849 2925 1927 Bonagratiam
2966 1848 3125 1909 Petri
3169 1852 3258 1908 et*
3273 1845 3555 1908 Friderici
3592 1844 3670 1904 de
3705 1844 3875 1905 Senis

1888 1951 2352 2024 procuratorem,
2374 1948 2587 2007 iterum
2615 1951 2794 2006 testes
2820 1944 3231 2022 producendos
3247 1943 3474 2003 audiat.
3755 1949 3824 2000 31
3840 1947 3866 1999 1

1808 2072 1886 2085 -
1930 2040 2267 2102 Gotiridum
2295 2051 2356 2102 et
2390 2043 2726 2104 Com-adnm
2764 2043 2978 2103 fratres
3004 2041 3079 2102 de
3115 2039 3481 2102 Hoheniohe.
3501 2045 3695 2101 certos
3732 2039 3876 2100 facit

1888 2136 2048 2214 quod
2076 2154 2385 2215 nunquam
2423 2155 2523 2198 eos
2550 2138 2821 2217 gravabit
2856 2141 2921 2197 in
2953 2144 3150 2198 castro
3177 2138 3253 2198 de
3277 2135 3573 2213 schipphe
3600 2141 3663 2196 et
3682 2137 3876 2211 perti-

1887 2234 2106 2293 nentiis
2140 2236 2295 2310 ejus,
2323 2250 2477 2311 quae
2511 2234 2863 2295 Ludewicus
2889 2235 2965 2294 de
2991 2234 3286 2311 SchIpphe
3312 2249 3417 2310 per
3443 2232 3724 2293 Austriae
3756 2232 3875 2291 du-

1886 2344 2016 2389 cem
2058 2331 2122 2388 in
2170 2332 2423 2408 gratiam
2464 2347 2636 2391 suam
2673 2331 3024 2392 reformatus
3067 2330 3289 2402 eisdem
3324 2345 3432 2407 pro
3472 2327 3722 2388 emenda
3771 2343 3876 2404 per

1884 2442 2098 2487 manus
2123 2442 2261 2486 suas
2288 2427 2658 2488 contradidit.
3756 2430 3872 2482 812

1805 2554 1887 2569 —-
1925 2523 2022 2584 Ad
2056 2525 2546 2601 supplicationem
2579 2526 2801 2584 civium
2826 2524 2903 2583 de
2929 2521 3290 2600 oppenheim
3322 2520 3590 2581 fidelium
3628 2535 3875 2579 suorum

1884 2622 2155 2681 concedit
2184 2627 2255 2681 ut
2281 2622 2483 2682 nulius
2515 2638 2720 2681 eorum
2753 2623 3060 2681 occasione
3095 2620 3275 2679 duelli
3309 2619 3540 2678 evocari
3574 2617 3669 2676 vel
3705 2622 3874 2677 extra

1884 2719 2184 2779 civitatem
2237 2735 2415 2796 super
2465 2734 2843 2795 quacumque
2891 2733 3072 2777 causa
3126 2716 3288 2777 trabi
3336 2717 3523 2792 possit
3575 2712 3652 2772 ad
3702 2713 3871 2790 judi-

1884 2817 2065 2877 cium.
3754 2818 3871 2872 313

1805 2942 1887 2954 -
1926 2910 2230 2971 Universis
2262 2911 2656 2972 castrensibus
2690 2910 2765 2971 de
2800 2910 3166 2988 oppenheim
3207 2908 3479 2970 concedit
3510 2915 3581 2969 ut
3613 2924 3686 2968 ea
3720 2925 3875 2986 quae

1881 3024 1992 3086 pro
2030 3024 2094 3069 se
2129 3014 2189 3069 et
2215 3009 2566 3070 haeredibus
2599 3010 2723 3070 suis
2750 3011 2815 3069 in
2840 3008 3046 3069 eodem
3076 3013 3271 3070 castro
3296 3009 3768 3086 construxerint,
3794 3006 3874 3068 ad

1883 3105 2043 3179 ipsos
2074 3104 2353 3166 haeredes
2381 3104 2535 3164 feodi
2565 3105 2739 3164 titulo
2764 3111 3090 3165 transeant.
3753 3112 3871 3164 314

1804 3227 1887 3244 -
1926 3198 2236 3260 Civitatem
2262 3201 2593 3277 spirensem
2625 3200 2702 3261 ad
2740 3201 3039 3278 generales
3069 3200 3375 3260 nundinas
3406 3201 3472 3259 in
3508 3199 3662 3260 festo
3688 3215 3872 3261 sane-

1883 3299 2082 3355 torum
2107 3295 2364 3357 Simonis
2391 3303 2451 3357 et
2472 3296 2508 3357 J
2512 3297 2666 3357 udae
2696 3313 2886 3374 usque
2916 3297 2994 3357 ad
3021 3297 3362 3374 quindecim
3392 3295 3520 3356 dies
3558 3294 3873 3355 celebran-

1883 3390 1994 3451 das
2018 3391 2287 3467 deputat,
2319 3410 2638 3471 omnesque
2666 3399 3017 3455 mercatores
3041 3393 3186 3454 llluc
3212 3395 3519 3454 venientes
3542 3391 3657 3453 suh
3680 3393 3874 3469 impe-

1881 3488 1956 3545 rii
1981 3487 2202 3549 ducatu
2229 3490 2358 3550 vult
2379 3506 2505 3551 esse
2530 3507 2786 3552 securos.
3752 3497 3872 3550 314

1805 3611 1887 3628 -
1927 3582 2419 3660 Compositionem
2452 3588 2603 3646 inter
2638 3585 3053 3646 Meinbardum
3094 3586 3370 3645 comitem
3416 3584 3490 3644 de
3534 3584 3771 3647 Gorizia
3811 3591 3873 3646 et

1883 3686 2365 3745 communitatem
2405 3685 2711 3746 hominum
2747 3688 2962 3748 Portus
3000 3686 3268 3746 Latisani
3307 3702 3485 3763 super
3528 3686 3871 3747 eorumdem

1881 3778 2148 3839 libertate
2174 3783 2382 3840 initam
2409 3780 2744 3843 confirmat.
3750 3790 3866 3844 315

1673 3908 1691 3931 .
1801 3904 1885 3920 —
1920 3875 2020 3936 Ad
2049 3877 2505 3953 supplicationes
2529 3881 2749 3939 civium
2778 3879 3351 3967 wormaciensium,
3385 3879 3677 3957 promittit
3704 3878 3871 3956 quod

1881 3977 2005 4031 tam
2029 3971 2272 4031 clericos
2296 3989 2476 4050 quam
2509 3974 2688 4034 laicos
2725 3976 3095 4035 Wormatiae
3135 3976 3198 4035 in
3232 3977 3659 4053 compositione
3693 3991 3868 4036 assu-

1880 4074 2005 4127 met
2039 4083 2221 4144 quam
2247 4067 2514 4130 tacturus
2540 4077 2631 4131 est
2654 4072 2781 4131 sive
2811 4088 2948 4132 cum
2973 4072 3234 4133 Ecclesia
3260 4074 3529 4134 Romana
3563 4073 3693 4134 sive
3730 4088 3870 4133 cum

1881 4164 2318 4243 archiepiscopo
2343 4167 2717 4244 Maguntino.
3750 4178 3867 4230 815

1805 4291 1885 4306 —
1921 4261 2017 4321 Ad
2054 4263 2394 4324 instantiam
2437 4264 2803 4341 Margaretae
2840 4264 3155 4326 Fiandrlae
3193 4267 3255 4324 et
3291 4262 3639 4324 Hannoniae
3679 4266 3868 4325 comi-

1880 4357 2089 4426 tissae,
2133 4372 2237 4433 per
2289 4365 2692 4435 procuratores
2747 4363 2875 4436 ejus
2918 4365 3154 4436 recepto
3196 4361 3567 4436 juramento,
3614 4374 3749 4419 eam
3793 4358 3869 4421 de

1882 4449 2075 4511 feudis
2100 4455 2417 4515 comitatus
2443 4455 2859 4517 Namurcensis
2883 4462 2944 4515 et
2966 4458 3151 4532 partis
3178 4454 3492 4515 Flandriae
3518 4456 3670 4514 citra
3695 4454 3866 4515 Scal-

1882 4546 2006 4606 dim
2031 4564 2169 4608 cum
2195 4558 2450 4627 quatuor
2473 4553 2833 4626 ministeriis,
2868 4558 3025 4613 terra
3048 4551 3125 4611 de
3151 4551 3322 4611 Alost
3345 4556 3408 4611 et
3432 4552 3641 4611 insulh
3666 4553 3866 4612 inves-

1882 4643 1984 4715 tit,
2022 4649 2132 4704 etc.
3748 4656 3863 4710 327

1802 4765 1885 4782 -
1921 4737 2222 4801 Boniiacio
2248 4743 2573 4806 marchioni
2604 4744 3025 4806 Montisierrati
3053 4760 3262 4805 omnes
3294 4741 3556 4805 offensas
3581 4744 3864 4824 remittit,
