<?xml version="1.0" encoding="UTF-8"?>
<!DOCTYPE html PUBLIC "-//W3C//DTD XHTML 1.0 Transitional//EN"
    "http://www.w3.org/TR/xhtml1/DTD/xhtml1-transitional.dtd">
<html xmlns="http://www.w3.org/1999/xhtml" xml:lang="en" lang="en">
 <head>
  <title>
</title>
<meta http-equiv="Content-Type" content="text/html;charset=utf-8" />
  <meta name='ocr-system' content='tesseract 3.04.00' />
  <meta name='ocr-capabilities' content='ocr_page ocr_carea ocr_par ocr_line ocrx_word'/>
</head>
<body>
  <div class='ocr_page' id='page_1' title='image "./historiadiploma01empegoog_0399.png"; bbox 0 0 4525 6031; ppageno 0'>
   <div class='ocr_carea' id='block_1_1' title="bbox 1732 684 3476 764">
    <p class='ocr_par' dir='ltr' id='par_1_1' title="bbox 1732 684 3476 764">
     <span class='ocr_line' id='line_1_1' title="bbox 1732 684 3476 764; baseline -0.001 -15"><span class='ocrx_word' id='word_1_1' title='bbox 1732 684 2364 750; x_wconf 69' lang='lat' dir='ltr'><strong>ADMTAHENTA.</strong></span> <span class='ocrx_word' id='word_1_2' title='bbox 3354 701 3476 764; x_wconf 77' lang='lat'><strong>¹941</strong></span> 
     </span>
    </p>
   </div>
   <div class='ocr_carea' id='block_1_2' title="bbox 883 817 3485 2078">
    <p class='ocr_par' dir='ltr' id='par_1_2' title="bbox 883 817 3485 2078">
     <span class='ocr_line' id='line_1_2' title="bbox 883 817 3485 906; baseline 0.002 -17"><span class='ocrx_word' id='word_1_3' title='bbox 883 832 1196 905; x_wconf 75' lang='lat' dir='ltr'><strong>sumptum</strong></span> <span class='ocrx_word' id='word_1_4' title='bbox 1223 827 1288 886; x_wconf 89' lang='lat' dir='ltr'><strong>in</strong></span> <span class='ocrx_word' id='word_1_5' title='bbox 1320 824 1535 885; x_wconf 76' lang='lat' dir='ltr'><strong>notitia</strong></span> <span class='ocrx_word' id='word_1_6' title='bbox 1561 820 2004 900; x_wconf 64' lang='lat' dir='ltr'><strong>privilegi-run</strong></span> <span class='ocrx_word' id='word_1_7' title='bbox 2029 817 2110 880; x_wconf 76' lang='lat' dir='ltr'><strong>ab</strong></span> <span class='ocrx_word' id='word_1_8' title='bbox 2144 818 2600 896; x_wconf 67' lang='lat' dir='ltr'><strong>imperatoribus</strong></span> <span class='ocrx_word' id='word_1_9' title='bbox 2625 822 2943 885; x_wconf 83' lang='lat' dir='ltr'><strong>comitibus</strong></span> <span class='ocrx_word' id='word_1_10' title='bbox 2960 823 3043 886; x_wconf 83' lang='lat' dir='ltr'><strong>de</strong></span> <span class='ocrx_word' id='word_1_11' title='bbox 3075 827 3227 906; x_wconf 75' lang='lat' dir='ltr'><strong>fflpa</strong></span> <span class='ocrx_word' id='word_1_12' title='bbox 3253 832 3485 896; x_wconf 87' lang='lat' dir='ltr'><strong>insulae</strong></span> 
     </span>
     <span class='ocr_line' id='line_1_3' title="bbox 893 926 3481 1019; baseline 0.002 -22"><span class='ocrx_word' id='word_1_13' title='bbox 893 950 1338 1007; x_wconf 77' lang='lat' dir='ltr'><strong>concessorum,</strong></span> <span class='ocrx_word' id='word_1_14' title='bbox 1363 945 1568 992; x_wconf 84' lang='lat' dir='ltr'><strong>mense</strong></span> <span class='ocrx_word' id='word_1_15' title='bbox 1596 926 1914 1006; x_wconf 74' lang='lat' dir='ltr'>septembri</span> <span class='ocrx_word' id='word_1_16' title='bbox 1966 934 2117 988; x_wconf 77' lang='lat'><strong>1³22</strong></span> <span class='ocrx_word' id='word_1_17' title='bbox 2146 926 2431 987; x_wconf 81' lang='lat' dir='ltr'><strong>redacta:</strong></span> <span class='ocrx_word' id='word_1_18' title='bbox 2466 928 2689 990; x_wconf 79' lang='lat' dir='ltr'><strong>scilicet</strong></span> <span class='ocrx_word' id='word_1_19' title='bbox 2714 938 2768 990; x_wconf 88' lang='lat'><strong>1·</strong></span> <span class='ocrx_word' id='word_1_20' title='bbox 2792 931 2873 992; x_wconf 88' lang='lat' dir='ltr'><strong>ab</strong></span> <span class='ocrx_word' id='word_1_21' title='bbox 2894 932 3152 998; x_wconf 69' lang='lat' dir='ltr'><strong>ilenrico</strong></span> <span class='ocrx_word' id='word_1_22' title='bbox 3181 946 3481 1019; x_wconf 78' lang='lat' dir='ltr'><strong>sextopro</strong></span> 
     </span>
     <span class='ocr_line' id='line_1_4' title="bbox 889 1032 3480 1116; baseline -0.003 -13"><span class='ocrx_word' id='word_1_23' title='bbox 889 1041 1192 1104; x_wconf 72' lang='lat' dir='ltr'><strong>Vener-oso</strong></span> <span class='ocrx_word' id='word_1_24' title='bbox 1217 1038 1344 1099; x_wconf 81' lang='lat' dir='ltr'><strong>mio</strong></span> <span class='ocrx_word' id='word_1_25' title='bbox 1369 1034 1722 1099; x_wconf 84' lang='lat' dir='ltr'><strong>Brandalisii</strong></span> <span class='ocrx_word' id='word_1_26' title='bbox 1756 1035 1987 1095; x_wconf 81' lang='lat' dir='ltr'><strong>comitis</strong></span> <span class='ocrx_word' id='word_1_27' title='bbox 2023 1033 2268 1110; x_wconf 85' lang='lat' dir='ltr'><strong>palatini</strong></span> <span class='ocrx_word' id='word_1_28' title='bbox 2304 1032 2380 1094; x_wconf 91' lang='lat' dir='ltr'><strong>de</strong></span> <span class='ocrx_word' id='word_1_29' title='bbox 2412 1034 2723 1097; x_wconf 89' lang='lat' dir='ltr'><strong>Veuerosis</strong></span> <span class='ocrx_word' id='word_1_30' title='bbox 2752 1036 2826 1097; x_wconf 91' lang='lat' dir='ltr'><strong>de</strong></span> <span class='ocrx_word' id='word_1_31' title='bbox 2852 1039 3005 1116; x_wconf 82' lang='lat' dir='ltr'><strong>Ripa</strong></span> <span class='ocrx_word' id='word_1_32' title='bbox 3036 1043 3265 1104; x_wconf 85' lang='lat' dir='ltr'><strong>insulae</strong></span> <span class='ocrx_word' id='word_1_33' title='bbox 3289 1046 3480 1109; x_wconf 86' lang='lat' dir='ltr'><strong>Snea-</strong></span> 
     </span>
     <span class='ocr_line' id='line_1_5' title="bbox 891 1140 3473 1232; baseline 0.002 -22"><span class='ocrx_word' id='word_1_34' title='bbox 891 1150 1013 1211; x_wconf 86' lang='lat' dir='ltr'><strong>riae</strong></span> <span class='ocrx_word' id='word_1_35' title='bbox 1042 1153 1103 1209; x_wconf 85' lang='lat' dir='ltr'><strong>et</strong></span> <span class='ocrx_word' id='word_1_36' title='bbox 1128 1146 1423 1207; x_wconf 87' lang='lat' dir='ltr'><strong>Bardinae</strong></span> <span class='ocrx_word' id='word_1_37' title='bbox 1448 1149 1510 1205; x_wconf 87' lang='lat' dir='ltr'><strong>et</strong></span> <span class='ocrx_word' id='word_1_38' title='bbox 1534 1148 1781 1221; x_wconf 77' lang='lat' dir='ltr'><strong>quartae</strong></span> <span class='ocrx_word' id='word_1_39' title='bbox 1803 1142 1992 1220; x_wconf 86' lang='lat' dir='ltr'><strong>partis</strong></span> <span class='ocrx_word' id='word_1_40' title='bbox 2025 1140 2210 1201; x_wconf 89' lang='lat' dir='ltr'><strong>totins</strong></span> <span class='ocrx_word' id='word_1_41' title='bbox 2236 1140 2495 1200; x_wconf 85' lang='lat' dir='ltr'><strong>civitatis</strong></span> <span class='ocrx_word' id='word_1_42' title='bbox 2522 1142 2821 1222; x_wconf 81' lang='lat' dir='ltr'><strong>Veronae,</strong></span> <span class='ocrx_word' id='word_1_43' title='bbox 2858 1145 3063 1208; x_wconf 88' lang='lat' dir='ltr'><strong>datum</strong></span> <span class='ocrx_word' id='word_1_44' title='bbox 3099 1149 3473 1232; x_wconf 77' lang='lat' dir='ltr'><strong>Placentiae,</strong></span> 
     </span>
     <span class='ocr_line' id='line_1_6' title="bbox 889 1244 3472 1332; baseline 0.002 -16"><span class='ocrx_word' id='word_1_45' title='bbox 889 1271 1052 1317; x_wconf 89' lang='lat' dir='ltr'><strong>anno</strong></span> <span class='ocrx_word' id='word_1_46' title='bbox 1073 1263 1098 1313; x_wconf 98' lang='grc'><strong>1</strong></span> <span class='ocrx_word' id='word_1_47' title='bbox 1115 1262 1253 1331; x_wconf 81' lang='grc'><strong>195,</strong></span> <span class='ocrx_word' id='word_1_48' title='bbox 1268 1250 1356 1313; x_wconf 84' lang='lat' dir='ltr'><strong>IV</strong></span> <span class='ocrx_word' id='word_1_49' title='bbox 1379 1248 1663 1311; x_wconf 80' lang='lat' dir='ltr'><strong>kalendas</strong></span> <span class='ocrx_word' id='word_1_50' title='bbox 1672 1247 1850 1327; x_wconf 81' lang='lat' dir='ltr'><strong>junii,</strong></span> <span class='ocrx_word' id='word_1_51' title='bbox 1867 1245 2186 1306; x_wconf 78' lang='lat' dir='ltr'><strong>indictione</strong></span> <span class='ocrx_word' id='word_1_52' title='bbox 2210 1244 2385 1314; x_wconf 85' lang='lat' dir='ltr'><strong>xm;</strong></span> <span class='ocrx_word' id='word_1_53' title='bbox 2409 1254 2471 1306; x_wconf 83' lang='lat'><strong>2⁰</strong></span> <span class='ocrx_word' id='word_1_54' title='bbox 2485 1262 2522 1306; x_wconf 90' lang='lat' dir='ltr'><strong>a</strong></span> <span class='ocrx_word' id='word_1_55' title='bbox 2539 1247 2838 1310; x_wconf 88' lang='lat' dir='ltr'><strong>Friderico</strong></span> <span class='ocrx_word' id='word_1_56' title='bbox 2855 1258 3084 1326; x_wconf 88' lang='lat' dir='ltr'><strong>nostro,</strong></span> <span class='ocrx_word' id='word_1_57' title='bbox 3111 1257 3271 1332; x_wconf 87' lang='lat' dir='ltr'><strong>quod</strong></span> <span class='ocrx_word' id='word_1_58' title='bbox 3294 1259 3472 1332; x_wconf 77' lang='lat' dir='ltr'><strong>infra3</strong></span> 
     </span>
     <span class='ocr_line' id='line_1_7' title="bbox 895 1350 3480 1439; baseline 0.002 -18"><span class='ocrx_word' id='word_1_59' title='bbox 895 1370 956 1424; x_wconf 70' lang='grc' dir='ltr'><strong>3ο</strong></span> <span class='ocrx_word' id='word_1_60' title='bbox 979 1359 1056 1422; x_wconf 93' lang='lat' dir='ltr'><strong>ab</strong></span> <span class='ocrx_word' id='word_1_61' title='bbox 1073 1359 1330 1418; x_wconf 88' lang='lat' dir='ltr'><strong>Henrico</strong></span> <span class='ocrx_word' id='word_1_62' title='bbox 1352 1356 1600 1434; x_wconf 86' lang='lat' dir='ltr'><strong>septimo</strong></span> <span class='ocrx_word' id='word_1_63' title='bbox 1621 1352 1720 1431; x_wconf 91' lang='lat' dir='ltr'><strong>(de</strong></span> <span class='ocrx_word' id='word_1_64' title='bbox 1738 1350 2182 1430; x_wconf 84' lang='lat' dir='ltr'><strong>Luxembnrgo)</strong></span> <span class='ocrx_word' id='word_1_65' title='bbox 2206 1368 2314 1429; x_wconf 83' lang='lat' dir='ltr'><strong>pro</strong></span> <span class='ocrx_word' id='word_1_66' title='bbox 2339 1353 2709 1415; x_wconf 83' lang='lat' dir='ltr'><strong>Brandalisio</strong></span> <span class='ocrx_word' id='word_1_67' title='bbox 2725 1353 2850 1416; x_wconf 80' lang='lat' dir='ltr'><strong>filio</strong></span> <span class='ocrx_word' id='word_1_68' title='bbox 2871 1356 3251 1439; x_wconf 82' lang='lat' dir='ltr'><strong>Bettholocti,</strong></span> <span class='ocrx_word' id='word_1_69' title='bbox 3271 1362 3480 1426; x_wconf 88' lang='lat' dir='ltr'><strong>datum</strong></span> 
     </span>
     <span class='ocr_line' id='line_1_8' title="bbox 887 1459 3483 1545; baseline 0 -19"><span class='ocrx_word' id='word_1_70' title='bbox 887 1465 1243 1540; x_wconf 75' lang='lat' dir='ltr'><strong>Mediolani,</strong></span> <span class='ocrx_word' id='word_1_71' title='bbox 1274 1479 1434 1524; x_wconf 87' lang='lat' dir='ltr'><strong>anno</strong></span> <span class='ocrx_word' id='word_1_72' title='bbox 1467 1469 1615 1522; x_wconf 87' lang='grc'><strong>1311</strong></span> <span class='ocrx_word' id='word_1_73' title='bbox 1637 1506 1658 1540; x_wconf 93' lang='grc'><strong>,</strong></span> <span class='ocrx_word' id='word_1_74' title='bbox 1685 1459 1746 1521; x_wconf 90' lang='grc' dir='ltr'>Π</span> <span class='ocrx_word' id='word_1_75' title='bbox 1772 1475 1964 1519; x_wconf 87' lang='lat' dir='ltr'><strong>nonas</strong></span> <span class='ocrx_word' id='word_1_76' title='bbox 1989 1460 2220 1536; x_wconf 86' lang='lat' dir='ltr'><strong>martii,</strong></span> <span class='ocrx_word' id='word_1_77' title='bbox 2251 1459 2572 1520; x_wconf 81' lang='lat' dir='ltr'><strong>indictione</strong></span> <span class='ocrx_word' id='word_1_78' title='bbox 2597 1460 2706 1520; x_wconf 84' lang='lat' dir='ltr'><strong>lx.</strong></span> <span class='ocrx_word' id='word_1_79' title='bbox 2743 1463 2876 1536; x_wconf 80' lang='lat' dir='ltr'><strong>Qua</strong></span> <span class='ocrx_word' id='word_1_80' title='bbox 2902 1479 3099 1526; x_wconf 85' lang='lat' dir='ltr'><strong>crassa</strong></span> <span class='ocrx_word' id='word_1_81' title='bbox 3124 1473 3185 1526; x_wconf 90' lang='lat' dir='ltr'><strong>et</strong></span> <span class='ocrx_word' id='word_1_82' title='bbox 3210 1469 3483 1545; x_wconf 77' lang='lat' dir='ltr'><strong>imperita</strong></span> 
     </span>
     <span class='ocr_line' id='line_1_9' title="bbox 891 1564 3476 1655; baseline 0.001 -22"><span class='ocrx_word' id='word_1_83' title='bbox 891 1571 1102 1633; x_wconf 79' lang='lat' dir='ltr'><strong>fraude</strong></span> <span class='ocrx_word' id='word_1_84' title='bbox 1125 1569 1497 1649; x_wconf 71' lang='lat' dir='ltr'><strong>piivilegium</strong></span> <span class='ocrx_word' id='word_1_85' title='bbox 1519 1567 1631 1628; x_wconf 84' lang='lat' dir='ltr'><strong>sub</strong></span> <span class='ocrx_word' id='word_1_86' title='bbox 1658 1567 1899 1626; x_wconf 81' lang='lat' dir='ltr'><strong>nomine</strong></span> <span class='ocrx_word' id='word_1_87' title='bbox 1920 1564 2206 1626; x_wconf 85' lang='lat' dir='ltr'><strong>Friderici</strong></span> <span class='ocrx_word' id='word_1_88' title='bbox 2225 1566 2473 1626; x_wconf 85' lang='lat' dir='ltr'><strong>secundi</strong></span> <span class='ocrx_word' id='word_1_89' title='bbox 2495 1565 2863 1643; x_wconf 83' lang='lat' dir='ltr'><strong>publicatum</strong></span> <span class='ocrx_word' id='word_1_90' title='bbox 2888 1569 3068 1632; x_wconf 82' lang='lat' dir='ltr'><strong>fuerit</strong></span> <span class='ocrx_word' id='word_1_91' title='bbox 3095 1572 3476 1655; x_wconf 83' lang='lat' dir='ltr'><strong>fabricatum,</strong></span> 
     </span>
     <span class='ocr_line' id='line_1_10' title="bbox 891 1669 3481 1752; baseline 0.001 -14"><span class='ocrx_word' id='word_1_92' title='bbox 891 1676 1296 1738; x_wconf 84' lang='lat' dir='ltr'><strong>demonstrare</strong></span> <span class='ocrx_word' id='word_1_93' title='bbox 1319 1691 1446 1735; x_wconf 88' lang='lat' dir='ltr'><strong>non</strong></span> <span class='ocrx_word' id='word_1_94' title='bbox 1467 1689 1619 1751; x_wconf 80' lang='lat' dir='ltr'><strong>opus</strong></span> <span class='ocrx_word' id='word_1_95' title='bbox 1643 1677 1769 1750; x_wconf 87' lang='lat' dir='ltr'><strong>est,</strong></span> <span class='ocrx_word' id='word_1_96' title='bbox 1802 1670 1948 1732; x_wconf 87' lang='lat' dir='ltr'><strong>dum</strong></span> <span class='ocrx_word' id='word_1_97' title='bbox 1985 1687 2082 1731; x_wconf 86' lang='lat' dir='ltr'><strong>res</strong></span> <span class='ocrx_word' id='word_1_98' title='bbox 2105 1669 2270 1731; x_wconf 81' lang='lat' dir='ltr'><strong>clara</strong></span> <span class='ocrx_word' id='word_1_99' title='bbox 2295 1673 2442 1731; x_wconf 82' lang='lat' dir='ltr'><strong>satis</strong></span> <span class='ocrx_word' id='word_1_100' title='bbox 2467 1671 2545 1731; x_wconf 83' lang='lat' dir='ltr'><strong>ad</strong></span> <span class='ocrx_word' id='word_1_101' title='bbox 2570 1673 2774 1734; x_wconf 84' lang='lat' dir='ltr'><strong>oculos</strong></span> <span class='ocrx_word' id='word_1_102' title='bbox 2802 1684 3107 1752; x_wconf 80' lang='lat' dir='ltr'><strong>appareat.</strong></span> <span class='ocrx_word' id='word_1_103' title='bbox 3137 1679 3481 1746; x_wconf 77' lang='lat' dir='ltr'><strong>Notandum</strong></span> 
     </span>
     <span class='ocr_line' id='line_1_11' title="bbox 891 1775 3480 1863; baseline 0.002 -19"><span class='ocrx_word' id='word_1_104' title='bbox 891 1791 987 1844; x_wconf 86' lang='lat' dir='ltr'><strong>est</strong></span> <span class='ocrx_word' id='word_1_105' title='bbox 1011 1782 1176 1860; x_wconf 82' lang='lat' dir='ltr'><strong>quod</strong></span> <span class='ocrx_word' id='word_1_106' title='bbox 1207 1784 1326 1843; x_wconf 82' lang='lat' dir='ltr'><strong>isto</strong></span> <span class='ocrx_word' id='word_1_107' title='bbox 1351 1780 1659 1860; x_wconf 81' lang='lat' dir='ltr'><strong>privilegio</strong></span> <span class='ocrx_word' id='word_1_108' title='bbox 1691 1777 1907 1839; x_wconf 82' lang='lat' dir='ltr'><strong>fictitio</strong></span> <span class='ocrx_word' id='word_1_109' title='bbox 1943 1779 2110 1837; x_wconf 86' lang='lat' dir='ltr'><strong>nisus</strong></span> <span class='ocrx_word' id='word_1_110' title='bbox 2146 1777 2299 1837; x_wconf 87' lang='lat' dir='ltr'><strong>alter</strong></span> <span class='ocrx_word' id='word_1_111' title='bbox 2328 1775 2733 1841; x_wconf 84' lang='lat' dir='ltr'><strong>Bartbalottus</strong></span> <span class='ocrx_word' id='word_1_112' title='bbox 2771 1798 2931 1842; x_wconf 86' lang='lat' dir='ltr'><strong>anno</strong></span> <span class='ocrx_word' id='word_1_113' title='bbox 2970 1792 3120 1845; x_wconf 83' lang='grc'><strong>1333</strong></span> <span class='ocrx_word' id='word_1_114' title='bbox 3153 1789 3385 1863; x_wconf 78' lang='lat' dir='ltr'><strong>spurios</strong></span> <span class='ocrx_word' id='word_1_115' title='bbox 3413 1790 3480 1850; x_wconf 83' lang='grc'><strong>111</strong></span> 
     </span>
     <span class='ocr_line' id='line_1_12' title="bbox 891 1882 3482 1966; baseline 0.001 -14"><span class='ocrx_word' id='word_1_116' title='bbox 891 1890 1108 1952; x_wconf 81' lang='lat' dir='ltr'><strong>Tuscia</strong></span> <span class='ocrx_word' id='word_1_117' title='bbox 1140 1889 1472 1966; x_wconf 85' lang='lat' dir='ltr'><strong>legitimare</strong></span> <span class='ocrx_word' id='word_1_118' title='bbox 1511 1902 1693 1948; x_wconf 88' lang='lat' dir='ltr'><strong>ausus</strong></span> <span class='ocrx_word' id='word_1_119' title='bbox 1734 1883 1944 1962; x_wconf 83' lang='lat' dir='ltr'><strong>fuerit,</strong></span> <span class='ocrx_word' id='word_1_120' title='bbox 1983 1885 2140 1944; x_wconf 86' lang='lat' dir='ltr'><strong>sicut</strong></span> <span class='ocrx_word' id='word_1_121' title='bbox 2172 1882 2234 1943; x_wconf 88' lang='lat' dir='ltr'><strong>id</strong></span> <span class='ocrx_word' id='word_1_122' title='bbox 2269 1885 2667 1961; x_wconf 74' lang='lat' dir='ltr'><strong>comperimus</strong></span> <span class='ocrx_word' id='word_1_123' title='bbox 2700 1903 2777 1946; x_wconf 83' lang='lat' dir='ltr'><strong>ex</strong></span> <span class='ocrx_word' id='word_1_124' title='bbox 2818 1889 3214 1951; x_wconf 86' lang='lat' dir='ltr'><strong>instrumento</strong></span> <span class='ocrx_word' id='word_1_125' title='bbox 3250 1895 3482 1955; x_wconf 89' lang='lat' dir='ltr'><strong>sincero</strong></span> 
     </span>
     <span class='ocr_line' id='line_1_13' title="bbox 891 1988 3475 2078; baseline 0.002 -23"><span class='ocrx_word' id='word_1_126' title='bbox 891 1994 1054 2073; x_wconf 89' lang='lat' dir='ltr'><strong>quod</strong></span> <span class='ocrx_word' id='word_1_127' title='bbox 1082 1997 1147 2055; x_wconf 92' lang='lat' dir='ltr'><strong>in</strong></span> <span class='ocrx_word' id='word_1_128' title='bbox 1175 1993 1420 2056; x_wconf 81' lang='lat' dir='ltr'><strong>archivo</strong></span> <span class='ocrx_word' id='word_1_129' title='bbox 1440 1998 1701 2054; x_wconf 88' lang='lat' dir='ltr'><strong>monast.</strong></span> <span class='ocrx_word' id='word_1_130' title='bbox 1730 1990 1956 2051; x_wconf 83' lang='lat' dir='ltr'><strong>Montis</strong></span> <span class='ocrx_word' id='word_1_131' title='bbox 1981 1989 2272 2068; x_wconf 82' lang='lat' dir='ltr'><strong>VIrginis,</strong></span> <span class='ocrx_word' id='word_1_132' title='bbox 2304 2005 2428 2067; x_wconf 87' lang='lat' dir='ltr'><strong>reg.</strong></span> <span class='ocrx_word' id='word_1_133' title='bbox 2461 1988 2543 2064; x_wconf 86' lang='lat' dir='ltr'><strong>X,</strong></span> <span class='ocrx_word' id='word_1_134' title='bbox 2573 1989 2678 2050; x_wconf 76' lang='grc'><strong>101.</strong></span> <span class='ocrx_word' id='word_1_135' title='bbox 2715 1999 2815 2071; x_wconf 84' lang='grc'><strong>18,</strong></span> <span class='ocrx_word' id='word_1_136' title='bbox 2845 2002 2941 2068; x_wconf 85' lang='grc'><strong>19,</strong></span> <span class='ocrx_word' id='word_1_137' title='bbox 2963 2001 3065 2073; x_wconf 84' lang='lat'><strong>20,</strong></span> <span class='ocrx_word' id='word_1_138' title='bbox 3086 1998 3475 2078; x_wconf 81' lang='lat' dir='ltr'><strong>asservatur.)</strong></span> 
     </span>
    </p>
   </div>
   <div class='ocr_carea' id='block_1_3' title="bbox 645 2175 3532 4536">
    <p class='ocr_par' dir='ltr' id='par_1_3' title="bbox 645 2175 3532 2553">
     <span class='ocr_line' id='line_1_14' title="bbox 749 2175 3532 2304; baseline 0 -22"><span class='ocrx_word' id='word_1_139' title='bbox 749 2210 896 2282; x_wconf 90' lang='lat' dir='ltr'><strong>Hoc</strong></span> <span class='ocrx_word' id='word_1_140' title='bbox 928 2218 1034 2280; x_wconf 89' lang='lat' dir='ltr'><strong>est</strong></span> <span class='ocrx_word' id='word_1_141' title='bbox 1075 2209 1479 2304; x_wconf 83' lang='lat' dir='ltr'><strong>exemplum</strong></span> <span class='ocrx_word' id='word_1_142' title='bbox 1522 2205 1885 2300; x_wconf 84' lang='lat' dir='ltr'><strong>cujusdam</strong></span> <span class='ocrx_word' id='word_1_143' title='bbox 1929 2204 2373 2275; x_wconf 81' lang='lat' dir='ltr'><strong>instrumenti</strong></span> <span class='ocrx_word' id='word_1_144' title='bbox 2414 2203 2675 2297; x_wconf 85' lang='lat' dir='ltr'><strong>publici</strong></span> <span class='ocrx_word' id='word_1_145' title='bbox 2716 2214 2787 2276; x_wconf 88' lang='lat' dir='ltr'><strong>et</strong></span> <span class='ocrx_word' id='word_1_146' title='bbox 2829 2206 3209 2280; x_wconf 86' lang='lat' dir='ltr'><strong>authentici</strong></span> <span class='ocrx_word' id='word_1_147' title='bbox 3252 2213 3479 2284; x_wconf 88' lang='lat' dir='ltr'><strong>conti·</strong></span> <span class='ocrx_word' id='word_1_148' title='bbox 3526 2175 3532 2188; x_wconf 42' lang='lat'><strong><em>⁵</em></strong></span> 
     </span>
     <span class='ocr_line' id='line_1_15' title="bbox 650 2327 3481 2427; baseline 0.001 -21"><span class='ocrx_word' id='word_1_149' title='bbox 650 2333 881 2406; x_wconf 89' lang='lat' dir='ltr'><strong>nentis</strong></span> <span class='ocrx_word' id='word_1_150' title='bbox 908 2333 1190 2424; x_wconf 90' lang='lat' dir='ltr'><strong>seriem,</strong></span> <span class='ocrx_word' id='word_1_151' title='bbox 1227 2341 1396 2424; x_wconf 66' lang='lat' dir='ltr'><strong>etc„</strong></span> <span class='ocrx_word' id='word_1_152' title='bbox 1433 2329 1781 2427; x_wconf 80' lang='lat' dir='ltr'><strong>privilegii</strong></span> <span class='ocrx_word' id='word_1_153' title='bbox 1813 2350 1857 2401; x_wconf 94' lang='lat' dir='ltr'><strong>a</strong></span> <span class='ocrx_word' id='word_1_154' title='bbox 1885 2327 2244 2423; x_wconf 83' lang='lat' dir='ltr'><strong>qnondam</strong></span> <span class='ocrx_word' id='word_1_155' title='bbox 2276 2327 2560 2400; x_wconf 89' lang='lat' dir='ltr'><strong>domino</strong></span> <span class='ocrx_word' id='word_1_156' title='bbox 2583 2328 2977 2423; x_wconf 89' lang='lat' dir='ltr'><strong>Frederico‚</strong></span> <span class='ocrx_word' id='word_1_157' title='bbox 3008 2332 3481 2409; x_wconf 85' lang='lat' dir='ltr'><strong>Romanorum</strong></span> 
     </span>
     <span class='ocr_line' id='line_1_16' title="bbox 645 2458 1278 2553; baseline -0.005 -23"><span class='ocrx_word' id='word_1_158' title='bbox 645 2458 1103 2553; x_wconf 80' lang='lat' dir='ltr'><strong>imperatore,</strong></span> <span class='ocrx_word' id='word_1_159' title='bbox 1143 2467 1278 2529; x_wconf 90' lang='lat' dir='ltr'><strong>etc.</strong></span> 
     </span>
    </p>

    <p class='ocr_par' dir='ltr' id='par_1_4' title="bbox 645 2575 3484 4536">
     <span class='ocr_line' id='line_1_17' title="bbox 747 2575 3481 2666; baseline 0.001 -12"><span class='ocrx_word' id='word_1_160' title='bbox 747 2583 825 2654; x_wconf 92' lang='lat' dir='ltr'><strong>In</strong></span> <span class='ocrx_word' id='word_1_161' title='bbox 867 2580 1152 2654; x_wconf 89' lang='lat' dir='ltr'><strong>nomine</strong></span> <span class='ocrx_word' id='word_1_162' title='bbox 1193 2590 1432 2652; x_wconf 87' lang='lat' dir='ltr'><strong>sancte</strong></span> <span class='ocrx_word' id='word_1_163' title='bbox 1475 2587 1547 2651; x_wconf 92' lang='lat' dir='ltr'><strong>et</strong></span> <span class='ocrx_word' id='word_1_164' title='bbox 1581 2575 1945 2650; x_wconf 88' lang='lat' dir='ltr'><strong>individue</strong></span> <span class='ocrx_word' id='word_1_165' title='bbox 1987 2576 2399 2666; x_wconf 45' lang='lat' dir='ltr'><strong>Trinitatis,</strong></span> <span class='ocrx_word' id='word_1_166' title='bbox 2429 2577 2816 2651; x_wconf 88' lang='lat' dir='ltr'><strong>Fridericus</strong></span> <span class='ocrx_word' id='word_1_167' title='bbox 2860 2581 3210 2653; x_wconf 88' lang='lat' dir='ltr'><strong>secundus</strong></span> <span class='ocrx_word' id='word_1_168' title='bbox 3241 2583 3481 2657; x_wconf 86' lang='lat' dir='ltr'><strong>divina</strong></span> 
     </span>
     <span class='ocr_line' id='line_1_18' title="bbox 645 2701 3481 2799; baseline 0 -20"><span class='ocrx_word' id='word_1_169' title='bbox 645 2709 929 2781; x_wconf 80' lang='lat' dir='ltr'><strong>favente</strong></span> <span class='ocrx_word' id='word_1_170' title='bbox 963 2707 1334 2779; x_wconf 89' lang='lat' dir='ltr'><strong>clementia</strong></span> <span class='ocrx_word' id='word_1_171' title='bbox 1368 2706 1838 2778; x_wconf 87' lang='lat' dir='ltr'><strong>Romanorum</strong></span> <span class='ocrx_word' id='word_1_172' title='bbox 1871 2701 2249 2797; x_wconf 90' lang='lat' dir='ltr'><strong>imperator</strong></span> <span class='ocrx_word' id='word_1_173' title='bbox 2285 2711 2357 2774; x_wconf 93' lang='lat' dir='ltr'><strong>et</strong></span> <span class='ocrx_word' id='word_1_174' title='bbox 2385 2724 2662 2799; x_wconf 86' lang='lat' dir='ltr'><strong>semper</strong></span> <span class='ocrx_word' id='word_1_175' title='bbox 2692 2715 3061 2797; x_wconf 81' lang='lat' dir='ltr'><strong>augustus,</strong></span> <span class='ocrx_word' id='word_1_176' title='bbox 3094 2707 3481 2788; x_wconf 79' lang='lat' dir='ltr'><strong>Jerusalem</strong></span> 
     </span>
     <span class='ocr_line' id='line_1_19' title="bbox 648 2807 3481 2923; baseline 0.001 -20"><span class='ocrx_word' id='word_1_177' title='bbox 648 2843 720 2903; x_wconf 83' lang='lat' dir='ltr'><strong>et</strong></span> <span class='ocrx_word' id='word_1_178' title='bbox 749 2830 1020 2904; x_wconf 88' lang='lat' dir='ltr'><strong>Scicilie</strong></span> <span class='ocrx_word' id='word_1_179' title='bbox 1047 2852 1209 2903; x_wconf 84' lang='lat' dir='ltr'><strong>rex.</strong></span> <span class='ocrx_word' id='word_1_180' title='bbox 1240 2830 1331 2902; x_wconf 90' lang='lat' dir='ltr'><strong>Ut</strong></span> <span class='ocrx_word' id='word_1_181' title='bbox 1358 2829 1789 2920; x_wconf 82' lang='lat' dir='ltr'><strong>singulorum</strong></span> <span class='ocrx_word' id='word_1_182' title='bbox 1818 2827 2086 2898; x_wconf 89' lang='lat' dir='ltr'><strong>animos</strong></span> <span class='ocrx_word' id='word_1_183' title='bbox 2111 2826 2206 2898; x_wconf 90' lang='lat' dir='ltr'><strong>ad</strong></span> <span class='ocrx_word' id='word_1_184' title='bbox 2231 2807 2586 2899; x_wconf 80' lang='lat' dir='ltr'><strong>fidelitatis</strong></span> <span class='ocrx_word' id='word_1_185' title='bbox 2612 2837 2848 2901; x_wconf 89' lang='lat' dir='ltr'><strong>nostre</strong></span> <span class='ocrx_word' id='word_1_186' title='bbox 2876 2829 3214 2923; x_wconf 88' lang='lat' dir='ltr'><strong>obsequia</strong></span> <span class='ocrx_word' id='word_1_187' title='bbox 3247 2831 3481 2905; x_wconf 88' lang='lat' dir='ltr'><strong>effica-</strong></span> 
     </span>
     <span class='ocr_line' id='line_1_20' title="bbox 645 2948 3478 3055; baseline 0.001 -27"><span class='ocrx_word' id='word_1_188' title='bbox 645 2955 800 3029; x_wconf 87' lang='lat' dir='ltr'><strong>cius</strong></span> <span class='ocrx_word' id='word_1_189' title='bbox 831 2955 1206 3028; x_wconf 87' lang='lat' dir='ltr'><strong>invitemus</strong></span> <span class='ocrx_word' id='word_1_190' title='bbox 1238 2962 1310 3026; x_wconf 92' lang='lat' dir='ltr'><strong>et</strong></span> <span class='ocrx_word' id='word_1_191' title='bbox 1343 2951 1656 3026; x_wconf 85' lang='lat' dir='ltr'><strong>fidelium</strong></span> <span class='ocrx_word' id='word_1_192' title='bbox 1691 2961 1962 3024; x_wconf 85' lang='lat' dir='ltr'><strong>mentes</strong></span> <span class='ocrx_word' id='word_1_193' title='bbox 1995 2950 2064 3023; x_wconf 92' lang='lat' dir='ltr'><strong>in</strong></span> <span class='ocrx_word' id='word_1_194' title='bbox 2107 2948 2246 3023; x_wconf 85' lang='lat' dir='ltr'><strong>fide</strong></span> <span class='ocrx_word' id='word_1_195' title='bbox 2285 2950 2672 3025; x_wconf 86' lang='lat' dir='ltr'><strong>efficiantur</strong></span> <span class='ocrx_word' id='word_1_196' title='bbox 2710 2953 3027 3026; x_wconf 83' lang='lat' dir='ltr'><strong>fortiores</strong></span> <span class='ocrx_word' id='word_1_197' title='bbox 3039 3008 3060 3046; x_wconf 90' lang='lat'><strong>,</strong></span> <span class='ocrx_word' id='word_1_198' title='bbox 3099 2955 3344 3028; x_wconf 91' lang='lat' dir='ltr'><strong>merita</strong></span> <span class='ocrx_word' id='word_1_199' title='bbox 3376 2955 3478 3055; x_wconf 87' lang='lat' dir='ltr'><strong>(a)</strong></span> 
     </span>
     <span class='ocr_line' id='line_1_21' title="bbox 651 3075 3479 3175; baseline -0.001 -22"><span class='ocrx_word' id='word_1_200' title='bbox 651 3100 895 3153; x_wconf 92' lang='lat' dir='ltr'><strong>eorum</strong></span> <span class='ocrx_word' id='word_1_201' title='bbox 919 3101 1096 3174; x_wconf 90' lang='lat' dir='ltr'><strong>quos</strong></span> <span class='ocrx_word' id='word_1_202' title='bbox 1115 3077 1531 3173; x_wconf 89' lang='lat' dir='ltr'><strong>jamdudum</strong></span> <span class='ocrx_word' id='word_1_203' title='bbox 1563 3076 1633 3148; x_wconf 93' lang='lat' dir='ltr'><strong>in</strong></span> <span class='ocrx_word' id='word_1_204' title='bbox 1666 3076 1959 3170; x_wconf 81' lang='lat' dir='ltr'><strong>agendis</strong></span> <span class='ocrx_word' id='word_1_205' title='bbox 1984 3076 2242 3147; x_wconf 88' lang='lat' dir='ltr'><strong>nostris</strong></span> <span class='ocrx_word' id='word_1_206' title='bbox 2275 3085 2347 3147; x_wconf 91' lang='lat' dir='ltr'><strong>et</strong></span> <span class='ocrx_word' id='word_1_207' title='bbox 2376 3075 2646 3171; x_wconf 89' lang='lat' dir='ltr'><strong>imperii</strong></span> <span class='ocrx_word' id='word_1_208' title='bbox 2674 3077 3070 3149; x_wconf 90' lang='lat' dir='ltr'><strong>invenimus</strong></span> <span class='ocrx_word' id='word_1_209' title='bbox 3102 3090 3174 3151; x_wconf 91' lang='grc'><strong>01</strong></span> <span class='ocrx_word' id='word_1_210' title='bbox 3200 3081 3479 3175; x_wconf 84' lang='lat' dir='ltr'><strong>experti</strong></span> 
     </span>
     <span class='ocr_line' id='line_1_22' title="bbox 649 3200 3481 3294; baseline -0 -16"><span class='ocrx_word' id='word_1_211' title='bbox 649 3227 892 3278; x_wconf 83' lang='lat' dir='ltr'><strong>sumus</strong></span> <span class='ocrx_word' id='word_1_212' title='bbox 924 3204 1116 3278; x_wconf 91' lang='lat' dir='ltr'><strong>omni</strong></span> <span class='ocrx_word' id='word_1_213' title='bbox 1139 3202 1372 3276; x_wconf 89' lang='lat' dir='ltr'><strong>studio</strong></span> <span class='ocrx_word' id='word_1_214' title='bbox 1391 3201 1840 3291; x_wconf 80' lang='lat' dir='ltr'><strong>exercitatOS‚</strong></span> <span class='ocrx_word' id='word_1_215' title='bbox 1862 3200 2245 3272; x_wconf 85' lang='lat' dir='ltr'><strong>honoribus</strong></span> <span class='ocrx_word' id='word_1_216' title='bbox 2276 3209 2347 3272; x_wconf 91' lang='grc'><strong>01</strong></span> <span class='ocrx_word' id='word_1_217' title='bbox 2371 3201 2580 3294; x_wconf 82' lang='lat' dir='ltr'><strong>regiis</strong></span> <span class='ocrx_word' id='word_1_218' title='bbox 2606 3202 2963 3274; x_wconf 88' lang='lat' dir='ltr'><strong>beneficiis</strong></span> <span class='ocrx_word' id='word_1_219' title='bbox 2991 3205 3481 3277; x_wconf 87' lang='lat' dir='ltr'><strong>consuevimus</strong></span> 
     </span>
     <span class='ocr_line' id='line_1_23' title="bbox 651 3323 3479 3425; baseline 0 -25"><span class='ocrx_word' id='word_1_220' title='bbox 651 3349 1104 3425; x_wconf 86' lang='lat' dir='ltr'><strong>promovere;</strong></span> <span class='ocrx_word' id='word_1_221' title='bbox 1160 3328 1344 3400; x_wconf 86' lang='lat' dir='ltr'><strong>inter</strong></span> <span class='ocrx_word' id='word_1_222' title='bbox 1405 3347 1582 3421; x_wconf 88' lang='lat' dir='ltr'><strong>quos</strong></span> <span class='ocrx_word' id='word_1_223' title='bbox 1650 3336 1971 3398; x_wconf 90' lang='lat' dir='ltr'><strong>nostrum</strong></span> <span class='ocrx_word' id='word_1_224' title='bbox 2029 3323 2311 3397; x_wconf 84' lang='lat' dir='ltr'><strong>fidelem</strong></span> <span class='ocrx_word' id='word_1_225' title='bbox 2377 3335 2450 3397; x_wconf 91' lang='lat' dir='ltr'><strong>et</strong></span> <span class='ocrx_word' id='word_1_226' title='bbox 2510 3325 2921 3398; x_wconf 82' lang='lat' dir='ltr'><strong>familiarem</strong></span> <span class='ocrx_word' id='word_1_227' title='bbox 2964 3327 3479 3400; x_wconf 87' lang='lat' dir='ltr'><strong>Bertholoctum</strong></span> 
     </span>
     <span class='ocr_line' id='line_1_24' title="bbox 650 3448 3482 3545; baseline 0 -20"><span class='ocrx_word' id='word_1_228' title='bbox 650 3453 1013 3544; x_wconf 86' lang='lat' dir='ltr'><strong>comitem,</strong></span> <span class='ocrx_word' id='word_1_229' title='bbox 1046 3451 1266 3524; x_wconf 84' lang='lat' dir='ltr'><strong>filium</strong></span> <span class='ocrx_word' id='word_1_230' title='bbox 1290 3452 1478 3523; x_wconf 89' lang='lat' dir='ltr'><strong>Petri</strong></span> <span class='ocrx_word' id='word_1_231' title='bbox 1508 3450 1843 3523; x_wconf 89' lang='lat' dir='ltr'><strong>Venerosi</strong></span> <span class='ocrx_word' id='word_1_232' title='bbox 1870 3449 2139 3522; x_wconf 88' lang='lat' dir='ltr'><strong>comitis</strong></span> <span class='ocrx_word' id='word_1_233' title='bbox 2166 3449 2456 3545; x_wconf 85' lang='lat' dir='ltr'><strong>palatini</strong></span> <span class='ocrx_word' id='word_1_234' title='bbox 2490 3448 2577 3522; x_wconf 88' lang='lat' dir='ltr'><strong>de</strong></span> <span class='ocrx_word' id='word_1_235' title='bbox 2599 3450 2774 3545; x_wconf 85' lang='lat' dir='ltr'><strong>Ripa</strong></span> <span class='ocrx_word' id='word_1_236' title='bbox 2801 3450 3025 3523; x_wconf 90' lang='lat' dir='ltr'><strong>insule</strong></span> <span class='ocrx_word' id='word_1_237' title='bbox 3059 3453 3385 3544; x_wconf 72' lang='lat' dir='ltr'><strong>Sugcarie</strong></span> <span class='ocrx_word' id='word_1_238' title='bbox 3411 3462 3482 3525; x_wconf 89' lang='grc'><strong>01</strong></span> 
     </span>
     <span class='ocr_line' id='line_1_25' title="bbox 645 3571 3482 3670; baseline 0 -22"><span class='ocrx_word' id='word_1_239' title='bbox 645 3575 984 3667; x_wconf 79' lang='lat' dir='ltr'><strong>Bardine,</strong></span> <span class='ocrx_word' id='word_1_240' title='bbox 1022 3574 1315 3670; x_wconf 90' lang='lat' dir='ltr'><strong>imperio</strong></span> <span class='ocrx_word' id='word_1_241' title='bbox 1354 3574 1633 3647; x_wconf 84' lang='lat' dir='ltr'><strong>fidelem</strong></span> <span class='ocrx_word' id='word_1_242' title='bbox 1665 3582 2044 3667; x_wconf 81' lang='lat' dir='ltr'><strong>nostreque</strong></span> <span class='ocrx_word' id='word_1_243' title='bbox 2096 3573 2477 3665; x_wconf 87' lang='lat' dir='ltr'><strong>majestatis</strong></span> <span class='ocrx_word' id='word_1_244' title='bbox 2529 3571 2860 3645; x_wconf 86' lang='lat' dir='ltr'><strong>devotum</strong></span> <span class='ocrx_word' id='word_1_245' title='bbox 2908 3586 3482 3667; x_wconf 81' lang='lat' dir='ltr'><strong>recognoscentes</strong></span> 
     </span>
     <span class='ocr_line' id='line_1_26' title="bbox 651 3695 3478 3792; baseline 0.001 -21"><span class='ocrx_word' id='word_1_246' title='bbox 651 3708 725 3771; x_wconf 91' lang='lat' dir='ltr'><strong>et</strong></span> <span class='ocrx_word' id='word_1_247' title='bbox 777 3697 1180 3771; x_wconf 91' lang='lat' dir='ltr'><strong>omnimodo</strong></span> <span class='ocrx_word' id='word_1_248' title='bbox 1232 3698 1725 3792; x_wconf 87' lang='lat' dir='ltr'><strong>obsequiosum</strong></span> <span class='ocrx_word' id='word_1_249' title='bbox 1771 3695 2249 3789; x_wconf 81' lang='lat' dir='ltr'><strong>attendenteS,</strong></span> <span class='ocrx_word' id='word_1_250' title='bbox 2304 3695 2394 3768; x_wconf 90' lang='lat' dir='ltr'><strong>de</strong></span> <span class='ocrx_word' id='word_1_251' title='bbox 2445 3696 2950 3769; x_wconf 90' lang='lat' dir='ltr'><strong>consuetudine</strong></span> <span class='ocrx_word' id='word_1_252' title='bbox 2989 3699 3478 3773; x_wconf 84' lang='lat' dir='ltr'><strong>benevolentie</strong></span> 
     </span>
     <span class='ocr_line' id='line_1_27' title="bbox 650 3796 3481 3919; baseline 0.001 -24"><span class='ocrx_word' id='word_1_253' title='bbox 650 3833 887 3897; x_wconf 89' lang='lat' dir='ltr'><strong>nostre</strong></span> <span class='ocrx_word' id='word_1_254' title='bbox 911 3822 1233 3917; x_wconf 83' lang='lat' dir='ltr'><strong>largitate</strong></span> <span class='ocrx_word' id='word_1_255' title='bbox 1267 3819 1421 3919; x_wconf 82' lang='lat' dir='ltr'><strong>(sic)</strong></span> <span class='ocrx_word' id='word_1_256' title='bbox 1451 3796 1808 3917; x_wconf 86' lang='lat' dir='ltr'><strong>tamquam</strong></span> <span class='ocrx_word' id='word_1_257' title='bbox 1839 3821 2020 3893; x_wconf 89' lang='lat' dir='ltr'><strong>bene</strong></span> <span class='ocrx_word' id='word_1_258' title='bbox 2051 3822 2300 3893; x_wconf 90' lang='lat' dir='ltr'><strong>merito</strong></span> <span class='ocrx_word' id='word_1_259' title='bbox 2334 3820 2523 3912; x_wconf 80' lang='lat' dir='ltr'><strong>regia</strong></span> <span class='ocrx_word' id='word_1_260' title='bbox 2555 3821 2875 3893; x_wconf 86' lang='lat' dir='ltr'><strong>volentes</strong></span> <span class='ocrx_word' id='word_1_261' title='bbox 2908 3824 3333 3918; x_wconf 88' lang='lat' dir='ltr'><strong>respondere</strong></span> <span class='ocrx_word' id='word_1_262' title='bbox 3362 3848 3481 3897; x_wconf 90' lang='lat' dir='ltr'><strong>re·</strong></span> 
     </span>
     <span class='ocr_line' id='line_1_28' title="bbox 651 3942 3480 4042; baseline 0.001 -24"><span class='ocrx_word' id='word_1_263' title='bbox 651 3946 1246 4042; x_wconf 84' lang='lat' dir='ltr'><strong>compensatione,</strong></span> <span class='ocrx_word' id='word_1_264' title='bbox 1276 3945 1525 4018; x_wconf 87' lang='lat' dir='ltr'><strong>damus</strong></span> <span class='ocrx_word' id='word_1_265' title='bbox 1553 3946 1652 4038; x_wconf 92' lang='lat' dir='ltr'><strong>ei,</strong></span> <span class='ocrx_word' id='word_1_266' title='bbox 1687 3944 1849 4017; x_wconf 86' lang='lat' dir='ltr'><strong>filiis</strong></span> <span class='ocrx_word' id='word_1_267' title='bbox 1875 3944 2249 4016; x_wconf 90' lang='lat' dir='ltr'><strong>heredibus</strong></span> <span class='ocrx_word' id='word_1_268' title='bbox 2278 3942 2421 4014; x_wconf 89' lang='lat' dir='ltr'><strong>suis</strong></span> <span class='ocrx_word' id='word_1_269' title='bbox 2458 3943 2528 4014; x_wconf 92' lang='lat' dir='ltr'><strong>in</strong></span> <span class='ocrx_word' id='word_1_270' title='bbox 2560 3955 2975 4038; x_wconf 88' lang='lat' dir='ltr'><strong>perpetuum</strong></span> <span class='ocrx_word' id='word_1_271' title='bbox 2994 3957 3206 4041; x_wconf 89' lang='lat' dir='ltr'><strong>atque</strong></span> <span class='ocrx_word' id='word_1_272' title='bbox 3226 3968 3480 4020; x_wconf 88' lang='lat' dir='ltr'><strong>conce·</strong></span> 
     </span>
     <span class='ocr_line' id='line_1_29' title="bbox 652 4067 3480 4165; baseline 0 -22"><span class='ocrx_word' id='word_1_273' title='bbox 652 4069 884 4143; x_wconf 91' lang='lat' dir='ltr'><strong>dimus</strong></span> <span class='ocrx_word' id='word_1_274' title='bbox 910 4073 1070 4165; x_wconf 90' lang='lat' dir='ltr'><strong>jure</strong></span> <span class='ocrx_word' id='word_1_275' title='bbox 1110 4069 1544 4143; x_wconf 85' lang='lat' dir='ltr'><strong>honorabilis</strong></span> <span class='ocrx_word' id='word_1_276' title='bbox 1578 4068 1768 4141; x_wconf 81' lang='lat' dir='ltr'><strong>feudi</strong></span> <span class='ocrx_word' id='word_1_277' title='bbox 1811 4077 1882 4140; x_wconf 91' lang='lat' dir='ltr'><strong>et</strong></span> <span class='ocrx_word' id='word_1_278' title='bbox 1924 4067 2331 4140; x_wconf 73' lang='lat' dir='ltr'><strong>investitur-e</strong></span> <span class='ocrx_word' id='word_1_279' title='bbox 2366 4067 2767 4137; x_wconf 85' lang='lat' dir='ltr'><strong>facultatem</strong></span> <span class='ocrx_word' id='word_1_280' title='bbox 2799 4089 2883 4138; x_wconf 88' lang='lat' dir='ltr'><strong>ac</strong></span> <span class='ocrx_word' id='word_1_281' title='bbox 2923 4067 3208 4139; x_wconf 88' lang='lat' dir='ltr'><strong>liberam</strong></span> <span class='ocrx_word' id='word_1_282' title='bbox 3247 4081 3480 4164; x_wconf 92' lang='lat' dir='ltr'><strong>potes-</strong></span> 
     </span>
     <span class='ocr_line' id='line_1_30' title="bbox 645 4191 3484 4285; baseline -0 -17"><span class='ocrx_word' id='word_1_283' title='bbox 645 4206 868 4268; x_wconf 79' lang='lat' dir='ltr'><strong>tatem</strong></span> <span class='ocrx_word' id='word_1_284' title='bbox 900 4194 1271 4269; x_wconf 86' lang='lat' dir='ltr'><strong>ordinandi</strong></span> <span class='ocrx_word' id='word_1_285' title='bbox 1303 4204 1375 4266; x_wconf 93' lang='lat' dir='ltr'><strong>et</strong></span> <span class='ocrx_word' id='word_1_286' title='bbox 1407 4193 1704 4266; x_wconf 86' lang='lat' dir='ltr'><strong>faciendi</strong></span> <span class='ocrx_word' id='word_1_287' title='bbox 1746 4193 1926 4265; x_wconf 90' lang='lat' dir='ltr'><strong>filios</strong></span> <span class='ocrx_word' id='word_1_288' title='bbox 1957 4192 2309 4285; x_wconf 84' lang='lat' dir='ltr'><strong>legitimos</strong></span> <span class='ocrx_word' id='word_1_289' title='bbox 2349 4191 2470 4284; x_wconf 91' lang='lat' dir='ltr'><strong>qui</strong></span> <span class='ocrx_word' id='word_1_290' title='bbox 2504 4213 2645 4263; x_wconf 94' lang='lat' dir='ltr'><strong>non</strong></span> <span class='ocrx_word' id='word_1_291' title='bbox 2684 4202 2847 4263; x_wconf 89' lang='lat' dir='ltr'><strong>sunt</strong></span> <span class='ocrx_word' id='word_1_292' title='bbox 2876 4191 3164 4284; x_wconf 82' lang='lat' dir='ltr'><strong>legitimi</strong></span> <span class='ocrx_word' id='word_1_293' title='bbox 3202 4203 3273 4265; x_wconf 90' lang='lat' dir='ltr'><strong>et</strong></span> <span class='ocrx_word' id='word_1_294' title='bbox 3303 4193 3484 4267; x_wconf 83' lang='lat' dir='ltr'><strong>filios</strong></span> 
     </span>
     <span class='ocr_line' id='line_1_31' title="bbox 653 4314 3484 4416; baseline -0.001 -23"><span class='ocrx_word' id='word_1_295' title='bbox 653 4319 1021 4416; x_wconf 88' lang='lat' dir='ltr'><strong>adoptivos</strong></span> <span class='ocrx_word' id='word_1_296' title='bbox 1085 4328 1156 4392; x_wconf 92' lang='lat' dir='ltr'><strong>et</strong></span> <span class='ocrx_word' id='word_1_297' title='bbox 1208 4318 1483 4412; x_wconf 88' lang='lat' dir='ltr'><strong>judices</strong></span> <span class='ocrx_word' id='word_1_298' title='bbox 1537 4317 1923 4390; x_wconf 90' lang='lat' dir='ltr'><strong>ordinarios</strong></span> <span class='ocrx_word' id='word_1_299' title='bbox 1975 4314 2076 4414; x_wconf 82' lang='lat' dir='ltr'><strong>(b)</strong></span> <span class='ocrx_word' id='word_1_300' title='bbox 2139 4326 2210 4389; x_wconf 93' lang='lat' dir='ltr'><strong>et</strong></span> <span class='ocrx_word' id='word_1_301' title='bbox 2268 4316 2610 4407; x_wconf 77' lang='grc'><strong>1101111105,</strong></span> <span class='ocrx_word' id='word_1_302' title='bbox 2662 4326 2734 4387; x_wconf 87' lang='grc'><strong>01</strong></span> <span class='ocrx_word' id='word_1_303' title='bbox 2791 4316 2998 4388; x_wconf 89' lang='lat' dir='ltr'><strong>etiam</strong></span> <span class='ocrx_word' id='word_1_304' title='bbox 3045 4317 3358 4411; x_wconf 85' lang='lat' dir='ltr'><strong>accipere</strong></span> <span class='ocrx_word' id='word_1_305' title='bbox 3410 4329 3484 4391; x_wconf 88' lang='lat' dir='ltr'><strong>et</strong></span> 
     </span>
     <span class='ocr_line' id='line_1_32' title="bbox 655 4439 3481 4536; baseline -0.001 -20"><span class='ocrx_word' id='word_1_306' title='bbox 655 4444 917 4516; x_wconf 84' lang='lat' dir='ltr'><strong>elluere</strong></span> <span class='ocrx_word' id='word_1_307' title='bbox 955 4452 1028 4515; x_wconf 87' lang='lat' dir='ltr'><strong>et</strong></span> <span class='ocrx_word' id='word_1_308' title='bbox 1059 4440 1429 4515; x_wconf 82' lang='lat' dir='ltr'><strong>extrahere</strong></span> <span class='ocrx_word' id='word_1_309' title='bbox 1459 4439 1636 4514; x_wconf 87' lang='lat' dir='ltr'><strong>dnos</strong></span> <span class='ocrx_word' id='word_1_310' title='bbox 1665 4440 1993 4515; x_wconf 87' lang='lat' dir='ltr'><strong>‘homines</strong></span> <span class='ocrx_word' id='word_1_311' title='bbox 2023 4439 2575 4535; x_wconf 84' lang='lat' dir='ltr'><strong>condempnatos</strong></span> <span class='ocrx_word' id='word_1_312' title='bbox 2617 4440 2689 4512; x_wconf 93' lang='lat' dir='ltr'><strong>in</strong></span> <span class='ocrx_word' id='word_1_313' title='bbox 2720 4462 3022 4536; x_wconf 88' lang='lat' dir='ltr'><strong>persona</strong></span> <span class='ocrx_word' id='word_1_314' title='bbox 3058 4451 3128 4513; x_wconf 89' lang='lat' dir='ltr'><strong>et</strong></span> <span class='ocrx_word' id='word_1_315' title='bbox 3156 4441 3233 4513; x_wconf 88' lang='lat' dir='ltr'><strong>in</strong></span> <span class='ocrx_word' id='word_1_316' title='bbox 3266 4463 3481 4536; x_wconf 87' lang='lat' dir='ltr'><strong>pecu·</strong></span> 
     </span>
    </p>
   </div>
   <div class='ocr_carea' id='block_1_4' title="bbox 740 4700 3165 4974">
    <p class='ocr_par' dir='ltr' id='par_1_5' title="bbox 740 4700 3165 4974">
     <span class='ocr_line' id='line_1_33' title="bbox 743 4700 1474 4779; baseline -0.001 -19"><span class='ocrx_word' id='word_1_317' title='bbox 743 4700 827 4779; x_wconf 85' lang='lat' dir='ltr'><strong>(a)</strong></span> <span class='ocrx_word' id='word_1_318' title='bbox 872 4700 944 4760; x_wconf 90' lang='lat' dir='ltr'><strong>In</strong></span> <span class='ocrx_word' id='word_1_319' title='bbox 968 4702 1218 4779; x_wconf 84' lang='lat' dir='ltr'><strong>registro</strong></span> <span class='ocrx_word' id='word_1_320' title='bbox 1244 4701 1474 4760; x_wconf 76' lang='lat' dir='ltr'><strong>mentis.</strong></span> 
     </span>
     <span class='ocr_line' id='line_1_34' title="bbox 740 4801 1613 4885; baseline -0.002 -20"><span class='ocrx_word' id='word_1_321' title='bbox 740 4804 823 4885; x_wconf 79' lang='lat' dir='ltr'><strong>(b)</strong></span> <span class='ocrx_word' id='word_1_322' title='bbox 866 4807 940 4867; x_wconf 92' lang='lat' dir='ltr'><strong>Iu</strong></span> <span class='ocrx_word' id='word_1_323' title='bbox 968 4807 1215 4884; x_wconf 80' lang='lat' dir='ltr'><strong>registro</strong></span> <span class='ocrx_word' id='word_1_324' title='bbox 1240 4801 1613 4865; x_wconf 73' lang='lat' dir='ltr'><strong>ordinandos.</strong></span> 
     </span>
     <span class='ocr_line' id='line_1_35' title="bbox 820 4911 3165 4974; baseline -0.003 0"><span class='ocrx_word' id='word_1_325' title='bbox 820 4911 926 4974; x_wconf 74' lang='lat' dir='ltr'><strong>Vl.</strong></span> <span class='ocrx_word' id='word_1_326' title='bbox 969 4928 1073 4972; x_wconf 70' lang='lat' dir='ltr'><strong>Pars</strong></span> <span class='ocrx_word' id='word_1_327' title='bbox 1097 4929 1144 4974; x_wconf 78' lang='lat'><strong>2.</strong></span> <span class='ocrx_word' id='word_1_328' title='bbox 3052 4916 3076 4968; x_wconf 83' lang='lat'>1</span> <span class='ocrx_word' id='word_1_329' title='bbox 3096 4915 3165 4967; x_wconf 82' lang='lat'><strong>19</strong></span> 
     </span>
    </p>
   </div>
  </div>
 </body>
</html>
