4525 6031
1046 637 1204 697 1000
1954 632 2209 691 INDEX
2259 629 2970 693 DOCUMENTORUM.

1064 836 1290 912 1250

1035 964 1295 1024 decemb.
1446 962 1681 1038 Fogiae.
1814 957 2148 1037 Manflidm
2168 960 2444 1038 princeps
2488 960 2839 1019 Tarentinus
2875 960 3142 1021 Conrado
3180 960 3587 1021 Romanorum
3627 966 3686 1020 et
3727 958 3876 1019 Sici-

1894 1058 2005 1117 liae
2039 1060 2162 1135 regi
2189 1058 2358 1117 fratri
2395 1074 2503 1116 suo
2543 1060 2724 1132 patris
2765 1060 2854 1117 sui
2896 1060 3267 1134 imperatoris
3304 1056 3587 1116 Friderici
3626 1063 3875 1117 mortem

1890 1154 2210 1231 significat,
2243 1157 2309 1212 in
2333 1153 2450 1212 hoc
2483 1155 2903 1214 consolationis
2935 1154 3193 1214 remedia
3216 1153 3471 1214 offerens
3495 1153 3656 1231 quod
3686 1155 3876 1230 impe-

1889 1260 2048 1312 rator
2077 1255 2385 1312 victoriose
2414 1253 2567 1311 vixit
2592 1258 2654 1312 et
2677 1251 3161 1312 christianissime
3186 1252 3353 1312 obiit.
3517 1259 3528 1268 ·
3756 1259 3826 1310 8ι
3842 1260 3867 1309 1

1809 1584 2174 1627 nocuum-u
2212 1585 2399 1627 unu
2440 1585 2523 1626 An
2565 1585 2673 1627 aas
2714 1566 2997 1628 assume
3037 1586 3111 1627 rr
3145 1583 3437 1628 municas
3475 1583 3872 1627 sncnmn.

1084 1737 1259 1815 [anno
1347 1784 1365 1800 ‚
1425 1784 1776 1804 ‚‚‚‚‚‚
1811 1724 2124 1785 Ludwicm
2171 1727 2261 1786 IX
2303 1726 2664 1786 Francorum
2706 1743 2816 1785 rex
2843 1725 3134 1785 Friderlco
3171 1726 3573 1785 Romanorum
3620 1726 3874 1801 impera·

1029 1834 1296 1911 aeuum]
1888 1825 2004 1882 tori
2036 1824 2230 1884 denuo
2266 1826 2502 1900 scribit,
2536 1840 2749 1901 rogans
2788 1824 3107 1882 instantius
3139 1838 3245 1897 pro
3278 1821 3620 1881 liberatione
3650 1823 3875 1897 praela-

1887 1927 2083 1980 torum
2118 1922 2437 1999 Franciae‚
2468 1937 2829 1996 monensque
2864 1935 3109 1997 regnum
3139 1918 3421 1979 Franciae
3449 1935 3568 1979 non
3595 1920 3742 1978 adeo
3769 1919 3873 1979 de-

1056 2001 1284 2077 1242
1887 2017 2187 2077 bilitatum
2217 2019 2380 2095 quod
2408 2035 2471 2078 se
2500 2019 2806 2093 permittat
2836 2015 3161 2077 calcaribus
3192 2017 3513 2093 perurgeri.
3800 2026 3873 2076 18

1084 2127 1260 2205 [anno
1345 2175 1361 2191 .
1427 2174 1774 2195 ......
1807 2150 1887 2161 -
1927 2116 2338 2176 Cardinalibus
2365 2116 2657 2174 Ecclesiae
2685 2115 2987 2174 Romanae
3021 2112 3222 2173 scribit
3258 2121 3327 2173 ut
3369 2114 3706 2190 postpositis
3744 2131 3874 2175 om-

1040 2225 1305 2302 exeunt]
1885 2214 2061 2274 nibus
2096 2229 2321 2273 novum
2351 2211 2686 2288 pontificem
2725 2212 2938 2289 eligere
2969 2217 3313 2288 procurent3
3353 2211 3641 2270 desidiam
3669 2228 3873 2272 eorum

1886 2315 2101 2371 acriter
2157 2314 2390 2370 incusat
2406 2354 2425 2387 ,
2472 2316 2790 2386 monetque
2843 2325 2919 2370 ne
2970 2311 3148 2369 minis
3201 2310 3481 2385 principis
3541 2308 3872 2368 deterrean-

1055 2389 1281 2464 1247
1884 2417 2004 2469 tur.
3798 2416 3873 2467 es

1080 2517 1253 2591 [febr.
1341 2563 1357 2578 ,
1421 2562 1438 2579 ,
1489 2563 1503 2580 ,
1556 2564 1571 2580 ‚
1624 2565 1637 2581 ,
1688 2565 1704 2582 ,
1755 2565 1772 2581 ,
1805 2539 1885 2550 -
1924 2505 2225 2566 Frlderico
2264 2505 2664 2565 Romanorum
2694 2504 3032 2580 imperatori
3062 2504 3284 2580 gratias
3316 2505 3442 2580 agit
3472 2502 3637 2579 quod
3672 2521 3875 2580 preces

1114 2606 1210 2664 vel
1883 2619 2021 2662 suas
2070 2619 2175 2678 pro
2227 2603 2585 2662 victualibus
2625 2604 2687 2660 in
2738 2601 3010 2677 passagio
3052 2616 3160 2658 suo
3201 2599 3548 2660 exhibendis
3588 2601 3873 2661 exaudie-

1041 2692 1302 2773 martlo·]
1885 2703 1990 2769 rit;
2024 2701 2098 2758 de
2124 2701 2410 2758 contracti
2440 2716 2578 2758 vero
2603 2698 2853 2757 foederis
2873 2698 3255 2757 innovatione
3278 2702 3562 2757 secretam
3585 2715 3691 2774 per
3716 2715 3873 2757 nun-

1052 2780 1276 2853 1242
1882 2801 2034 2856 tium
2070 2798 2509 2872 responsionem
2544 2797 2744 2855 mittit.
3758 2804 3862 2854 501

1031 2914 1104 2966 19
1123 2910 1299 2984 juna,
1464 2905 1639 2981 Apud
1802 2894 2084 2953 Hem-icus
2109 2890 2358 2973 Anqliae
2385 2909 2494 2951 rex
2520 2893 2597 2952 ad
2626 2895 3038 2968 imperatorem
3071 2893 3313 2951 nuntios
3338 2893 3522 2950 mittit
3549 2890 3626 2950 ad
3660 2890 3874 2952 foedus

1386 3004 1717 3065 xantonag,
1880 2992 2207 3052 ineundum
2252 2998 2459 3051 eontra
2494 3006 2699 3050 omnes
2739 2989 3038 3063 homines,
3082 2994 3326 3065 excepta
3370 2993 3569 3048 tamen
3607 2988 3873 3049 Romana

1882 3093 2165 3151 Ecclesia.
3795 3097 3870 3149 52

1052 3206 1086 3256 5
1114 3199 1273 3274 Julii.
1451 3190 1644 3271 'Apud
1804 3222 1883 3232 —
1922 3188 2210 3247 Omnibus
2248 3193 2454 3246 notum
2499 3185 2643 3245 facit
2679 3202 2742 3245 se
2772 3187 3013 3246 Petrum
3057 3186 3130 3244 de
3167 3181 3485 3261 Burdigala
3526 3191 3585 3244 et
3618 3185 3871 3245 Bartho-

1373 3292 1736 3354 Xanctonas,
1881 3288 2137 3346 lomeum
2178 3285 2369 3343 Peche
2410 3287 2649 3344 nuntios
2686 3286 2917 3342 mittere
2955 3299 3090 3342 cum
3135 3287 3427 3358 potestate
3468 3282 3709 3342 ineundi
3750 3282 3872 3342 foe-

1053 3351 1280 3429 1243
1881 3382 2036 3441 deris
2063 3383 2216 3439 inter
2242 3398 2305 3440 se
2331 3389 2390 3440 et
2418 3382 2780 3439 Fridericum
2815 3383 3251 3455 imperatorem.
3752 3390 3868 3442 905

1069 3490 1103 3540 8
1122 3484 1255 3558 jan.
1466 3486 1643 3563 Apud
1805 3511 1878 3523 —
1918 3478 2216 3536 Friderico
2265 3479 2602 3552 imperatori
2657 3480 3036 3552 conqueritur
3090 3477 3249 3551 quod
3293 3492 3490 3536 comes
3543 3476 3871 3538 Tolosauus

1353 3583 1750 3662 Burdigalam,
1879 3577 2012 3647 post
2049 3572 2253 3631 foedus
2288 3574 2626 3631 solemniter
2668 3575 2882 3639 initum
2925 3590 2960 3632 a
2996 3572 3279 3632 fidelitate
3319 3589 3427 3632 sua
3467 3575 3772 3632 recesserit
3809 3578 3869 3634 et

1882 3671 2002 3744 regi
2049 3670 2327 3728 Franciae
2374 3671 2710 3728 adversario
2758 3687 2867 3729 suo
2924 3670 3283 3742 adbaeserit,
3328 3668 3666 3745 supplicans
3707 3671 3867 3746 quod

1881 3766 1992 3825 sibi
2019 3768 2329 3825 consilium
2357 3767 2631 3841 praebeat
2665 3774 3056 3842 opportunum
3094 3773 3154 3826 et
3189 3767 3397 3825 ultima
3429 3766 3610 3826 verba
3645 3765 3867 3826 lsabel·

1884 3865 1972 3923 lae
2023 3864 2408 3939 imperatricis
2458 3866 2673 3923 sororis
2716 3879 2861 3922 suae
2904 3863 2981 3922 ad
3031 3866 3376 3922 memoriam
3427 3879 3705 3923 revocare
3759 3880 3867 3922 ve-

1047 3936 1276 4012 1245
1881 3962 1968 4020 lit.
3748 3968 3865 4021 soe

1046 4074 1083 4125 8
1106 4049 1302 4141 juni(
1466 4062 1645 4138 Apud
1805 4092 1879 4102 —
1921 4059 2285 4118 Frideiicnm
2341 4060 2740 4119 Romanorum
2792 4062 3195 4134 imperatorem
3259 4065 3528 4134 precatur
3582 4065 3653 4119 ut
3705 4076 3867 4119 nun-

1453 4162 1652 4219 West·
1880 4159 1994 4215 tios
2019 4172 2156 4214 suos
2173 4156 2611 4214 commendatos
2636 4156 2851 4214 habeat
2872 4171 3021 4232 quos
3047 4155 3123 4213 ad
3147 4155 3479 4228 concilium,
3504 4172 3679 4230 super
3705 4158 3866 4232 pacis

1338 4259 1770 4317 monasterium.
1880 4252 2297 4310 reformatione
2349 4251 2425 4310 ad
2474 4253 2601 4327 ejus
2649 4252 2932 4310 honorem
2984 4251 3385 4324 laboraturos,
3438 4254 3672 4311 mittere
3724 4269 3863 4329 pro-

1060 4324 1282 4399 1241
1878 4351 2066 4423 ponit.
3747 4357 3864 4408 290

1046 4434 1294 4525 [octoffi
1340 4492 1357 4509 .
1420 4488 1767 4510 ......
1801 4444 2057 4516 Quidam
2098 4443 2518 4519 archiepiscopi
2564 4445 2846 4504 Franciae
2889 4445 3251 4505 Frldericum
3295 4446 3697 4505 Romanorum
3748 4448 3860 4504 im·

1025 4547 1308 4621 circiter]
1881 4549 2208 4615 peratorem
2261 4542 2648 4602 exhortantur
2703 4544 2863 4618 quod
2914 4545 3201 4618 praelatos
3253 4544 3533 4604 Franciae
3591 4560 3741 4621 quos
3799 4546 3864 4602 in

1880 4653 2114 4697 carcere
2141 4645 2300 4698 tenet
2332 4639 2573 4699 liberare
2599 4640 2765 4709 velit,
2805 4657 2991 4715 quum
3020 4642 3080 4701 ld
3115 4645 3297 4720 possit
3321 4658 3447 4702 esse
3474 4643 3631 4702 viam
3658 4657 3864 4700 recon-

1878 4737 2191 4795 ciliationls
2217 4737 2291 4796 ad
2322 4736 2637 4797 Ecclesiam
2669 4744 2728 4797 et
2754 4739 2828 4798 ad
2858 4738 3071 4799 Deum.
3742 4746 3859 4798 898
