4525 6031
1584 652 1839 712 1NDEx
1884 652 2590 714 DOCUMENTORUM.
3383 659 3509 720 979

688 853 916 928 1245

1513 982 1840 1056 praesentia
1879 982 2254 1052 recesserint,
2301 980 2428 1054 ipse
2464 977 2669 1040 fideles
2714 982 3005 1041 Ecclesiae
3048 981 3113 1041 in
3150 982 3508 1045 Lombardia

1514 1079 1779 1137 animare
1804 1078 2043 1137 studeat
2075 1083 2148 1138 ut
2182 1080 2245 1137 in
2273 1078 2586 1138 devotione
2611 1078 2880 1156 ejusdem
2906 1079 3199 1139 Ecclesiae
3226 1081 3512 1142 stabiliter

1513 1181 1913 1250 perseverent.
3396 1188 3507 1238 123

660 1285 692 1334 7
735 1274 931 1335 octob.
1018 1280 1346 1358 Anagniae.
1435 1301 1515 1317 -
1553 1272 1849 1348 Raynerio
1894 1271 2146 1331 Sanctae
2189 1271 2413 1331 Μαι-1110
2456 1274 2518 1331 111
2569 1272 2883 1332 Cosmedin
2927 1273 3179 1333 diacono
3224 1274 3511 1334 cardinali

1513 1384 1619 1444 per
1664 1370 1991 1429 Mau-tinum
2036 1370 2317 1429 clericum
2363 1385 2539 1429 suum
2581 1370 2701 1429 duo
2753 1371 2938 1430 millia
2986 1373 3342 1448 quingentas
3380 1374 3511 1432 auri

1512 1466 1721 1524 uncias
1756 1467 1938 1524 mittit
1970 1481 2078 1541 pro
2115 1465 2406 1541 stipendio
2442 1481 2546 1541 per
2576 1481 2840 1525 mensem
2867 1466 3125 1525 militnm
3153 1472 3214 1525 et
3241 1467 3508 1543 peditum

1514 1576 1662 1637 quos
1689 1560 1763 1619 ad
1796 1560 2196 1621 defensionem
2226 1560 2472 1622 Viterbii
2499 1564 2861 1621 necessarios
2887 1578 3014 1621 esse
3039 1562 3275 1622 viderit.
3395 1575 3419 1622 1
3436 1573 3509 1623 30

660 1670 695 1721 9
737 1661 931 1721 octob.
1019 1664 1342 1742 Anagniae.
1434 1689 1513 1701 -—
1556 1657 1953 1717 Marchionem
1988 1659 2297 1717 Estensem
2328 1661 2392 1716 in
2428 1674 2538 1717 sua
2577 1661 2938 1733 protectione
2966 1660 3238 1734 susprit,
3272 1660 3429 1719 bona
3457 1664 3511 1720 ei

1514 1753 1825 1814 confirmat
1852 1771 2006 1832 quae
2043 1754 2302 1813 habebat
2343 1761 2605 1830 tempore
2651 1773 2771 1831 quo
2813 1756 3151 1821 Fridericus
3193 1759 3513 1831 imperator

1513 1856 2058 1912 excommunicatus
2088 1852 2232 1928 fuit,
2276 1853 2774 1929 alienationesque
2810 1861 3049 1913 revocat
3084 1853 3161 1913 ab
3191 1857 3318 1930 ipso
3346 1858 3511 1929 prin-

1513 1950 1643 2023 cipe
1670 1948 1743 2006 de
1770 1948 1941 2007 bonis
1966 1947 2323 2007 marchionis
2351 1947 2539 2007 factas
2556 1991 2572 2019 ,
2606 1954 2721 2008 etc.
3398 1959 3505 2011 131

686 2055 760 2108 23
790 2054 909 2108 oct.
1034 2046 1330 2107 Laterani.
1433 2076 1516 2091 —·
1554 2046 2014 2122 Archiepiscopo
2041 2046 2359 2105 Arborensi
2396 2046 2641 2105 mandat
2681 2052 2749 2106 ut
2783 2046 2859 2105 ab
2901 2050 3512 2107 excommunicatione

1512 2142 1787 2201 absolvat
1814 2142 2149 2201 Adelasiam
2188 2141 2488 2200 dominam
2526 2141 2832 2217 judicatus
2869 2145 3167 2203 Turritani
3206 2149 3268 2202 et
3303 2143 3510 2204 Gallu-

1511 2239 1626 2310 113,
1657 2255 1811 2314 quae
1837 2238 2065 2298 dudum
2094 2254 2412 2313 pravorum
2453 2238 2698 2297 seducta
2734 2239 2980 2297 consilio
3006 2239 3258 2298 Enzium
3298 2241 3509 2300 Fride-

1514 2337 1620 2395 rici
1646 2337 2012 2411 imperatoris
2040 2334 2238 2394 filium
2273 2336 2332 2407 in
2363 2337 2556 2393 virum
2588 2337 2829 2410 recepit.
3393 2347 3505 2398 135

687 2442 761 2493 28
790 2439 907 2494 oct.
1033 2433 1328 2495 Laterani.
1431 2464 1513 2479 -
1553 2431 1887 2491 Gnidonem
1947 2432 2174 2491 dictum
2218 2432 2507 2491 Guerram
2557 2434 2832 2490 comitem
2879 2431 3204 2507 palatinum
3257 2434 3508 2494 Tusciae

1510 2531 1615 2606 qni
1648 2536 1884 2588 secutus
1924 2528 2118 2588 fuerat
2157 2534 2353 2604 partes
2389 2529 2685 2587 Ecclesiae
2725 2530 2905 2586 etiam
2942 2543 3078 2587 cum
3118 2545 3335 2606 magno
3374 2531 3508 2591 dis-

1511 2627 1725 2702 pendio
1754 2641 1949 2685 rerum
1981 2641 2251 2694 suarum,
2283 2628 2490 2700 recipit
2515 2625 2626 2684 sub
2655 2625 2893 2700 speciali
2919 2630 3279 2702 protectione
3303 2628 3507 2688 Eccle-

1513 2725 1635 2782 siae
1662 2739 1800 2782 cum
1827 2724 2018 2793 terriS,
2047 2722 2536 2799 possessionibuS‚
2567 2724 2806 2790 castris,
2838 2728 2951 2781 etc.
3394 2735 3504 2786 136

684 2827 753 2878 12
783 2820 909 2879 dec.
1033 2823 1327 2882 Laterani.
1434 2850 1515 2864 -—-
1553 2819 1855 2879 Ludovlco
1895 2821 2257 2878 Francorum
2304 2821 2427 2895 regi
2477 2820 2710 2878 nuntiat
2750 2819 2910 2895 quod
2951 2820 3028 2879 ad
3069 2823 3504 2898 requisitionem

1515 2916 1590 2979 G.
1637 2917 2028 2977 archidiaconi
2075 2917 2537 2977 constantiensis
2593 2923 2654 2975 et
2699 2917 2994 2977 Guillelmi
3048 2918 3122 2977 de
3175 2919 3507 2981 Lemovicis

1513 3017 1861 3074 nuntiorum
1899 3018 2060 3091 ejus,
2097 3013 2175 3072 ad
2212 3017 2461 3091 gratiam
2504 3014 2874 3090 Apostolicae
2906 3013 3074 3075 Sedis
3110 3017 3183 3076 R.
3229 3021 3505 3077 comitem

691 3089 914 3164 1244
1514 3113 1875 3185 Tolosanum
1905 3111 2166 3171 admisit.
3393 3122 3503 3172 140

671 3226 738 3277 16
763 3220 935 3293 april.
1035 3219 1325 3279 Laterani.
1437 3239 1516 3254 —-
1556 3210 2003 3268 Concessionem
2044 3207 2378 3267 medietatis
2419 3208 2628 3267 Colisei
2681 3223 2817 3266 cum
2862 3209 3077 3283 palatio
3114 3211 3389 3268 exteriori
3445 3217 3506 3269 et

1508 3305 1744 3382 juribus
1771 3305 1846 3364 ab
1875 3306 2130 3364 Henrico
2159 3311 2220 3364 et
2246 3303 2467 3364 Jacobo
2494 3304 2937 3380 Fragapanibus
2963 3304 3194 3365 civibus
3223 3306 3504 3366 Romanis

1515 3402 1814 3461 Friderico
1862 3403 2198 3476 imperatori
2245 3417 2437 3474 nuper
2492 3399 2706 3459 factam
2749 3407 3017 3478 revocat,
3067 3407 3126 3460 et
3169 3403 3506 3477 juramenta

1516 3499 1706 3558 eidem
1735 3500 1985 3575 principi
2011 3515 2186 3572 super
2212 3498 2326 3556 hoc
2353 3500 2631 3572 praestita
2661 3498 2909 3556 relaxat.
3391 3510 3500 3560 187

669 3612 741 3662 3ο
769 3604 939 3678 april.
1040 3605 1333 3666 Laterani,
1438 3627 1519 3638 —
1555 3596 1985 3672 Lantgravium
2031 3596 2392 3672 Thuringiae
2437 3600 2638 3653 monet
2682 3596 3095 3670 imperatorem
3141 3596 3505 3656 Fridericum

1515 3708 1552 3751 a
1580 3699 1752 3767 pacto
1779 3694 1939 3769 pacis
1964 3708 2150 3767 nuper
2186 3695 2248 3750 in
2285 3692 2379 3749 die
2420 3691 2648 3750 Coenae
2677 3693 2911 3765 juratae
2953 3693 3177 3751 resilire
3219 3695 3502 3770 voluisse,

1513 3788 1897 3865 hortaturque
1926 3795 1995 3848 ut
2016 3791 2319 3866 negotium
2347 3788 2486 3846 fidei
2517 3805 2619 3863 per
2645 3790 2840 3863 ipsum
2869 3788 3270 3866 lantgravium
3297 3790 3505 3849 lauda-

1517 3884 1711 3944 biliter
1737 3885 2078 3943 inchoatum
2106 3886 2231 3958 ipse
2259 3886 2588 3959 promptius
2619 3889 2965 3959 exequatur.
3392 3895 3503 3944 189

685 3997 718 4046 9
741 3989 920 4065 junii.
1104 3983 1278 4060 Apud
1439 4013 1520 4025 —
1559 3981 1779 4041 Othoni
1804 3981 2087 4040 cardinali
2114 3983 2384 4055 episcopo
2410 3980 2720 4039 Portuensi
2746 3983 3153 4041 auctoritatem
3181 3981 3406 4040 confert
3428 3982 3505 4041 de

1039 4081 1338 4139 civitatem
1517 4080 1754 4156 negotio
1772 4081 1934 4153 pacis
1960 4093 2096 4136 cum
2121 4077 2382 4152 principe
2403 4076 2761 4136 tractandae.
3052 4085 3164 4136 199
3194 4083 3253 4136 et
3279 4085 3403 4137 not.
3439 4087 3499 4138 2.

991 4174 1407 4237 Castellanam.

670 4281 744 4331 28
762 4273 917 4348 junii
925 4314 1323 4333 .......
1391 4315 1406 4330 .
1444 4302 1518 4315 ——
1559 4270 1856 4347 Raynerio
1894 4270 2144 4330 Sanctae
2187 4268 2411 4328 Mariae
2461 4270 2525 4327 in
2572 4268 2884 4327 Cosmedin
2926 4269 3177 4328 diacono
3218 4269 3504 4329 cardinali

1521 4369 1676 4425 vices
1717 4382 1855 4425 suas
1890 4367 2205 4425 committit
2233 4367 2296 4423 in
2332 4367 2684 4440 patrimonio
2722 4367 2888 4424 Beati
2926 4368 3111 4443 Petri,
3148 4368 3209 4424 in
3255 4369 3500 4438 Tuscia,

1519 4463 1738 4522 ducatu
1764 4462 2078 4538 Spoletano
2101 4468 2162 4520 et
2188 4462 2451 4520 marchia
2479 4462 2867 4521 Anconitana.
3108 4471 3250 4540 201,
3281 4469 3405 4522 not.
3444 4473 3499 4523 1.

698 4570 732 4620 8
754 4561 916 4637 julii.
1067 4561 1310 4622 Januac.
1442 4592 1519 4604 --
1559 4561 1749 4621 Suum
1787 4560 1946 4637 apud
1980 4560 2236 4619 Januam
2279 4560 2506 4619 felicem
2547 4559 2868 4619 adventum
2913 4561 3208 4636 Raynerio
3256 4560 3505 4619 Sanctae

1519 4660 1741 4718 Mariae
1763 4660 1823 4717 in
1853 4658 2163 4718 Cosmedin
2191 4658 2439 4717 diacono
2465 4657 2745 4716 cardinali
2772 4660 3036 4728 nuntiat,
3069 4674 3317 4716 monens
3346 4660 3506 4734 quod

1521 4757 1585 4813 in
1611 4755 1903 4815 Ecclesiae
1931 4757 2182 4833 negotiis
2210 4756 2459 4815 viriliter
2486 4761 2545 4813 et
2570 4754 2888 4831 prudenter
2915 4770 2976 4814 se
3004 4753 3237 4814 habeat.
3388 4764 3497 4816 201
