4525 6031
915 530 1041 592 632
1915 538 2340 600 anmuct
2392 537 2736 599 SECUNDI
3359 534 3521 618 [Arm.
3559 534 3735 598 lm.

920 666 1294 740 dammodo
1321 669 1557 763 spoliis
1588 669 2149 767 dampnatorum.
2189 675 2333 745 Hac
2364 672 2575 764 igitur
2610 666 3164 743 consideratione
3193 669 3588 766 permoniti,
3619 670 3742 764 qui

919 789 1207 861 Romani
1254 792 1451 863 frena
1495 793 1767 888 imperii
1810 798 2281 887 moderamur,
2322 794 2760 867 attendentes
2802 813 3082 886 quoque
3123 814 3372 888 puram
3419 790 3629 864 fidem
3674 802 3746 864 et

921 912 1363 987 devotionem
1407 917 1746 990 sinceram
1791 930 2002 1013 quam
2048 924 2209 994 Otto
2255 942 2488 992 comes
2534 919 2881 1015 palatinus
2915 916 3089 989 Reni
3131 927 3202 988 et
3235 915 3386 988 dux
3426 915 3742 988 Bawarie

920 1033 1216 1107 dilectus
1256 1036 1578 1133 princeps
1612 1051 1850 1113 noster
1875 1043 1966 1114 ad
1994 1041 2481 1115 excellentiam
2528 1049 2834 1112 nostram
2870 1038 3082 1130 gerit,
3117 1059 3392 1110 necnon
3437 1047 3509 1110 et
3546 1047 3745 1130 grata

919 1157 1130 1230 valde
1166 1180 1248 1230 ac
1279 1157 1511 1233 fidelia
1538 1164 1846 1255 servitia,
1879 1188 2016 1259 que
2050 1165 2336 1238 culmini
2368 1174 2607 1237 nostro
2645 1164 3073 1234 incessanter
3103 1160 3388 1234 exhibet
3427 1171 3498 1233 et
3536 1159 3739 1232 exhi-

922 1279 1090 1352 bere
1110 1281 1366 1376 poterit
1400 1284 1471 1354 in
1503 1297 1709 1359 antea
1735 1290 2072 1380 gratiora,
2107 1288 2625 1361 considerantes
2661 1286 2869 1359 etiam
2904 1286 3340 1357 manifestam
3381 1282 3745 1379 perfidiam

923 1425 1133 1498 quam
1180 1407 1341 1478 Otto
1381 1406 1531 1479 dux
1572 1410 1877 1483 Meranie
1922 1412 2237 1506 proditor
2273 1421 2547 1501 noster,
2593 1408 3000 1482 adherendo
3038 1408 3413 1479 rebellibus
3451 1407 3739 1497 nostriS,

923 1537 1163 1601 contra
1196 1552 1324 1602 nos
1354 1540 1426 1602 et
1455 1532 1820 1627 imperium
1848 1535 2225 1631 proditorie
2253 1534 2623 1622 commisit,
2663 1533 3032 1605 comitatus
3071 1530 3161 1603 de
3191 1530 3640 1602 Nuemburch
3678 1540 3750 1602 et

925 1652 1439 1745 Scherdingen‚
1476 1678 1653 1749 quos
1689 1657 1874 1729 idem
1910 1658 2060 1730 dux
2097 1659 2401 1730 Meranie
2435 1680 2476 1728 a
2511 1657 2712 1729 nobis
2752 1667 2823 1728 et
2862 1656 3152 1752 imperio
3188 1655 3444 1744 tenuit,
3480 1655 3749 1750 prefato

924 1777 1157 1848 Ottoni
1186 1779 1417 1849 comiti
1443 1780 1755 1853 Palatino
1790 1782 1963 1853 Reni
2007 1791 2077 1853 et
2121 1780 2282 1853 duci
2317 1781 2635 1852 Bawarie
2685 1790 2756 1851 et
2790 1779 3166 1852 heredibus
3196 1779 3339 1850 suis
3381 1778 3742 1869 masculis,

926 1922 1086 1973 cum
1134 1902 1454 1974 omnibus
1495 1904 1771 1996 juribus
1823 1915 1894 1976 et
1942 1904 2374 1999 pertinentiis
2415 1903 2591 1994 suiS,
2629 1902 2720 1974 de
2764 1904 2988 1995 gratia
3034 1913 3270 1974 nostra
3308 1900 3641 1973 duximus
3676 1901 3749 1973 in

924 2035 1340 2121 perpetuum
1390 2028 1849 2100 conferendos
1888 2039 1967 2099 ut
2016 2028 2278 2099 servire
2325 2028 2616 2124 proinde
2653 2027 2855 2099 nobis
2897 2037 2969 2098 et
3008 2025 3301 2120 imperio
3349 2035 3741 2098 teneantur.

926 2147 1037 2219 Ad
1078 2147 1285 2240 hujus
1323 2158 1555 2221 autem
1607 2150 2071 2222 concessionis
2116 2159 2352 2223 nostre
2398 2150 2800 2222 memoriam
2842 2159 2913 2222 et
2953 2150 3269 2221 stabilem
3306 2146 3741 2240 firmitatem,

928 2291 1215 2364 presens
1246 2271 1575 2365 scriptum
1608 2270 1756 2343 fieri
1791 2281 1862 2343 et
1893 2273 2272 2364 majestatis
2303 2281 2539 2344 nostre
2572 2272 2796 2364 sigillo
2817 2272 3152 2365 jussimus
3184 2272 3619 2343 communiri.

1026 2395 1276 2466 Datum
1311 2395 1383 2464 in
1430 2396 1671 2467 castris
1702 2396 1774 2467 in
1807 2395 2345 2491 depopulatione
2376 2395 2758 2484 Parmensi,
2796 2416 2924 2490 per
2955 2416 3204 2466 manus
3232 2394 3540 2487 magistri
3569 2395 3753 2467 Petri

929 2517 1019 2590 de
1050 2518 1270 2590 Vinea
1312 2518 1686 2613 imperialis
1730 2523 1889 2592 aule
1933 2519 2441 2616 prothonotarii
2488 2529 2557 2590 et
2597 2518 2793 2611 regni
2837 2518 3066 2591 Sicilie
3131 2519 3521 2611 logothete,
3566 2542 3753 2593 anno

928 2641 1273 2714 dominice
1343 2643 1838 2716 incarnationis
1879 2645 2246 2717 millesimo
2308 2642 2788 2716 ducentesimo
2854 2642 3388 2737 quadragesimo
3460 2653 3744 2733 octavo,

928 2787 1169 2838 mense
1188 2766 1398 2858 junii,
1432 2768 1522 2838 VI
1554 2766 1971 2840 indictionis.

589 3415 825 3520 33¹3,
1046 3409 1472 3494 Fridericus
1495 3473 1520 3518 ,
1582 3412 2105 3497 Romanorum
2169 3416 2618 3525 imperator,
2688 3416 3063 3526 significat
3114 3416 3373 3500 comiti
3445 3415 3757 3500 Novello

939 3568 1342 3654 prosperos
1377 3569 1724 3628 rumores
1760 3547 1856 3629 de
1910 3548 2242 3632 exercitu
2299 3576 2439 3633 suo
2480 3560 2557 3632 et
2609 3552 2996 3659 quomodo
3047 3535 3642 3634 Mediolanenses
3683 3559 3759 3631 et

940 3674 1416 3760 Placentinos
1452 3688 1627 3759 ante
1661 3676 2178 3763 Florensolam
2216 3679 2619 3791 fugaverit.

1108 3917 1298 3996 (Edit.
1342 3920 1405 3977 ln
1441 3917 1610 3978 Petra·
1634 3916 1703 3977 aa
1741 3918 1870 3979 Vin.
1911 3920 2105 3998 epist„
2136 3921 2242 3981 nb.
2270 3921 2363 3997 11,
2392 3938 2522 3998 cap.
2555 3920 3182 3984 XLV111.con.cum
3208 3920 3341 3980 eod.
3374 3920 3527 3982 nun.
3556 3919 3753 3981 cesar.

1183 4023 1397 4094 Paris„
1410 4021 1596 4102 fonds
1620 4024 2042 4102 Notre-Dame,
2068 4037 2134 4086 n⁰
2151 4035 2266 4088 202
2282 4072 2299 4105 ‚
2321 4027 2454 4088 cod.
2473 4019 2861 4090 Mediomont.
2878 4027 3211 4106 Phnnpps„
3240 4035 3308 4085 n⁰
3333 4034 3512 4099 8390,
3538 4032 3599 4085 et
3619 4024 3749 4086 cod.

1188 4128 1491 4191 Guelferb.
1521 4130 1670 4192 Blbl.
1705 4131 1865 4209 Aug.
1895 4132 2066 4207 XIII,
2102 4132 2189 4212 4.)

1040 4346 1454 4433 FridericuS,
1494 4356 1663 4434 etc.,
1691 4346 1926 4417 comiti
1963 4347 2278 4437 Novello,
2311 4358 2447 4418 etc.
2487 4346 2575 4417 Ut
2601 4345 2951 4419 victoriosi
2986 4345 3333 4418 exercitus
3357 4342 3576 4415 nostri
3604 4365 3762 4440 pro-

944 4494 1179 4546 cessus
1231 4469 1635 4541 fidelitatem
1682 4479 1872 4541 tuam
1922 4493 2064 4543 non
2112 4474 2323 4544 lateat
2382 4470 2641 4542 veritas
2683 4492 2823 4564 que
2869 4471 3293 4562 frequenter,
3343 4480 3424 4540 ut
3466 4469 3757 4558 assolet,

944 4593 1361 4689 loquacitate
1392 4592 1835 4663 referentium
1868 4595 2199 4686 variatur,
2232 4615 2517 4689 presens
2552 4603 2619 4665 te
2654 4594 2958 4667 veridica
2990 4594 3242 4689 pagina
3278 4593 3527 4665 doceat
3570 4592 3759 4685 quod
