4525 6031
1012 663 1132 725 754
2006 664 2433 725 anmuct
2483 662 2837 725 sEctmm
3450 663 3614 746 [Anu.
3652 662 3828 727 124⁰.

1010 809 1465 870 manutenere
1499 810 1569 870 et
1597 799 1974 873 defendere
2011 803 2334 873 volumus
2374 810 2446 871 et
2485 799 2556 870 in
2599 799 2815 894 ipsius
2851 797 3236 870 inviolabili
3278 799 3503 891 gratia
3558 821 3837 872 conser-

1006 943 1174 994 vare
1211 933 1283 994 et
1315 936 1765 1015 augmentare
1803 924 1987 1019 ipsas
2023 924 2475 1020 proponimus
2500 976 2520 1014 ,
2558 923 2736 995 sicut
2768 921 3135 1012 exegerint
3159 931 3552 994 vestrorum
3584 922 3832 996 suffra·

1004 1045 1120 1138 gia
1159 1046 1604 1137 meritorum3
1645 1050 1959 1119 volentes
1991 1048 2184 1140 quod
2230 1046 2641 1141 privilegiiS‚
2675 1043 3223 1140 possessionibus
3255 1053 3328 1116 et
3363 1046 3619 1118 tenutis
3653 1067 3830 1138 quas

1003 1168 1368 1240 habebatis
1399 1180 1561 1241 ante
1592 1192 1914 1263 guerram
1948 1172 2296 1267 inceptam
2333 1171 2515 1243 inter
2550 1169 2929 1241 Ecclesiam
2964 1169 3341 1240 Romanam
3369 1179 3440 1240 et
3467 1169 3828 1242 dominum

1003 1293 1409 1365 Federicum
1450 1294 1936 1388 imperatorem
1966 1291 2091 1393 [et]
2132 1305 2298 1366 tunc
2329 1293 2658 1389 temporis
2694 1292 3037 1365 tenebatis
3068 1291 3160 1364 de
3175 1292 3335 1385 jure
3376 1302 3517 1362 tam
3547 1293 3618 1364 in
3654 1293 3829 1365 mari

1002 1440 1213 1511 quam
1245 1419 1317 1488 in
1348 1428 1554 1507 terra,
1590 1419 1661 1488 in
1697 1430 2051 1512 posterum
2074 1419 2177 1490 uti
2206 1419 2424 1490 libere
2451 1417 2765 1489 valeatis.
2797 1418 2942 1487 Hec
2968 1425 3202 1487 autem
3221 1415 3452 1487 omnia
3470 1424 3542 1488 et
3554 1416 3828 1509 singula

1001 1542 1170 1615 dum
1203 1543 1274 1613 in
1305 1543 1611 1614 Ecclesie
1637 1540 1974 1613 fidelitate
2006 1542 2468 1637 perstiteritis,
2505 1541 2707 1614 vobis
2737 1541 3062 1613 volumus
3095 1539 3476 1611 observari.
3516 1540 3594 1611 In
3627 1542 3828 1633 cujus

1000 1665 1102 1736 rei
1172 1664 1643 1737 testimonium
1698 1686 1984 1758 presens
2038 1664 2477 1760 privilegium
2538 1663 2704 1736 inde
2773 1660 2925 1735 fieri
2987 1662 3277 1735 fecimus
3340 1662 3547 1755 sigilli
3607 1663 3827 1735 nostri

1000 1786 1386 1863 munitione
1432 1789 1865 1865 roboratum.

1097 1912 1351 1989 Datum
1382 1912 1573 2006 apud
1616 1911 1908 1984 Civitam
1935 1912 2250 2002 Novam,
2289 1911 2439 1983 vul
2476 1908 2814 1983 kalendas
2857 1908 3286 2002 decembris,
3323 1930 3511 2042 anno
3548 1909 3826 1989 Domini

1000 2033 1364 2106 millesimo
1393 2034 1873 2107 ducentesimo
1905 2035 2442 2129 quadragesimo
2467 2055 2655 2106 nono
2681 2031 2815 2128 (l).

3590 2232 3801 2250 —‚

1066 2346 1144 2419 (4)
1180 2347 1262 2405 Ad
1288 2346 1581 2405 ornandam
1616 2346 2060 2405 documentorum
2089 2346 2285 2404 seriem
2311 2360 2601 2419 rerumque
2634 2346 3036 2403 successionem
3069 2346 3449 2405 elucidandam
3466 2389 3483 2419 ,
3511 2348 3824 2408 chartarum

993 2460 1026 2502 a
1051 2443 1237 2519 legau's
1257 2444 1521 2520 Raynerio
1543 2450 1600 2507 et
1623 2445 1786 2503 Petro
1810 2460 1914 2518 pro
1938 2444 2106 2511 rebus
2126 2443 2401 2509 &rohiae
2413 2443 3059 2518 gerendisoonooasamm
3079 2444 3371 2519 epitomen,
3382 2448 3653 2520 quotqum
3667 2447 3825 2505 inve-

994 2541 1109 2599 nire
1129 2540 1426 2615 potuimus,
1458 2558 1606 2599 nunc
1627 2541 1945 2599 exhibemus
1971 2559 1987 2598 ι

1061 2638 1114 2697 Δ
1137 2639 1410 2714 Raynerio
1434 2638 1691 2701 meinai
1723 2638 1960 2699 Sanctae
1983 2638 2187 2699 Mariae
2218 2639 2275 2696 in
2309 2638 2629 2709 cosmedin,
2654 2638 2835 2699 vicem.
2861 2636 3067 2697 domini
3096 2653 3273 2713 papae
3306 2639 3614 2714 germain
3638 2639 3821 2701 Patri-

997 2736 1197 2807 monio‚
1226 2736 1443 2808 Tuscia,
1467 2736 1669 2795 ducatu
1697 2736 2069 2809 spoletano-et
2090 2737 2332 2797 marchia
2358 2736 2722 2794 Anconitana:

992 2834 1162 2904 ⁴248,
1208 2838 1241 2891 6
1269 2833 1390 2891 idus
1409 2834 1648 2906 ,ianuarii
1683 2833 1734 2908 (8
1755 2833 1921 2907 jam),
1951 2832 2238 2891 Tolentini.
2268 2834 2374 2891 Pro
2398 2832 2709 2890 hominibus
2732 2832 2917 2890 Sancti
2943 2832 3172 2891 Ginesii.

1025 2960 1099 2974 --
1202 2936 1234 2988 3
1262 2931 1383 2988 idus
1404 2931 1633 3002 januarii
1662 2934 1741 3004 (Η
1773 2930 1933 3004 iam),
1963 2929 2251 2989 Tolentini.
2287 2931 2394 2989 Pro
2431 2930 2755 2989 monasterio
2782 2930 2968 2990 Sancti
2994 2930 3243 2989 Bormani
3265 2930 3337 2989 ab
3362 2930 3672 2991 hominibus
3694 2932 3814 2991 Ma·

1273 3036 1489 3088 ceratae
1513 3037 1568 3086 et
1590 3030 1850 3088 Friderici
1875 3030 2046 3104 copiis
2070 3030 2373 3088 devastato.

1027 3158 1100 3176 -ν
1204 3126 1384 3188 idibus
1412 3127 1669 3185 februarii
1696 3128 1785 3200 (⁴3
1813 3125 2000 3200 teba),
2029 3127 2163 3185 Esii.
2190 3127 2511 3187 Hominibus
2538 3126 2650 3186 Reii
2673 3126 3041 3202 possessiones
3061 3126 3348 3186 confirmat
3376 3127 3567 3202 eisque
3589 3129 3830 3192 offena&

1277 3224 1335 3280 in
1358 3223 1655 3284 Ecclesiam
1682 3224 1861 3282 illatas
1889 3225 2133 3282 remittit.

1027 3349 1100 3363 —
1206 3323 1238 3375 3
1265 3320 1387 3377 idus
1413 3320 1592 3377 martii
1622 3321 1712 3394 (13
1740 3322 1947 3392 mart.)‚
1978 3323 2249 3378 Anconae.
2279 3321 2383 3378 Pro
2414 3320 2725 3378 hominibus
2747 3321 2941 3380 Montis
2967 3320 3112 3380 Ulmi
3138 3319 3206 3380 ab
3236 3320 3545 3379 hominibus
3570 3322 3815 3382 Maceta-

1274 3415 1655 3488 tae,1toberto
1681 3416 1751 3474 de
1779 3416 2064 3475 Castilione
2089 3424 2146 3474 et
2172 3417 2301 3475 aliis
2320 3417 2577 3475 Friderici
2602 3416 2903 3476 fautoribus
2925 3418 3206 3476 lacessitis.

1026 3542 1101 3564 -.-
1202 3517 1238 3572 δ
1266 3526 1442 3570 nonas
1466 3513 1595 3569 maii
1625 3512 1680 3585 (3
1703 3514 1877 3585 maii),
1902 3512 2180 3572 Διιοοωιο.
2206 3515 2313 3572 Pro
2331 3513 2641 3573 hominibus
2664 3514 2851 3588 Cagli
2880 3534 2907 3571 ι
2937 3513 3231 3574 dummodo
3261 3513 3431 3574 libere
3474 3517 3823 3577 mermini-

1275 3607 1345 3668 ad
1369 3609 1622 3668 mandata
1645 3608 1918 3668 Ecclesiae
1945 3616 2107 3684 atque
2128 3617 2333 3669 nostra.
2364 3629 2391 3663 »

1025 3738 1096 3751 —
1201 3707 1379 3764 idibus
1405 3707 1531 3763 maii
1559 3707 1649 3780 (45
1675 3707 1845 3778 maii),
1866 3707 2138 3766 Racanati.
2167 3708 2275 3766 Pro
2296 3707 2603 3765 hominibus
2627 3708 2824 3766 Montis
2851 3708 3037 3768 Cosari
3066 3710 3331 3768 adversus
3356 3710 3581 3769 Civitam
3604 3710 3811 3769 Novam

1270 3810 1326 3862 et
1352 3803 1629 3862 Gibelinos
1653 3803 2055 3861 lorisbannitos.

989 3933 1095 3945 -—
1200 3906 1233 3961 2
1252 3901 1391 3973 julii,
1421 3900 1647 3973 Cinguli.
1677 3900 1874 3957 Contra
1900 3900 2126 3958 Civitam
2150 3901 2359 3959 Novam
2384 3902 2733 3975 pertinaciter
2757 3902 3066 3976 imperatori
3090 3903 3498 3962 adhaerentem.

1021 4029 1090 4042 —
1197 4001 1229 4054 8
1259 3997 1514 4055 calendas
1536 3997 1750 4069 augusti
1778 4000 1869 4068 (25
1893 3997 1985 4069 iul.
1994 3996 2034 4071 )‚
2061 3997 2289 4071 Cinguli.
2306 3999 2407 4056 Pro
2430 3997 2737 4056 hominibus
2758 3999 2924 4056 Morti
2950 3999 3031 4102 de.
3042 3998 3200 4059 Valle
3220 4015 3253 4058 a
3275 3999 3548 4059 communi
3569 3999 3809 4059 Civitatis

1261 4095 1447 4153 Novae
1467 4100 1523 4151 et
1544 4111 1577 4151 a
1602 4094 1867 4152 Richardo
1894 4096 2088 4152 comite
2114 4095 2376 4153 Theatino
2405 4096 2696 4170 oppressis.

1019 4223 1089 4237 —
1197 4198 1229 4250 3
1258 4192 1515 4250 calendas
1542 4192 1774 4250 octobris
1803 4195 1891 4265 (28
1920 4194 2105 4267 sept.)
2130 4193 2262 4251 Esii.
2290 4195 2393 4251 Pro
2419 4193 2805 4251 communitate
2836 4192 3105 4252 Firmana.

987 4294 1153 4363 ⁴249,
1195 4293 1226 4345 3
1257 4292 1377 4347 idus
1405 4289 1583 4347 martii
1605 4291 1695 4362 (⁴3
1726 4290 1900 4363 mart.)
1924 4291 2105 4348 Firmi.
2135 4293 2240 4349 Pro
2268 4292 2593 4349 monasterio
2619 4291 2851 4350 Sanctae
2876 4291 3074 4349 Mariae
3094 4291 3165 4348 de
3189 4295 3373 4350 moute
3399 4290 3641 4350 senario.

1053 4391 1100 4446 A
1123 4389 1282 4445 Petro
1303 4387 1561 4460 Capoccio
1587 4387 1844 4446 cardinali
1872 4388 2051 4445 Sancti
2077 4388 2294 4462 Georgii
2322 4389 2391 4445 ad
2422 4389 2618 4447 Velum
2644 4389 2913 4445 Aureum:

1017 4515 1089 4527 —
1196 4488 1264 4540 ⁴6
1301 4484 1552 4542 calendas
1586 4483 1887 4540 decembris
1918 4486 2009 4556 (⁴6
2038 4485 2208 4560 nov.),
2249 4488 2569 4545 maceratae.
2609 4486 2713 4543 Pro
2750 4484 3054 4542 hominibus
3094 4486 3416 4544 Maceratae.
3449 4486 3573 4545 Vid.
3602 4501 3795 4562 supra,

1263 4598 1317 4655 p.
1343 4585 1471 4651 75⁴,
1501 4587 1615 4638 not.
1641 4584 1696 4638 4.

1015 4710 1088 4724 -
1197 4682 1229 4735 8
1257 4677 1513 4736 calendas
1537 4678 1841 4736 decembris
1870 4679 1967 4749 (24
1991 4678 2161 4751 nom),
2188 4679 2334 4754 apud
2367 4680 2651 4739 Civitatem
2683 4683 2910 4742 Novam.
2945 4681 3048 4738 Pro
3073 4680 3383 4739 hominibus
3407 4680 3651 4740 Civitatis
3680 4681 3799 4738 No·

1264 4791 1382 4834 vae.
1413 4775 1567 4846 Quod
1591 4774 1818 4834 edimus.
