4525 6031
712 544 923 604 Ῑιωιοτ.
951 542 1046 621 6.]
1606 540 2005 604 msTomA
2049 540 2646 604 DIPLOMATICA.
3421 541 3540 601 577

716 679 814 750 ris
844 689 916 751 et
944 678 1259 769 honoris,
1297 675 1653 750 devotioni
1684 689 1917 749 vestre
1953 679 2378 774 precipimus
2404 677 2732 771 quatinus
2763 675 2940 747 sicut
2968 695 3279 769 unquam
3316 674 3540 749 hono—

716 825 866 876 rem
899 812 1216 874 nostrum
1248 808 1320 873 et
1349 801 1620 896 imperii
1661 801 2156 874 exaltationem
2198 801 2482 893 diligitis
2516 810 2587 871 et
2623 800 2917 892 gratiam
2961 808 3268 870 nostram
3310 819 3543 871 caram

713 927 1015 1018 habetis,
1051 925 1396 1021 stipendia
1428 946 1558 1020 pro
1604 926 1821 997 tribus
1858 927 2211 999 mensibus
2252 949 2381 1022 pro
2413 924 2746 996 militibus
2778 924 3024 996 vestris
3054 923 3383 1018 predictis
3421 924 3545 1018 qui

717 1050 791 1121 in
815 1061 1052 1122 nostra
1081 1049 1264 1120 felici
1298 1049 1744 1143 expeditione
1768 1050 2179 1141 consistunt,
2198 1059 2338 1122 tam
2366 1049 2679 1120 hilariter
2701 1069 2912 1142 quam
2942 1048 3261 1118 celeriter
3294 1068 3544 1142 procu-

717 1175 925 1264 retis,
961 1181 1043 1243 ut
1093 1172 1215 1265 qui
1266 1194 1394 1266 per
1439 1172 1837 1244 missionem
1892 1194 2133 1244 eorum
2183 1174 2353 1245 satis
2397 1182 2637 1245 nostro
2686 1171 2969 1243 culmini
3014 1170 3407 1264 placuistis,
3452 1191 3544 1241 ex

718 1295 1045 1367 missione
1082 1294 1586 1389 stipendiorum
1617 1294 1707 1366 de
1734 1295 1987 1387 quibus
2029 1296 2362 1367 decenter
2405 1294 2777 1366 sustentari
2808 1294 3088 1365 valeant
3127 1293 3359 1388 potius
3389 1293 3544 1387 pla·

720 1418 958 1507 ceatis‚
993 1426 1076 1487 ut
1113 1417 1339 1510 dignis
1374 1428 1743 1512 propterea
1775 1439 1904 1490 vos
1947 1417 2517 1489 retributionibus
2562 1438 2891 1511 processu
2933 1418 3262 1510 temporis
3303 1438 3545 1511 prose-

718 1563 1041 1634 quamur.
1084 1540 1196 1612 Ad
1226 1541 1357 1612 hec
1389 1540 1731 1633 quidquid
1760 1540 1904 1613 Azo
1939 1541 2273 1613 Guidonis
2299 1542 2506 1612 Bonis
2529 1538 2621 1638 (P)
2657 1550 2728 1612 et
2762 1540 3086 1613 Albertus
3118 1541 3206 1612 de
3239 1542 3547 1612 Fontana

702 1664 977 1736 ‘latores
1003 1662 1469 1758 presentium,
1505 1661 1746 1736 fideles
1774 1665 2025 1756 nostri,
2058 1666 2171 1737 vel
2201 1686 2443 1736 eorum
2483 1665 2659 1735 alter
2702 1685 2913 1759 super
2953 1664 3247 1735 servitiis
3293 1664 3546 1735 nostris

722 1808 814 1859 ex
840 1797 1037 1881 parte
1070 1787 1287 1859 nostri
1315 1787 1635 1857 culminis
1658 1786 1859 1860 vobis
1897 1788 2117 1877 dicet,
2155 1788 2633 1861 indubitanter
2676 1787 2961 1859 credere
2999 1797 3070 1859 et
3103 1787 3357 1859 effectu
3398 1796 3544 1858 stu·

694 1910 942 1985 -deatis
967 1911 1225 2005 exequi
1259 1920 1330 1982 et
1361 1911 1735 2006 complere.

826 2461 1253 2546 Fridericus
1271 2526 1295 2568 ‚
1397 2463 1918 2548 Romanorum
2024 2466 2439 2575 imperator
2456 2528 2480 2574 ,
2565 2470 2952 2578 magistris
3041 2471 3544 2556 rationalibus

722 2592 1020 2710 Siciliae
1054 2597 1373 2678 mandat
1406 2596 1594 2704 quid
1646 2596 1728 2677 in
1774 2596 2115 2680 absentia
2162 2625 2304 2681 sua
2349 2599 2751 2682 observare
2794 2601 3119 2683 debeant
3163 2604 3240 2684 in
3298 2606 3545 2689 ratio-

720 2725 948 2808 nibus
985 2726 1084 2809 ab
1128 2726 1580 2809 officialibus
1629 2728 2063 2837 exigendis3
2097 2729 2378 2839 jubens
2423 2733 2633 2842 quod
2680 2734 2939 2815 omnia
2983 2735 3347 2818 mandata
3403 2764 3545 2820 sua

721 2866 888 2940 tum
921 2858 1018 2939 ad
1056 2858 1373 2964 fiscalia,
1413 2870 1584 2942 tum
1621 2860 1720 2942 ad
1756 2861 2090 2970 privatas
2124 2888 2490 2971 personas
2537 2865 2952 2974 spectantia
2996 2866 3318 2951 fideliter
3351 2870 3542 2951 nihil

722 2990 1006 3075 omisso
1041 2993 1566 3103 registi-entur.

886 3205 1078 3284 (Edit.
1103 3209 1170 3267 in
1205 3207 1375 3269 Petri
1409 3205 1479 3268 de
1524 3209 1649 3268 Vin.
1684 3210 1879 3287 epist„
1921 3207 2025 3269 lib.
2056 3211 2178 3284 111,
2211 3227 2343 3288 cap.
2374 3211 2603 3287 LX1113
2638 3214 2776 3274 coll.
2816 3231 2955 3275 cum
2988 3217 3120 3276 cod.
3158 3217 3307 3277 Bibl.
3347 3218 3543 3281 Cesar.

962 3314 1184 3392 Paria„
1196 3311 1386 3393 fonds
1405 3314 1823 3388 Nom-Dama,
1851 3326 1919 3374 n⁰
1946 3314 2115 3394 202.)

821 3501 1010 3572 Inter
1051 3500 1512 3574 accidentium
1551 3501 1968 3595 multiplices
2003 3502 2457 3596 diversosque
2488 3504 2770 3595 modOS,
2803 3506 2925 3598 qui
2966 3519 3337 3600 regnantes
3382 3513 3549 3583 insi·

725 3622 1010 3726 gruunt,
1046 3623 1248 3696 adest
1278 3625 1367 3696 de
1397 3625 1665 3716 magnis
1707 3625 2277 3719 participantibus
2311 3626 2604 3720 provida
2646 3629 2985 3702 modestia
3030 3633 3543 3707 mandatorum.

723 3745 901 3817 Nam
935 3748 1082 3819 sive
1115 3769 1243 3842 pro
1276 3769 1466 3820 mera
1502 3748 1724 3840 gratia
1756 3770 1967 3842 quam
1999 3749 2347 3841 aliquibus
2379 3752 2775 3842 conferant,
2811 3755 2927 3824 vel
2966 3756 3172 3845 juxta
3201 3759 3550 3850 justiciam

726 3870 1056 3942 mandata
1082 3894 1212 3967 per
1238 3872 1473 3943 literas
1506 3872 1808 3961 dirigant
1841 3870 1935 3943 ad
1964 3872 2346 3963 subjectOS,
2382 3882 2647 3944 motum
2681 3874 3024 3948 interioris
3058 3877 3356 3951 hominis
3382 3880 3551 3976 (quo

723 3992 959 4066 medio
991 3994 1064 4064 in
1097 4004 1329 4066 actum
1360 3996 1555 4066 velut
1586 3995 1677 4066 de
1710 3995 2020 4087 potentia
2062 3995 2332 4088 singula
2369 3997 2790 4093 prodeunt),
2822 4000 3038 4072 literis
3074 4004 3364 4094 credita,
3400 4028 3550 4078 me-

727 4114 894 4186 tallo
923 4116 1037 4187 vel
1072 4137 1233 4188 cera
1260 4116 1554 4209 figurata
1579 4117 1973 4189 mandantis
2004 4118 2273 4213 species
2301 4119 2710 4191 authorizat.
2746 4119 3395 4220 Quantumcumque
3426 4151 3552 4201 ve·

730 4247 1123 4310 rumtamen
1142 4238 1565 4312 dominantis
1589 4250 1883 4312 exornat
1912 4241 2239 4312 mandata
2266 4241 2578 4313 modesta
2608 4241 2924 4335 directi0‚
2945 4245 3198 4318 accidit
3217 4252 3548 4346 precipue

701 4361 975 4434 -adesse
1027 4363 1326 4435 dominis
1372 4361 1599 4436 fidelis
1646 4373 1716 4435 et
1760 4363 2055 4455 diligens
2107 4365 2429 4437 executio
2475 4366 2894 4458 eorundem,
2943 4391 2987 4441 a
3034 4371 3288 4462 quibus
3338 4376 3552 4449 tutius

726 4484 1038 4557 creditur
1067 4496 1138 4558 et
1171 4486 1400 4557 minus
1427 4487 1759 4559 indecens
1790 4496 2152 4581 reputatur
2182 4487 2374 4580 quod
2404 4488 2825 4583 imperantes
2856 4493 3251 4569 abstineant
3273 4519 3317 4569 a
3348 4519 3549 4570 man-

729 4606 940 4700 datis,
962 4630 1174 4701 quam
1206 4631 1333 4705 per
1362 4610 1766 4706 patientiam
1797 4609 2055 4682 nullius
2083 4611 2518 4684 executionis
2547 4633 2789 4685 eorum
2821 4615 3126 4690 indebite
3146 4622 3258 4693 vel
3288 4622 3549 4719 impro-

3662 2540 3887 2586 exeunte-l
