4525 6031
1055 680 1182 743 930
2156 677 2787 742 AanAMENTA.

1055 815 1246 886 Idem
1279 814 1596 886 fecerunt
1621 813 1866 906 Regini
1895 812 1984 886 de
2017 814 2509 887 Parmensibus
2536 836 2716 907 quos
2747 813 2840 886 ob
2870 812 3167 885 similem
3194 835 3473 886 causam
3503 812 3887 889 habebant.

1056 939 1187 1011 Pro
1220 938 1327 1010 bis
1357 960 1525 1030 ergo
1558 938 1893 1009 militibus
1921 938 2108 1009 misit
2135 939 2514 1034 imperator
2547 948 2618 1011 et
2648 937 3032 1010 vinculavit
3063 959 3185 1011 eos
3221 939 3291 1009 in
3324 938 3664 1029 Victoria,
3697 949 3769 1011 et
3800 960 3896 1012 ex

1057 1063 1194 1134 illis
1225 1062 1589 1135 occidebat
1614 1061 1899 1153 quando
1930 1062 2241 1151 volebat,
2275 1073 2351 1134 et
2380 1061 2686 1133 maxime
2711 1063 2998 1154 quando
3023 1039 3357 1134 insultum
3392 1062 3693 1135 faciebat
3718 1083 3890 1135 con·

1062 1194 1168 1258 tra
1198 1185 1676 1258 Parmensium
1714 1185 2062 1256 civitatem
2095 1186 2333 1257 verbis
2362 1185 2710 1278 injuriosis
2741 1195 2813 1256 et
2839 1207 3075 1280 pugna
3102 1238 3123 1275 ,
3157 1195 3228 1257 et
3258 1186 3440 1257 male
3467 1185 3763 1258 cedebat
3792 1184 3889 1257 ei.

1068 1361 1490 1381 ......
1548 1309 1944 1401 Aliquando
1982 1309 2190 1379 etiam
2222 1309 2438 1403 aliqui
2480 1308 2732 1381 milites
2772 1309 2864 1381 de
2890 1309 3193 1381 Marchia
3223 1309 3659 1381 Anconitana
3685 1289 3893 1382 dese·

1062 1443 1356 1505 ruerunt
1380 1434 1765 1506 exercitum
1801 1432 2234 1526 imperatoris
2254 1442 2326 1504 et
2347 1433 2683 1524 fugiendo
2711 1432 3000 1525 ingressi
3023 1442 3187 1504 sunt
3206 1435 3552 1522 Parmam,
3581 1431 3897 1506 dicentes

1063 1557 1256 1650 quod
1311 1577 1405 1626 ex
1451 1565 1648 1651 parte
1689 1555 1999 1628 Ecclesie
2045 1577 2195 1627 esse
2237 1557 2606 1646 volebant,
2658 1567 2730 1627 et
2770 1556 3057 1627 fuerunt
3094 1556 3395 1627 libenter
3423 1565 3495 1628 et
3537 1564 3897 1648 gratanter

1063 1680 1365 1774 recepti;
1422 1679 1737 1750 fecerunt
1800 1689 2033 1750 autem
2100 1680 2234 1752 hoc
2291 1681 2455 1772 quia
2499 1679 2696 1752 initio
2742 1680 3141 1752 rebellionis
3191 1681 3473 1771 Parme,
3515 1679 3895 1776 imperator

1064 1805 1363 1877 faciebat
1428 1803 1758 1876 custodiri
1824 1804 2060 1898 plures
2118 1805 2376 1876 milites
2448 1804 2537 1875 de
2610 1801 2911 1876 Mar-chia
2974 1803 3415 1877 Anconitana
3479 1803 3551 1874 in
3609 1803 3891 1877 civitate

1068 1929 1401 2000 Cremone
1421 1980 1441 2017 ,
1476 1925 1743 2018 aliquos
1771 1926 1840 1996 in
1876 1919 2191 1999 custodia
2226 1927 2504 2022 publica
2525 1981 2544 2018 ,
2576 1927 2845 2019 aliquos
2873 1947 3042 1999 vero
3072 1927 3144 1998 in
3164 1927 3399 2021 aliqua
3414 1928 3625 2000 domo
3643 1926 3891 2016 libera,

1070 2050 1321 2122 timens
1351 2051 1669 2122 amittere
1697 2049 2072 2121 Marchiam
2097 2103 2116 2142 ,
2156 2062 2226 2122 et
2260 2051 2393 2121 illis
2421 2051 2539 2144 qui
2575 2061 2776 2122 erant
2807 2051 2956 2122 sine
2986 2051 3283 2122 vinculis
3330 2060 3403 2123 et
3450 2052 3522 2122 in
3577 2050 3898 2124 custodia

1069 2174 1285 2245 libera
1333 2174 1782 2245 incumbebat
1812 2174 2120 2246 deterius
2168 2175 2470 2266 signum,
2510 2176 2829 2268 quamvis
2876 2197 3018 2246 non
3060 2185 3598 2269 cognosceretur
3633 2175 3725 2247 ab
3759 2175 3887 2250 eis.

1065 2298 1273 2369 Venit
1298 2319 1467 2390 ergo
1497 2298 1785 2369 nuntius
1824 2319 1919 2370 ex
1963 2309 2158 2393 parte
2195 2299 2630 2393 imperatoris
2661 2299 2779 2393 qui
2815 2299 2996 2372 dixit
3020 2300 3081 2371 V
3110 2299 3440 2371 militibus
3466 2298 3558 2372 de
3585 2297 3898 2372 Marcbia

1069 2421 1188 2516 qui
1226 2431 1427 2493 erant
1468 2422 1802 2493 Cremone
1852 2422 1922 2492 in
1975 2423 2278 2514 quadam
2321 2423 2530 2494 domo
2567 2433 2638 2494 et
2681 2423 3010 2494 lavabant
3041 2443 3289 2494 manus
3325 2443 3528 2512 suaS,
3576 2422 3897 2494 volentes

1067 2567 1356 2634 cenare,
1400 2555 1480 2616 ut
1512 2545 1965 2617 incontinenti
2000 2546 2148 2617 sine
2179 2568 2372 2617 mora
2404 2544 2868 2617 ascenderent
2895 2566 3116 2639 equos
3144 2556 3402 2618 etcum
3434 2566 3521 2618 eo
3551 2544 3643 2619 ad
3670 2545 3898 2640 impe·

1068 2679 1368 2740 ratorem
1402 2669 1663 2763 pariter
1696 2668 1898 2740 irent.
1935 2669 2244 2762 Cumque
2274 2669 2756 2763 pervenissent
2781 2668 2873 2740 ad
2897 2668 3273 2762 quemdam
3296 2691 3619 2764 campum
3644 2668 3767 2763 qui
3787 2677 3898 2741 est

1069 2802 1267 2865 extra
1302 2793 1652 2865 civitatem
1671 2791 2005 2865 Cremone
2026 2804 2098 2864 et
2118 2795 2512 2887 appellatur
2528 2793 2717 2864 Mosa
2736 2846 2756 2882 ,
2782 2793 2990 2865 duxit
3007 2813 3128 2864 eos
3158 2792 3250 2863 ad
3278 2793 3508 2864 locum
3535 2791 3897 2887 suspendii

1069 2927 1139 2989 et
1161 2916 1480 3012 suspensi
1509 2917 1825 3009 suerunt,
1865 2925 1933 2988 et
1962 2916 2288 2988 dicebant
2314 2913 2674 2987 carnifices
2708 2942 2744 2982 «
2764 2890 2935 3007 ’quia
2970 2915 3070 2987 sic
3098 2915 3387 2987 mandat
3412 2916 3793 3011 imperator
3814 2925 3899 2988 ut

1068 3040 1224 3130 fiat,
1269 3064 1398 3136 pro
1448 3063 1533 3114 eo
1580 3041 1769 3134 quod
1812 3040 2200 3136 proditores
2240 3039 2430 3112 estis.
2480 3066 2516 3106 »
2572 3040 2660 3112 Et
2716 3050 2949 3112 tamen
2994 3048 3336 3112 venerant
3364 3039 3436 3110 in
3467 3037 3898 3132 adjutorium

1069 3166 1243 3257 ejuS.
1302 3165 1632 3258 Sequenti
1683 3165 1796 3237 die
1844 3173 2189 3235 venerunt
2229 3163 2477 3236 fratres
2510 3164 2849 3253 minoreS,
2883 3172 2956 3235 et
2987 3162 3464 3258 deposuerunt
3497 3170 3567 3235 et
3592 3160 3893 3258 sepelie-

1070 3298 1235 3359 runt
1280 3309 1436 3378 eoS,
1483 3298 1555 3359 et
1594 3287 1719 3359 vix
1760 3295 2136 3381 potuerunt
2168 3286 2372 3380 lupos
2406 3287 2687 3379 abigere
2714 3308 2804 3359 ne
2836 3286 3286 3360 comederent
3316 3306 3438 3359 eos
3468 3284 3636 3358 dum
3662 3282 3900 3361 adhuc

1072 3411 1144 3482 in
1173 3412 1501 3505 patibulis
1537 3410 2042 3505 dependerent.
2083 3411 2228 3481 Hec
2254 3410 2489 3481 omnia
2522 3410 2703 3500 vidi,
2741 3409 2904 3504 quia
2936 3411 3270 3483 Cremone
3295 3409 3696 3482 habitabam
3726 3414 3900 3481 tunc

1073 3535 1404 3629 temporis
1449 3534 1762 3605 similiter
1807 3544 1878 3605 et
1926 3532 1992 3603 in
2042 3534 2314 3605 Parma.
2362 3536 2677 3627 Longum
2721 3545 2904 3608 esset
2956 3535 3219 3607 referre
3250 3534 3340 3609 de
3368 3533 3900 3626 omnibusquoe

1073 3667 1387 3752 tempore
1430 3658 1550 3728 illo
1592 3678 1682 3728 ex
1726 3665 1924 3751 parte
1954 3656 2262 3729 Ecclesie
2292 3655 2638 3728 interfecit
2668 3667 2740 3729 et
2768 3656 2934 3729 fecit
2967 3655 3286 3731 interfici.
3325 3657 3505 3729 Nam
3533 3654 3899 3729 dominum

1071 3781 1456 3853 Gerardum
1484 3781 1574 3853 de
1607 3780 1860 3852 Canale
1893 3779 1981 3852 de
2015 3781 2260 3853 Parma
2293 3781 2366 3851 in
2401 3779 2725 3874 Apuliam
2760 3780 2947 3852 misit
2978 3789 3050 3852 et
3079 3781 3243 3853 fecit
3275 3779 3585 3872 demergi
3621 3778 3696 3851 in
3726 3798 3899 3875 pro-

1070 3904 1554 3978 fundissimum
1610 3925 1801 3976 mare
1852 3925 2012 3977 cum
2060 3906 2243 3976 mola
2288 3903 2586 3976 asinaria
2637 3903 2730 3978 ad
2777 3905 3035 3977 collum
3080 3905 3232 3996 ejus
3274 3905 3523 3998 ligata3
3557 3908 3907 3976 ettamen

1070 4029 1297 4125 suerat
1345 4026 1538 4123 prius
1585 4026 2040 4100 amicissimus
2080 4028 2262 4120 ejus,
2326 4038 2398 4099 et
2446 4029 2699 4100 multas
2733 4027 3143 4124 potestarias
3185 4029 3277 4101 ab
3303 4049 3390 4102 eo
3419 4026 3796 4117 babuerat,
3824 4035 3905 4100 et

1071 4173 1348 4247 semper
1386 4174 1546 4223 cum
1590 4172 1676 4224 eo
1731 4150 1804 4222 in
1844 4151 2159 4224 exercitu
2200 4151 2368 4224 soris
2392 4152 2708 4224 Parmam
2738 4151 3017 4225 mansit.
3054 4155 3204 4225 Hoc
3233 4153 3459 4225 solum
3487 4150 3901 4247 suspicionis

1071 4274 1348 4367 signum
1372 4273 1746 4368 imperator
1768 4272 2274 4346 habuitcontra
2292 4295 2483 4361 eum,
2518 4275 2682 4366 quia
2716 4275 2926 4346 turris
2953 4277 3106 4369 ejus
3137 4296 3280 4348 non
3313 4273 3909 4351 destruebaturin

1068 4397 1341 4469 Parma.
1391 4395 1593 4469 Unde
1644 4410 1717 4469 et
1772 4395 2050 4469 dicebat
2086 4396 2149 4468 ei
2190 4397 2597 4491 imperator,
2648 4417 3050 4492 quanquam
3098 4399 3231 4471 sub
3264 4399 3439 4472 falso
3469 4407 3544 4471 et
3574 4397 3901 4471 simuhto

1072 4520 1244 4593 ludo
1270 4519 1564 4593 ridendo
1598 4546 1617 4592 z
1663 4548 1699 4588 «
1733 4521 2029 4594 Multum
2064 4520 2366 4614 diligunt
2399 4542 2529 4593 nos
2558 4522 2965 4595 Par-menses
2984 4576 3005 4613 ,
3037 4523 3323 4597 domine
3356 4522 3697 4615 Gerarde,
3728 4521 3903 4615 quin

1081 4671 1115 4712 υ
1153 4665 1314 4717 cum
1334 4642 1472 4721 alia
1502 4642 1775 4716 edificia
1806 4643 2168 4716 destruant
2203 4643 2501 4716 civitatis
2536 4645 2811 4717 illorum
2844 4644 2964 4739 qni
2998 4666 3091 4718 ex
3116 4656 3317 4742 parte
3342 4642 3615 4743 imperii
3648 4626 3905 4719 extite-

1080 4793 1116 4833 »
1154 4775 1353 4858 runt,
1376 4788 1505 4840 nec
1539 4766 1779 4841 turrim
1809 4776 2110 4840 vestram
2141 4767 2641 4841 destruxerunt
2664 4768 2898 4842 adbuc
2926 4790 3059 4842 nec
3085 4769 3421 4866 palatium
3446 4788 3683 4843 meum
3702 4766 3907 4865 quat
