4525 6031
1134 618 1256 679 seo
2177 620 2545 686 nonnam
2593 622 2891 699 onaan
3553 631 3721 715 [Anu.
3754 634 3930 697 1243.

1231 756 1481 825 Actum
1534 776 1718 828 anno
1782 758 2056 830 Domini
2121 759 2487 831 millesimo
2545 760 3019 832 ducentesimo
3083 762 3617 853 quadragesimo
3681 770 3927 858 terci0,

1136 898 1371 947 mense
1405 879 1818 968 decembris,
1854 881 2225 953 indictione
2254 882 2587 953 secunda.

1230 1001 1476 1071 Datum
1510 1002 1695 1096 apud
1725 1004 2210 1094 Norimberch,
2252 1026 2471 1093 anno,
2506 1027 2781 1094 mense,
2824 1005 3196 1078 indictione
3240 1011 3658 1106 prescriptis.

749 1560 987 1655 mm}
1028 1645 1043 1670 ‚
1239 1567 1663 1672 Conradus,
1706 1570 1784 1649 in
1820 1570 2336 1653 Romanorum
2373 1597 2627 1678 regem
2666 1572 2978 1675 electae,
3019 1572 3499 1682 privilegium
3539 1574 3640 1657 ab
3683 1575 3933 1683 impe-

785 1665 965 1709 decemb
1011 1696 1023 1707 ”
1133 1706 1382 1778 ratore
1417 1708 1627 1804 patre
1666 1724 1805 1780 suo
1841 1712 1914 1781 et
1952 1700 2269 1782 Isabella
2313 1713 2555 1783 matre
2598 1729 2737 1784 sua
2773 1701 3137 1784 fratribus
3184 1702 3579 1811 hospitalis
3616 1705 3931 1789 Sanctae

1132 1828 1408 1910 Mariae
1463 1830 2095 1914 Theutonicorum
2154 1831 2579 1939 indultum,
2633 1860 2860 1941 super
2910 1834 3140 1916 variis
3194 1837 3797 1942 possessionibus
3856 1852 3928 1920 et

1124 1960 1425 2068 juribus
1461 1964 1540 2042 in
1575 1975 1773 2045 terra
1813 1976 2107 2071 sancta,
2149 1977 2459 2049 renovat
2494 1976 2570 2047 et
2614 1966 3014 2048 inserendo
3047 1965 3473 2051 confirmat.

1289 2177 1542 2255 (laedit.
1572 2196 1605 2237 e
1640 2178 1786 2238 libro
1825 2180 2034 2255 copiali
2069 2180 2295 2240 ordinis
2329 2180 2745 2242 Theutonicor.
2776 2180 2955 2240 secui.
2985 2179 3131 2239 XIII
3157 2184 3216 2239 et
3252 2181 3383 2249 XV.
3423 2184 3486 2240 in
3525 2181 3768 2243 archivo
3806 2198 3921 2259 reg.

1368 2283 1777 2362 Berolinensi.)

1224 2471 1618 2559 CunraduS,
1654 2470 1798 2543 divi
1841 2472 2116 2564 augusti
2160 2472 2593 2566 imperatoris
2639 2470 2966 2542 Friderici
2998 2468 3212 2560 filius,
3266 2469 3395 2541 Dei
3425 2472 3645 2563 gratia
3681 2474 3925 2544 Roma-

1130 2616 1376 2666 norum
1409 2594 1479 2664 in
1515 2616 1749 2685 regem
1795 2595 2094 2682 electuS,
2125 2616 2399 2690 semper
2432 2605 2763 2686 augustus
2805 2604 2875 2665 et
2905 2593 3109 2664 heres
3139 2594 3336 2684 regni
3372 2594 3920 2665 lerosolimitani.

1126 2718 1257 2788 Per
1313 2739 1596 2811 presens
1654 2717 1983 2811 scriptum
2034 2726 2277 2788 notum
2321 2717 2606 2787 facimus
2651 2716 2991 2787 universis
3050 2725 3188 2786 tam
3236 2716 3672 2809 presentibus
3721 2738 3925 2809 quam

1128 2840 1374 2911 futuris
1417 2841 1605 2932 quod
1638 2840 2069 2911 venerabiles
2120 2839 2362 2911 fratres
2400 2839 2757 2933 hospitalis
2802 2839 3052 2909 Sancte
3089 2838 3301 2910 Marie
3335 2837 3583 2909 domus
3628 2838 3924 2910 Theuto-

1128 2964 1435 3036 nicorum
1474 2964 1544 3035 in
1579 2962 2061 3053 lherosolima,
2096 2962 2326 3035 dilecti
2365 2963 2590 3055 nobis,
2619 2962 3083 3057 subscriptum
3114 2961 3551 3057 privilegium
3589 2961 3927 3034 indultum

1129 3087 1225 3157 eis
1259 3107 1303 3157 a
1332 3087 1610 3158 domino
1644 3097 1840 3181 patre
1878 3095 2117 3157 nostro
2147 3084 2493 3156 Friderico
2532 3086 2997 3155 Romanorum
3036 3083 3452 3177 imperatore
3494 3083 3927 3155 serenissimo

1127 3228 1398 3300 semper
1426 3219 1745 3299 augusto,
1784 3207 1871 3278 de
1906 3229 2246 3280 consensu
2284 3217 2357 3277 et
2379 3207 2677 3298 gratuita
2716 3206 3075 3276 voluntate
3112 3205 3468 3275 karissime
3501 3206 3738 3276 matris
3766 3225 3924 3276 nos·

1127 3341 1230 3401 tre
1260 3330 1582 3402 Ysabelle
1620 3331 1800 3400 bone
1842 3331 2170 3401 memorie
2199 3330 2550 3422 quondam
2586 3331 3050 3401 Romanorum
3096 3327 3577 3420 imperatriciS,
3605 3328 3923 3401 Jheroso·

1127 3453 1287 3523 lime
1331 3463 1400 3522 et
1442 3452 1669 3523 Sicilie
1722 3453 1993 3543 regine,
2047 3463 2282 3524 nostre
2331 3451 2742 3521 excellentie
2789 3459 3307 3544 presentarunt,
3363 3449 3615 3521 devote
3665 3451 3922 3546 suppli·

1124 3585 1361 3646 cantes
1409 3585 1489 3645 ut
1534 3575 1719 3646 idem
1766 3574 2203 3668 privilegium
2245 3574 2619 3661 innovare,
2676 3583 2903 3643 ratum
2956 3572 3213 3643 habere
3262 3583 3336 3644 et
3378 3571 3790 3644 confirmare
3837 3573 3923 3645 de

1123 3706 1358 3768 nostra
1399 3697 1619 3788 gratia
1664 3698 2129 3788 dignaremur.
2168 3697 2386 3786 Hujus
2424 3696 2659 3787 itaque
2697 3695 3037 3790 privilegii
3082 3705 3282 3767 tenor
3324 3715 3451 3789 per
3493 3695 3727 3768 omnia
3775 3695 3923 3767 talis

1124 3832 1273 3895 erat
1305 3851 1321 3894 ε

1219 3944 1581 4042 (Sequitur
1608 3943 1694 4017 de
1737 3945 1950 4018 verbo
1982 3945 2074 4018 ad
2099 3947 2393 4018 verbum
2427 3943 2856 4038 privilegium
2890 3943 2981 4014 ab
3020 3942 3311 4014 Isabella
3337 3943 3713 4032 indultum,
3742 3963 3922 4014 anno

1124 4070 1353 4164 1226,
1392 4091 1627 4141 mense
1671 4069 2036 4161 januari0,
2082 4069 2275 4162 quod
2329 4088 2539 4162 supra
2580 4067 2927 4138 edidimus
2971 4087 3065 4138 ex
3115 4065 3360 4137 eodem
3400 4067 3719 4158 registro.
3754 4066 3923 4137 Vide

1122 4206 1175 4265 t.
1213 4189 1296 4282 11,
1331 4217 1402 4288 p.
1440 4192 1648 4290 536.)

1216 4317 1356 4388 Nos
1401 4318 1609 4408 igitur
1657 4316 1926 4388 devotis
1975 4313 2590 4410 supplicationibus
2635 4309 3102 4406 predictorum
3133 4310 3435 4394 ‚fratrum
3480 4313 3605 4403 qui
3654 4330 3923 4405 semper

1119 4437 1257 4509 fide
1286 4440 1550 4509 sincera
1582 4439 1862 4509 domino
1890 4437 2069 4531 patri
2100 4446 2369 4525 nostro,
2394 4433 2595 4506 nobis
2627 4445 2699 4504 et
2723 4433 3013 4527 imperio
3042 4432 3479 4503 laudabiliter
3505 4431 3922 4503 adheserunt

1119 4572 1188 4632 et
1216 4561 1308 4631 ad
1337 4561 1824 4631 exaltationem
1861 4561 2078 4631 nostri
2103 4559 2403 4631 nominis
2440 4568 2509 4628 et
2543 4556 2822 4628 honoris
2860 4557 3258 4649 frequenter
3284 4556 3619 4650 aspirant,
3650 4555 3916 4625 favora-

1114 4684 1347 4755 biliter
1386 4694 1806 4772 annuenteS,
1860 4691 2320 4753 memoratum
2362 4679 2795 4775 privilegium
2842 4677 2931 4749 de
2976 4678 3195 4770 verbo
3239 4678 3336 4751 ad
3382 4677 3678 4751 verbum
3728 4689 3913 4750 tran-
