4525 6031
1017 627 1139 690 680
2014 639 2438 702 rmnnmcl
2489 638 2830 701 suenum
3454 639 3618 723 [Anu.
3655 640 3831 702 1248.

1015 766 1478 840 concedentes
1508 768 1768 844 eisdem
1801 783 1873 846 et
1899 777 2180 871 prelatis
2212 777 2521 873 ipsorum
2551 771 2920 870 reparandi
2950 782 3021 846 et
3050 773 3499 847 reedificandi
3535 774 3626 847 de
3653 796 3837 847 novo

1013 887 1356 982 civitateS,
1383 902 1625 987 terraS,
1645 898 1845 970 villas
1876 910 1948 971 et
1968 909 2193 973 castra
2211 922 2337 972 sua
2364 900 2453 972 de
2479 899 2808 971 mandato
2837 898 3151 991 ejusdem
3168 899 3511 972 Frederici
3542 899 3607 970 in
3638 908 3834 994 parte

1006 1014 1125 1084 =vel
1164 1014 1233 1085 in
1272 1025 1417 1089 toto
1449 1018 1679 1094 diruta
1712 1044 1836 1096 seu
1868 1025 2215 1097 destructa
2255 1036 2328 1097 et
2360 1023 2655 1096 faciendi
2700 1023 3081 1096 inhabitata
3124 1023 3499 1096 rehabitari
3543 1023 3830 1095 liberam

1010 1147 1451 1232 potestatem.
1489 1144 1649 1217 Post
1681 1146 1809 1219 hec
1839 1148 2293 1241 irrefragabili
2335 1148 2823 1220 constitutione
2867 1147 3214 1219 sancimus
3247 1148 3429 1219 utin
3466 1146 3830 1220 cathedra—

1013 1259 1222 1354 libus,
1267 1269 1850 1343 conventualibus
1883 1281 1953 1343 et
1985 1272 2368 1366 collegiatis
2400 1272 2709 1345 ecclesiis
2734 1272 2898 1344 dicti
2923 1272 3115 1365 regni
3138 1272 3420 1366 quando
3433 1273 3839 1345 vacaverint

1010 1386 1386 1461 electiones
1431 1392 1646 1465 libere
1689 1405 1760 1466 et
1798 1397 2131 1469 canonice
2172 1398 2613 1469 celebrentur
2650 1416 2781 1468 nec
2825 1397 3128 1489 eligendi
3170 1397 3444 1470 licentia
3486 1398 3544 1469 si
3586 1419 3715 1469 rex
3758 1397 3828 1467 in

1009 1508 1255 1582 eodem
1304 1535 1521 1606 regno
1564 1518 1769 1590 fuerit
1811 1519 1901 1591 ab
1942 1519 2093 1615 ipso
2132 1520 3020 1616 aliquatenuspostuletur,
3052 1521 3399 1594 contraria
3443 1542 3655 1616 super
3697 1520 3831 1593 hoc
3911 1584 3917 1590 .

1006 1637 1511 1710 consuetudine
1548 1661 1710 1712 cum
1750 1644 2061 1736 profecto
2092 1645 2161 1714 in
2197 1665 2482 1716 enorme
2509 1646 2847 1717 libertatis
2885 1645 3347 1718 ecclesiastice
3389 1645 3829 1741 dispendium

1007 1756 1433 1832 redundaret
1463 1785 1602 1836 non
1636 1765 1983 1858 obstante,
2019 1789 2150 1840 nec
2182 1769 2389 1840 etiam
2437 1781 2593 1863 post
2630 1770 2816 1863 ipsas
2860 1770 3234 1842 electiones
3258 1770 3490 1862 regius
3516 1769 3827 1863 requira—

1009 1888 1122 1951 tur
1153 1902 1509 1977 assensus;
1549 1890 1980 1983 provisiones
2012 1902 2084 1965 et
2109 1892 2591 1966 concessiones
2619 1915 2744 1965 seu
2772 1894 3173 1966 collationes
3204 1914 3446 1965 omnes
3477 1892 3566 1965 de
3597 1897 3826 1988 prela-

1005 2005 1206 2095 turiS,
1220 2007 1699 2103 dignitatibus,
1714 2016 2224 2108 personatibus,
2240 2017 2573 2107 ecclesiis,
2592 2017 2965 2112 prebendis
2987 2028 3058 2089 et
3070 2016 3223 2088 aliis
3244 2015 3598 2089 beneficiis
3612 2018 3829 2089 eccle-

1003 2127 1297 2203 siasticis
1344 2135 1540 2227 regni
1576 2138 1823 2231 prefati
1870 2160 1996 2234 per
2024 2141 2171 2232 J‘am
2215 2141 2478 2213 dictum
2509 2141 2950 2214 Fredericum
2989 2144 3100 2214 vel
3136 2142 3287 2234 ejus
3330 2142 3660 2214 mandato
3699 2161 3823 2212 seu

1001 2272 1130 2345 per
1160 2275 1323 2327 suos
1349 2257 1677 2332 officiales
1711 2262 2116 2334 vacantibus
2149 2266 2257 2337 vel
2292 2285 2435 2337 non
2467 2264 2877 2337 vacantibus
2927 2264 3239 2356 ejusdem
3278 2264 3475 2356 regni
3519 2263 3824 2336 ecclesiis

1003 2383 1264 2450 temere
1292 2393 1758 2479 presumptas,
1791 2394 1863 2457 et
1891 2386 1950 2457 si
1977 2387 2237 2481 quasin
2256 2398 2608 2484 posterum
2623 2399 2746 2460 aut
2763 2408 2890 2483 per
2904 2388 3164 2481 regiam
3179 2399 3823 2481 autquamcumque

996 2511 1412 2594 potestatem
1452 2508 1657 2580 aliam
1706 2511 2088 2583 secularem
2138 2512 2230 2585 de
2289 2512 2456 2607 ipsis
2508 2512 2817 2608 presumi
2866 2512 3266 2605 contigerit,
3315 2512 3559 2584 inanes
3608 2511 3821 2582 immo

994 2627 1224 2700 nullas
1264 2632 1543 2724 penitus
1591 2635 2017 2708 nuntiantes.
2072 2637 2455 2709 Statuimus
2498 2636 2783 2732 insuper
2821 2647 2900 2708 ut
2953 2636 3101 2728 regi
3148 2659 3273 2708 seu
3321 2636 3472 2708 aliis
3523 2635 3821 2709 dominis

991 2752 1420 2827 secularibus
1467 2758 1783 2849 ejusdem
1828 2760 2023 2852 regni
2069 2760 2518 2833 ecclesiarum
2562 2759 2868 2855 ipsarum
2913 2761 3160 2857 prelati
3210 2762 3331 2855 qui
3373 2759 3630 2853 regalia
3675 2776 3834 2846 nont

995 2882 1236 2949 tenent
1266 2879 1357 2951 ab
1390 2880 1552 2973 iltis,
1590 2884 1860 2954 nullum
1894 2883 2590 2980 deincepsfidelitatis
2605 2885 2987 2958 exhibeant
2999 2884 3816 2977 juramentum.Antiqna

991 3020 1271 3095 quoque
1300 3014 1694 3079 sanctorum
1727 3018 2002 3103 patrum
2034 3018 2293 3083 statuta
2318 3019 2690 3104 sequentes
2721 3021 3059 3105 perpetuo
3086 3009 3442 3082 firmamus
3478 3008 3705 3081 edicto
3739 3017 3817 3079 ut

988 3126 1224 3198 nullus
1265 3118 1557 3202 clericus
1589 3131 1737 3203 sive
1772 3135 2017 3225 quevis
2051 3155 2347 3229 persona
2382 3134 2846 3207 ecclesiastica
2879 3135 3072 3227 regni
3112 3136 3359 3229 prefati
3393 3133 3814 3230 respondere

986 3245 1060 3317 in
1092 3248 1565 3324 criminalibus
1594 3256 1708 3326 vel
1739 3255 2059 3328 civilibus
2090 3258 2594 3349 questionibuS,
2629 3258 2837 3330 etiam
2865 3257 2924 3330 si
2950 3268 3192 3329 contra
3226 3280 3379 3330 eam
3396 3258 3485 3330 de
3499 3259 3641 3330 lese
3663 3280 3813 3330 ma-

979 3370 1256 3460 jestatis
1288 3385 1535 3465 agatur
1567 3377 1882 3472 crimine,
1906 3380 1980 3451 in
2013 3382 2307 3453 seculari
2333 3382 2600 3474 judicio
2622 3381 3354 3471 teneatur‚districtius
3368 3383 3816 3477 prohibentes

985 3514 1076 3565 ne
1112 3494 1181 3572 in
1222 3495 1341 3568 illo
1372 3498 1430 3569 si
1462 3498 1554 3571 ad
1586 3499 1812 3594 ipsum
1856 3502 2065 3575 etiam
2102 3512 2321 3576 tracta*
2353 3504 2561 3576 fuerit
2600 3504 3022 3599 respondere
3066 3514 3444 3600 presumat.
3478 3504 3808 3577 Decerni—

985 3639 1140 3689 mus
1179 3620 1387 3693 etiam
1426 3632 1508 3695 ut
1545 3625 1777 3697 nullus
1823 3628 2070 3720 majori
2116 3629 2834 3702 excommunicatione
2880 3629 3131 3721 ligatus
3180 3630 3326 3703 sive
3377 3629 3466 3701 sit
3518 3628 3810 3701 clericus

980 3743 1132 3815 sive
1176 3745 1421 3837 laicus,
1472 3747 1877 3821 admittatur
1916 3751 1987 3822 in
2034 3753 2184 3826 foro
2213 3754 2678 3827 ecclesiastico
2709 3754 2824 3825 vel
2857 3753 3147 3825 seculari
3180 3753 3251 3823 in
3281 3752 3525 3825 eodem
3560 3774 3804 3844 regn0,

981 3867 1387 3961 priusquam
1416 3871 1777 3945 absolutus
1815 3875 2047 3967 fuerit,
2082 3877 2171 3949 ad
2202 3878 2576 3970 agendum.
2615 3877 2758 3948 Hiis
2776 3875 3808 3971 quoqueirrevocabilidecreto

976 3991 1343 4083 adjicimus
1378 4004 1460 4066 ut
1502 3997 2037 4094 archiepiscopis
2083 4011 2155 4072 et
2192 4001 2534 4095 episcopis
2565 4000 2880 4092 ejusdem
2908 4000 3106 4092 regni
3136 4001 3206 4071 in
3240 4001 3383 4072 suis
3414 4001 3807 4073 civitatibus

976 4124 1049 4185 et
1079 4114 1469 4190 diocesibus
1507 4128 1578 4191 et
1616 4122 1898 4216 prelatis
1929 4124 2081 4195 aliis
2108 4125 2178 4196 in
2212 4126 2382 4197 locis
2413 4126 2483 4196 in
2516 4125 2770 4217 quibus
2793 4123 3347 4215 jurisdictionem
3377 4125 3805 4220 spiritualem

973 4239 1319 4332 obtinent,
1336 4243 1696 4333 judicandi
1718 4253 1789 4316 et
1806 4248 2143 4341 puniendi
2175 4249 2562 4321 secundum
2589 4248 2779 4341 quod
2813 4269 3118 4320 canones
3149 4260 3438 4321 censent
3466 4249 3807 4322 adulteria

969 4371 1042 4432 et
1066 4362 1204 4433 alia
1231 4365 1519 4438 crimina
1551 4375 1690 4438 tam
1725 4370 2345 4443 ecclesiasticarum
2374 4394 2583 4465 quam
2622 4371 3036 4444 secularium
3064 4395 3517 4468 personarum
3547 4383 3618 4444 et
3643 4394 3808 4445 cen-

969 4508 1203 4559 suram
1235 4500 1524 4584 propter
1567 4490 1701 4563 hoc
1737 4492 1810 4564 in
1853 4494 2038 4588 ipsas
2061 4496 2598 4568 ecclesiasticam
2633 4498 3045 4589 exercendi,
3086 4498 3447 4592 temporali
3471 4496 3799 4588 Jurisdic-

966 4611 1155 4683 tione
1203 4611 1503 4684 dominis
1534 4618 2034 4710 temporalibus
2065 4619 2556 4693 nichilominus
2585 4633 2939 4693 reservata
2959 4672 2979 4710 ,
3012 4641 3287 4693 necnon
3327 4620 3798 4713 cognoscendi

964 4735 1054 4808 de
1087 4736 1316 4809 causis
1351 4737 1615 4810 dotium
1650 4748 1722 4812 et
1756 4741 2101 4815 universis
2132 4743 2287 4817 aliis
2321 4766 2459 4837 que
2491 4746 2583 4818 ad
2619 4748 2844 4818 forum
2880 4745 3421 4818 ecclesiasticum
3449 4746 3801 4841 pertinent
