4525 6031
752 608 953 667 Immo-r.
984 606 1075 687 5.]
1647 606 2042 668 HISTORIA
2090 606 2690 670 DIPLOMATICA.
3452 601 3574 663 553

756 740 987 813 banda
1018 749 1088 811 et
1114 740 1453 835 presentis
1479 741 1714 834 scripti
1742 742 1960 813 nostri
1989 743 2397 816 auctoritate
2428 742 2818 831 firmamus3
2855 741 3215 835 ipsamque
3243 740 3574 811 faciemus

754 865 1163 937 auctoritate
1196 874 1432 936 nostra
1467 865 1953 937 inviolabiliter
1984 868 2379 958 observari,
2411 865 2751 962 presentis
2787 863 3022 959 scripti
3059 864 3234 935 serie
3266 863 3573 935 districte

758 989 1168 1060 mandantes
1208 999 1551 1081 quatenus
1584 991 1776 1060 nulla
1807 990 2221 1061 universitas
2254 992 2370 1062 vel
2417 989 2782 1082 singularis
2815 1008 3108 1082 persona
3145 996 3384 1058 contra
3416 1008 3578 1081 pre-

756 1112 968 1182 sentis
1013 1112 1248 1206 scripti
1293 1111 1514 1184 nostri
1562 1120 1872 1184 tenorem
1920 1135 2095 1185 ausu
2148 1113 2514 1185 temerario
2559 1113 2799 1184 venire
2846 1120 3223 1206 presumat.
3269 1110 3472 1195 Quod
3518 1110 3577 1181 si

755 1234 1251 1329 presumpserit
1295 1233 1711 1305 universitas
1720 1287 2142 1308 ......
2199 1235 2567 1328 singularis
2609 1256 2779 1307 vero
2821 1244 3097 1304 centum
3140 1235 3576 1304 marcharum

756 1359 1023 1451 argenti
1056 1366 1290 1452 preter
1321 1357 1871 1448 indignationem
1904 1369 2211 1430 nostram
2245 1381 2501 1454 penam
2532 1359 2866 1447 incurrat,
2902 1367 3038 1429 etc.
3075 1354 3256 1452 (sic).

850 1484 1107 1553 Datum
1148 1481 1220 1551 in
1262 1482 1504 1552 castris
1544 1481 1614 1552 in
1657 1482 2019 1554 obsidione
2064 1484 2349 1572 Parme,
2398 1504 2524 1577 per
2578 1503 2824 1552 manus
2875 1481 3181 1573 magistri
3216 1477 3455 1577 [Petri]
3488 1481 3579 1552 de

757 1605 1001 1694 Vinea,
1038 1605 1412 1699 imperialis
1441 1605 1600 1675 aule
1640 1606 2089 1699 protonotarii
2124 1617 2193 1678 et
2218 1607 2418 1699 regni
2456 1606 2684 1677 Sicilie
2718 1605 3096 1697 logothete,
3125 1625 3311 1675 anno
3344 1603 3577 1675 domi-

755 1729 909 1800 nice
947 1729 1439 1801 incarnationis
1471 1729 1836 1801 millesimo
1879 1730 2355 1804 ducentesimo
2396 1728 2927 1824 quadragesimo
2971 1728 3301 1823 septimo,
3340 1749 3578 1799 mense

750 1852 935 1943 julii,
967 1851 1209 1945 quinta
1242 1852 1644 1943 indictione,
1685 1852 2069 1947 imperante
2107 1853 2391 1925 domino
2423 1863 2660 1924 nostro
2698 1851 3026 1923 Federico
3059 1851 3182 1921 Dei
3216 1851 3437 1943 gratia
3469 1851 3577 1921 in-

756 1974 1131 2047 victissimo
1169 1975 1584 2070 imperatore
1613 1998 1888 2070 semper
1913 1985 2237 2068 august0‚
2269 1976 2696 2048 Hierusalem
2730 1984 2800 2047 et
2832 1975 3058 2046 Sicilie
3092 1996 3283 2066 rege,
3311 1974 3579 2069 imperii

757 2120 926 2170 vero
945 2100 1096 2191 ejus
1118 2119 1305 2170 anno
1327 2098 1605 2170 XXVIII
1613 2154 1632 2191 ,
1653 2099 1848 2191 regni
1871 2100 2301 2172 Hierusalem
2318 2100 2533 2190 XXII,
2558 2099 2751 2192 regni
2774 2120 2944 2172 vero
2966 2098 3194 2170 Sicilie
3217 2096 3439 2168 XXIX
3453 2094 3572 2193 (Ρ),

758 2221 1073 2293 feliciter.
1111 2220 1363 2295 Amen.
2637 2238 2652 2249 ’

863 2768 1329 2877 Fridericus‚
1366 2770 1892 2854 Romanorum
1947 2772 2387 2880 imperator,
2434 2773 2532 2853 ad
2589 2773 3217 2882 supplicationem
3268 2774 3578 2861 Berardi

759 2900 1297 3011 archiepiscopi
1334 2903 1883 3010 Panormitani,
1923 2904 2319 3012 privilegia
2364 2904 2720 2987 ecclesiae
2757 2909 3337 2992 Panormitanae
3373 2937 3576 3015 con-

758 3032 1050 3139 firmat,
1083 3061 1414 3144 quorum
1450 3036 1657 3144 prior
1692 3036 2165 3118 confirmatio
2201 3036 2515 3120 fortuito
2550 3065 2733 3121 casu
2770 3040 3160 3148 deperdita
3195 3043 3468 3127 fuerat.

922 3246 1128 3327 (Edid.
1159 3250 1553 3329 Monenomz,
1583 3247 1807 3323 Bullae,
1828 3248 2100 3332 privileq.
2133 3258 2189 3311 et
2213 3252 2482 3312 instrum.
2516 3253 2842 3315 Pauor-mit.
2876 3253 3157 3336 ecclesiae,
3187 3276 3248 3336 p.
3287 3260 3461 3343 106.)

852 3432 1107 3501 Datum
1162 3430 1236 3501 in
1299 3432 1541 3503 castris
1592 3433 1664 3502 in
1710 3433 2071 3506 obsidione
2115 3435 2395 3525 Parme,
2450 3458 2637 3508 anno
2686 3438 3030 3512 dominice
3083 3441 3579 3518 incarnationis

755 3554 1121 3626 millesimo
1153 3556 1630 3627 ducentesimo
1656 3557 2190 3650 quadragesimo
2221 3559 2553 3654 septimo,
2587 3584 2826 3634 mense
2846 3564 3038 3656 julii,
3074 3567 3318 3659 quinta
3352 3569 3575 3642 indic-

761 3678 974 3751 tione.

1704 3898 2418 3907 ψη*

860 4143 1325 4258 PridericuS,
1377 4154 1897 4238 Romanorum
1947 4156 2390 4265 imperator,
2451 4162 2710 4244 scribit
2755 4164 2916 4273 regi
2964 4164 3323 4251 Franciae
3368 4174 3577 4278 quod

756 4309 927 4365 cum
985 4285 1449 4394 Lugdunum
1505 4288 1604 4369 ad
1659 4286 2119 4370 offerendam
2176 4293 2706 4401 purgationem
2768 4321 2989 4378 suam
3041 4302 3573 4412 contenderet,

754 4415 1191 4524 inopinatus
1228 4444 1493 4501 rumor
1528 4420 1961 4503 rebellionis
2000 4424 2315 4506 Parmae
2351 4428 2824 4535 propositum
2872 4455 3099 4513 suum
3144 4436 3466 4520 mutavit
3502 4450 3578 4520 et

758 4549 1054 4658 regredi
1093 4550 1338 4658 coegit
1373 4551 1472 4631 ad
1510 4552 2009 4635 obsidendam
2036 4554 2236 4637 hanc
2266 4557 2676 4666 civitatem,
2700 4587 2935 4670 quam
2966 4563 3168 4646 brevi
3209 4567 3288 4646 in
3317 4569 3579 4651 domi-

759 4680 887 4764 nio
928 4707 1070 4765 suo
1105 4684 1600 4793 redigendam
1638 4686 2063 4769 denunt-iat.

3698 2786 3750 2829 ln
3773 2789 3933 2829 catria

3662 2841 3709 2882 tn
3736 2841 3968 2883 obddione

3707 2893 3897 2937 Parma·
3906 2920 3923 2944 ‚

3744 2947 3879 3001 julio.

3714 4180 3917 4286 ¹3:³3?
