4525 6031
944 626 1067 687 700
1943 627 2369 689 rnlnssmct
2418 625 2768 687 suenum
3386 629 3554 708 [Anu.
3596 630 3772 693 1249.

943 782 1098 832 rum
1135 761 1497 834 diversitas
1529 763 1907 857 expetebat
1935 760 2067 860 (a),
2106 783 2198 834 ex
2227 782 2392 833 area
2433 761 2627 854 regni
2660 759 2879 833 nostri
2909 762 3179 832 cautela
3216 764 3533 857 pervigili
3575 785 3775 836 scan-

941 886 1102 958 dala
1159 887 1503 977 legerent,
1547 896 1961 960 excuterent
2000 888 2236 983 paleas
2257 938 2278 975 ,
2332 895 2405 957 et
2456 885 2714 957 zizania
2754 907 2893 978 que
2941 886 3295 959 Romanus
3348 888 3662 982 pontifex
3702 890 3775 961 in

938 1010 1223 1082 instanti
1252 1010 1469 1083 nostri
1482 1009 1577 1107 (b)
1606 1012 1957 1107 profectus
1985 1014 2257 1084 emulus
2290 1019 2362 1081 et
2394 1009 2609 1083 hostis
2638 1007 3004 1104 inseruit&
3022 1008 3076 1105 ),
3118 1011 3432 1083 funditus
3464 1014 3774 1109 extirpa-

939 1145 1132 1225 rent3
1174 1134 1299 1210 sed
1344 1135 1507 1230 quia
1552 1136 1912 1228 neglectus
1965 1156 2209 1207 eorum
2259 1132 2551 1224 infidus,
2610 1134 2813 1206 nobis
2875 1135 3278 1227 frequenter
3328 1137 3768 1229 absentibus,

939 1259 1173 1354 spinas
1195 1269 1266 1331 et
1293 1259 1582 1332 tribulos
1609 1260 2127 1354 quodammodo
2153 1258 2594 1352 germinavit,
2615 1278 2768 1329 eam
2791 1259 3046 1331 amodo
3075 1258 3314 1330 haberi
3345 1261 3773 1352 diligentiam

939 1384 1262 1455 volumus
1299 1383 1370 1453 in
1402 1384 1656 1456 nostris
1702 1383 2156 1479 beneplacitis
2196 1393 2268 1455 et
2313 1383 2695 1473 cautelam,
2730 1405 2858 1478 per
2902 1405 3111 1478 quam
3158 1385 3458 1457 cultores
3499 1385 3774 1459 desides

942 1517 1014 1579 et
1060 1517 1468 1603 spernentes
1514 1509 1898 1603 depereant
1951 1517 2022 1580 et
2063 1508 2469 1580 vitulamina
2517 1508 2750 1603 spuria
2800 1529 2938 1601 que
2987 1509 3404 1603 plantarium
3456 1521 3773 1584 nostrum

939 1632 1277 1704 inutiliter
1316 1642 1700 1727 occupant,
1739 1633 1915 1704 falce
1959 1631 2248 1705 sevioris
2282 1631 2529 1725 judicii
2570 1631 3040 1727 precidantur.
3086 1632 3492 1727 Specialiter
3535 1645 3771 1708 autem

938 1756 1165 1829 donec
1195 1766 1538 1851 oportuna
1584 1757 1801 1829 nostri
1836 1756 2183 1852 presentia
2230 1777 2306 1827 se
2346 1776 2563 1847 regno
2597 1766 2840 1829 nostro
2872 1756 3247 1846 retribuat,
3282 1767 3362 1828 ut
3380 1758 3773 1851 judicemus

939 1883 1009 1952 in
1041 1880 1308 1972 justitia
1337 1902 1681 1976 pauperes
1713 1892 1784 1953 et
1814 1902 1942 1977 pro
1970 1880 2349 1952 mansuetis
2376 1881 2629 1952 nostris
2656 1879 2977 1951 fidelibus
3004 1880 3394 1954 cervicosos
3424 1885 3774 1975 quoslibet

938 2025 1345 2098 arguamuS,
1396 2004 1696 2076 Siciliam
1746 2004 2007 2076 crebris
2056 2004 2588 2078 adversionibus
2632 2004 3139 2076 claudicantem
3190 2027 3543 2099 quamque
3592 2007 3771 2088 sicut

938 2129 1403 2225 comperimus
1424 2129 1895 2222 undequaque
1927 2129 2230 2200 influunt
2260 2137 2334 2200 et
2363 2127 2681 2201 inficiunt
2715 2129 3076 2217 factioueS,
3116 2129 3243 2220 sic,
3275 2141 3585 2202 nostram
3610 2153 3767 2226 pre·

939 2263 1263 2326 currente
1297 2251 1761 2326 sollicitudine
1790 2252 2067 2343 faciem,
2107 2262 2406 2323 atterere
2444 2272 2571 2346 pro
2617 2252 2942 2324 facinoris
2972 2253 3307 2345 qualitate
3339 2254 3771 2349 disponimus

935 2388 1018 2450 ut
1052 2399 1194 2451 non
1235 2397 1568 2469 cogamur
1597 2377 1850 2447 iterum
1884 2377 2100 2448 nostri
2143 2376 2586 2447 serenitatem
2619 2376 2740 2449 otii
2773 2377 3045 2448 nebulis
3077 2378 3439 2472 procellosi
3476 2380 3769 2451 turbinis

936 2522 1402 2576 commovere.
1443 2499 1638 2571 Prius
1685 2500 1919 2595 itaque
1969 2509 2085 2571 tua
2133 2499 2472 2591 sagacitas
2511 2499 2840 2591 indagine
2886 2500 3091 2571 tacita
3136 2513 3611 2595 perscrutetur
3646 2504 3766 2595 qui

936 2628 1076 2700 sint
1102 2628 1231 2723 ipsi
1262 2627 1375 2698 vel
1405 2625 1690 2715 fuerint,
1722 2627 1921 2718 cujus
1951 2626 2259 2721 potentie
2294 2624 2442 2696 sive
2474 2627 2655 2696 fame
2680 2621 3106 2725 aut[oritate]
3131 2627 3454 2698 venerint
3479 2629 3760 2719 singuli,

934 2753 1506 2845 singulorumque
1550 2771 1791 2822 eorum
1828 2748 2358 2822 adinventiones
2392 2760 2463 2822 et
2489 2749 2718 2822 studia
2750 2771 2888 2842 que
2917 2771 3046 2822 nos
3084 2750 3479 2848 tangunt(c)
3511 2774 3762 2847 procu·

935 2899 1047 2950 res
1073 2877 1406 2948 reducere
1435 2896 1604 2948 mox
1646 2874 1716 2944 in
1761 2874 1963 2964 actiS,
2002 2896 2141 2946 non
2186 2894 2280 2945 ex
2315 2874 2521 2946 unius
2548 2874 2929 2946 assertione
2961 2875 3123 2946 labii
3145 2929 3165 2965 ,
3200 2876 3324 2947 sed
3352 2878 3756 2967 multorum,

935 3003 1207 3076 illorum
1263 3001 1611 3074 duntaxat
1667 2997 2045 3072 confinium
2105 3019 2283 3091 quos
2342 2997 2516 3072 fides
2572 2997 2948 3094 amplificat
2998 3010 3069 3071 et
3120 3001 3477 3096 provectio
3525 3000 3765 3073 similis

932 3128 1253 3216 adornat,
1285 3146 1667 3220 precavens
1694 3123 1764 3194 in
1793 3125 2101 3194 futurum
2134 3145 2224 3194 ne
2253 3145 2342 3194 ex
2376 3125 2669 3215 alicujus
2701 3124 2842 3195 odii
2870 3126 3261 3219 corruptela
3288 3125 3489 3198 nobis
3515 3125 3766 3221 impor-

935 3262 1039 3324 tes
1069 3249 1401 3345 quicquid
1424 3247 1767 3338 fictitium,
1791 3269 1880 3319 ne
1905 3247 2096 3340 quod
2124 3247 2331 3338 absit,
2355 3247 2573 3318 lilium
2599 3258 2954 3319 vertamus
2980 3248 3049 3318 in
3078 3249 3316 3320 lolium
3340 3259 3411 3320 et
3441 3249 3762 3321 meritum

932 3374 1003 3445 in
1041 3381 1482 3446 tormentum.
1507 3369 1899 3444 Meminisse
1931 3369 2276 3462 siquidem
2304 3370 2551 3443 diebus
2580 3371 2712 3442 hiis
2739 3372 2999 3467 poteris
3024 3394 3151 3467 per
3175 3372 3310 3444 alia
3344 3373 3759 3446 documenta

933 3520 1149 3595 prave
1183 3495 1645 3591 suggestionis
1677 3507 1747 3567 et
1777 3495 2085 3568 scandali
2114 3496 2578 3588 multiformis,
2618 3496 2797 3569 Petri
2817 3494 2921 3594 (2)
2950 3496 3299 3589 videlicet,
3321 3498 3640 3595 Symonis
3654 3496 3758 3596 (3)

1016 3676 1101 3757 (a)
1144 3678 1214 3738 In
1240 3674 1439 3736 codice
1466 3670 1826 3753 expectabat.

1015 3782 1095 3866 (b)
1142 3786 1214 3845 In
1240 3781 1440 3843 codice
1465 3778 1817 3842 indistanter
1841 3779 1993 3841 anni
2019 3778 2213 3862 leuJus,
2245 3782 2446 3842 minus
2471 3787 2653 3842 recte.

1014 3890 1093 3971 (c)
1144 3892 1215 3952 In
1246 3889 1447 3951 codice
1473 3905 1695 3950 verum.

1000 4105 1069 4179 (t)
1106 4103 1189 4161 Ad
1215 4102 1496 4178 epistolam
1530 4099 1825 4158 Innocentii
1861 4098 2069 4175 quarti,
2105 4098 2219 4155 sive
2245 4097 2426 4172 potius
2461 4097 2929 4175 constitutionem,
2971 4099 3150 4157 datam
3191 4102 3222 4154 8
3250 4099 3555 4159 decembris
3593 4106 3753 4174 ⁴2⁴8,

928 4219 1036 4277 qua
1062 4202 1215 4276 regni
1249 4200 1456 4258 Siciliae
1492 4196 2005 4257 administrationem
2046 4196 2265 4254 omnino
2302 4194 2645 4252 subverterat
2680 4195 2829 4265 (Vid.
2861 4211 3024 4269 supra
3052 4212 3108 4268 p.
3141 4198 3244 4252 676
3270 4204 3324 4253 et
3347 4197 3536 4271 seqq),
3582 4215 3644 4256 se
3671 4217 3755 4258 re·

930 4302 1072 4359 ferre
1101 4300 1313 4357 videtur
1338 4298 1649 4371 imperator,
1679 4295 1961 4368 eidemque
1988 4309 2089 4368 per
2115 4291 2486 4350 crudelissima
2509 4292 2685 4349 edicta
2711 4292 2863 4365 quasi
2893 4292 3200 4366 respondet.

1000 4400 1072 4473 (2)
1110 4397 1244 4468 Quis
1270 4397 1374 4454 iste
1401 4395 1557 4452 suerit
1582 4409 1692 4451 non
1728 4393 1868 4451 bene
1893 4392 2097 4466 liquet,
2149 4391 2250 4448 nisi
2282 4390 2507 4448 forsitan
2534 4384 2812 4448 alludatur
2831 4390 2902 4448 ad
2942 4391 3159 4447 Petrum
3184 4390 3253 4448 de
3288 4391 3545 4465 Capoccio
3575 4393 3753 4450 raidi-

926 4495 1126 4564 nalem,
1154 4494 1224 4551 de
1247 4509 1354 4566 quo
1377 4491 1535 4549 intra.

998 4591 1073 4665 (3)
1110 4591 1208 4647 Hic
1234 4589 1321 4663 agi
1347 4588 1673 4646 arbitramur
1700 4587 1767 4644 de
1794 4586 1956 4643 fratre
1980 4586 2197 4645 Simone
2228 4584 2298 4641 de
2325 4584 2717 4642 Montesarculo
2740 4600 2770 4642 a
2798 4601 2934 4659 papa
2969 4585 3027 4640 in
3055 4602 3282 4657 regnum
3310 4586 3570 4659 immisso,
3598 4590 3752 4662 cujus

927 4690 1030 4749 sub
1055 4704 1198 4746 anno
1224 4689 1365 4746 ⁴248
1402 4685 1710 4743 Salimbene
1747 4684 2073 4740 mentionem
2108 4682 2197 4739 his
2231 4681 2413 4739 verbis
2443 4683 2667 4740 inseruit
2694 4702 2707 4739 z
2740 4704 2765 4736 ι
2801 4684 2941 4755 Papa
2981 4684 3322 4742 Innocentius
3348 4686 3494 4742 misit
3530 4686 3751 4743 tratrem

925 4790 1201 4847 Simonem
1227 4785 1296 4843 de
1331 4783 1721 4843 Montesarculo
1754 4781 1954 4841 ordinis
1990 4781 2218 4838 fratrum
2249 4781 2685 4840 Praedicatorum
2722 4781 2778 4839 in
2812 4779 3060 4856 Apuliam
3087 4789 3148 4840 ut
3174 4798 3398 4857 regnum
3441 4784 3660 4858 Apuliae
3695 4792 3752 4843 et
