4525 6031
1590 676 1845 736 INDEX
1897 673 2608 738 DOCUMENTORUM.
3402 680 3520 743 981

738 1002 912 1091 [sept.
996 1047 1011 1065 .
1059 1049 1076 1066 .
1125 1046 1142 1066 .
1187 1047 1202 1064 .
1254 1049 1274 1068 .
1329 1048 1346 1065 .
1407 1049 1424 1066 .
1457 1036 1536 1050 —
1561 1003 1779 1065 Scribit
1792 1001 2108 1064 abbatibus
2122 1001 2522 1064 cisterciensis
2532 1004 2756 1065 ordinis
2770 1006 2833 1064 ln
2848 1005 3108 1081 capitulo
3126 1004 3381 1083 generali
3398 1021 3531 1066 eon·

697 1104 963 1180 ineunt.]
1537 1107 1792 1183 gregatis
1810 1105 1970 1182 quod
1991 1121 2128 1166 cum
2149 1121 2329 1165 causa
2348 1106 2627 1165 Friderici
2646 1107 2945 1183 quondam
2963 1108 3328 1182 imperatoris
3349 1107 3529 1167 fuerit

1536 1202 1802 1280 diligenti
1817 1204 2249 1263 examinatione
2262 1204 2529 1263 discussa
2540 1210 2601 1263 et
2615 1205 2937 1264 secundum
2952 1207 3109 1280 juris
3120 1205 3387 1264 ordinem
3401 1221 3531 1265 eon·

1535 1305 1769 1375 testata,
1799 1300 1927 1374 ipse
1951 1298 2121 1358 aliter
2145 1300 2461 1376 procedere
2488 1316 2667 1376 quam
2692 1304 2977 1376 processit
3001 1317 3121 1360 non
3151 1305 3364 1377 potuit.
3411 1310 3525 1361 347

728 1401 761 1452 3
789 1393 917 1454 dec.
1123 1394 1304 1472 Apud
1460 1428 1538 1440 —
1576 1397 1862 1471 Episcopo
1918 1397 2278 1473 Frisingensi
2324 1403 2383 1455 et
2426 1397 2610 1456 electo
2663 1396 3009 1457 Seccovensi
3067 1398 3313 1457 mandat
3363 1399 3528 1474 quod

1014 1491 1389 1553 cluniacum.
1535 1492 1781 1553 Alberto
1807 1493 1908 1570 [de
1942 1493 2190 1569 Bebam]
2219 1493 2633 1554 archidiacono
2660 1494 2997 1555 Pataviensi
3028 1494 3316 1555 beneficia
3354 1498 3529 1555 resti-

710 1567 935 1644 1246
1536 1595 1709 1649 tuant
1734 1607 1887 1665 quae
1913 1590 2103 1649 eidem
2131 1590 2332 1649 ablata
2373 1590 2629 1653 fuerant.
3133 1601 3271 1670 373,
3303 1599 3429 1653 not.
3469 1603 3525 1654 1.

706 1694 944 1775 [murno
993 1727 1423 1748 .......
1457 1720 1537 1733 -
1572 1688 1916 1764 Encyclicae
1951 1687 2229 1746 Friderici
2256 1689 2621 1763 imperatoris
2648 1689 2992 1764 respondet,
3020 1697 3370 1766 argumenta
3398 1691 3530 1765 eius

681 1790 961 1875 exeunt]
1536 1784 1804 1844 refellens
1823 1784 1898 1844 de
1922 1787 2205 1844 ministris
2227 1786 2305 1844 ad
2332 1791 2550 1844 statum
2575 1785 2868 1845 Ecclesiae
2884 1788 3219 1862 primitivae
3243 1787 3529 1847 reducen-

1537 1881 1652 1952 dis,
1681 1897 2000 1957 omnesque
2034 1897 2223 1959 reges,
2250 1884 2571 1958 principes,
2600 1883 2892 1958 praelatos
2919 1889 2979 1942 et
3012 1884 3361 1944 christianos
3392 1883 3530 1945 bor-

1541 1984 1703 2037 tatur
1733 1978 1891 2055 quod
1922 1979 1988 2036 in
2027 1977 2188 2037 bunc
2226 1994 2598 2038 communem
2633 1980 2937 2038 inimicum
2973 1996 3139 2040 arma
3174 1982 3533 2041 unanimiter

1542 2080 1866 2133 assumant.
3417 2087 3532 2140 396

692 2186 760 2239 21
796 2186 857 2238 et
889 2189 963 2239 22
1063 2175 1361 2254 Lugduni.
1462 2204 1541 2216 —
1583 2171 2050 2247 ArcbiepIseopis
2091 2177 2151 2230 et
2185 2171 2549 2248 principibus
2588 2170 2971 2232 Alemanniae
3008 2172 3214 2233 scribit
3237 2175 3396 2250 quod
3426 2192 3534 2251 pro

713 2280 935 2355 aptius,
1543 2270 1945 2329 Romanorum
1986 2283 2118 2344 rege
2153 2270 2216 2327 in
2257 2270 2668 2343 imperatorem
2713 2269 3087 2345 postmodum
3131 2273 3534 2346 promovendo

1541 2368 1860 2426 Henricum
1889 2365 2303 2442 landgravium
2333 2367 2694 2442 Thuringiae
2720 2369 3078 2426 unanimiter
3109 2369 3349 2444 eligant,
3380 2370 3533 2428 elec·

1540 2469 1722 2539 toque
1761 2463 2111 2521 Ferrariensi
2151 2461 2399 2521 mandat
2425 2462 2587 2538 quod
2629 2463 2912 2522 electione
2941 2462 3131 2542 faeta,
3160 2467 3431 2540 protinus
3469 2466 3534 2523 in

1541 2560 2003 2620 contradictores
2029 2561 2236 2635 poenis
2262 2559 2669 2618 ecclesiasticis
2697 2559 3019 2618 desaeviat.
3416 2570 3533 2621 400

691 2673 767 2725 26
789 2665 962 2741 april.
1062 2661 1355 2741 Lugduni.
1464 2689 1544 2700 —
1581 2656 1860 2715 Praelatis
1887 2661 1947 2714 et
1972 2655 2271 2714 nobilibus
2300 2655 2530 2715 Siciliae
2548 2700 2566 2730 ,
2597 2655 2937 2715 Theobaldo
2963 2657 3278 2716 Francisco
3305 2663 3366 2717 et
3403 2660 3538 2720 aliis

1545 2754 1621 2813 de
1656 2769 1839 2829 regno
1876 2752 1955 2812 ad
1997 2752 2369 2812 devotionem
2418 2751 2710 2812 Ecclesiae
2746 2754 2998 2812 reversis
3040 2757 3100 2812 et
3136 2754 3539 2816 cardinalibus

1545 2850 1762 2927 quibus
1800 2851 1862 2908 in
1893 2865 2075 2926 regno
2102 2849 2309 2908 eodem
2337 2850 2647 2926 legationis
2687 2847 2948 2908 officium
2983 2852 3327 2922 committit,
3361 2868 3540 2910 man-

1545 2949 1650 3008 dat
1687 2954 1757 3008 ut
1788 2947 2026 3007 insimul
2060 2947 2378 3006 intendant
2410 2947 2487 3007 ad
2524 2947 2855 3017 liberiorem
2898 2948 3082 3026 hujus
3115 2950 3281 3026 regni
3316 2955 3537 3008 statum

1546 3046 2006 3124 procurandum.
3419 3056 3488 3107 41
3506 3057 3531 3107 1

697 3160 771 3212 23
808 3154 968 3212 maii.
1071 3149 1369 3226 Lugduni.
1473 3177 1548 3190 -
1587 3144 1864 3206 Notiiieat
1899 3144 2186 3202 universis
2224 3142 2385 3218 quod
2421 3158 2558 3203 cum
2599 3143 2927 3203 Friderieus
2961 3145 3279 3219 imperator
3313 3144 3537 3204 solem-

1547 3256 1652 3300 nes
1678 3242 1919 3299 nuntios
1946 3239 2020 3298 ad
2038 3242 2259 3299 curiam
2292 3241 2620 3299 Romanam
2653 3240 2907 3316 miserit,
2932 3243 3341 3317 purgationem
3367 3257 3538 3301 suam

1548 3339 1622 3398 de
1655 3338 1947 3396 haeretica
1986 3339 2280 3412 pravitate
2320 3336 2648 3411 oblaturos,
2683 3336 2791 3395 hos
2834 3353 2871 3396 a
2908 3337 3099 3396 tribus
3144 3339 3541 3399 cardinalibus

1548 3441 1607 3494 et
1641 3434 1858 3493 deinde
1891 3449 1928 3493 a
1963 3450 2027 3492 se
2060 3435 2187 3508 ipso
2222 3433 2548 3492 audiendos
2584 3435 2903 3508 eoncessit3
2951 3436 3359 3511 purgationem
3397 3451 3540 3495 vero

1548 3539 1618 3592 ut
1643 3532 1946 3590 temerarie
1966 3535 2027 3589 et
2051 3530 2316 3589 illusorie
2337 3529 2556 3588 factam
2578 3531 2812 3588 inanem
2841 3529 3121 3601 decrevit,
3152 3537 3261 3590 etc.
3420 3540 3535 3591 426

715 3646 752 3696 9
770 3639 951 3715 junii.
1068 3632 1370 3709 Lugduni.
1470 3661 1551 3673 —
1591 3628 2047 3705 Arebiepiscopo
2084 3628 2435 3703 Maguntino
2474 3626 2678 3686 scribit
2716 3627 3093 3703 congaudens
3138 3627 3213 3688 de
3254 3629 3539 3689 electione

1550 3727 1790 3785 Henrici
1824 3727 1980 3801 regis
2008 3726 2434 3795 Romanorum,
2464 3724 2844 3800 hortaturque
2867 3724 2945 3783 ad
2972 3730 3204 3784 tantum
3234 3730 3536 3803 negotium

1551 3824 1799 3883 viriliter
1826 3821 2320 3898 prosequendum.
3140 3830 3281 3895 431,
3312 3829 3438 3883 not.
3477 3833 3531 3885 1.

697 3934 767 3985 27
792 3927 968 4003 junii.
1071 3922 1370 4001 Lugduni.
1477 3953 1551 3965 —
1591 3921 1796 3980 Eidem
1825 3919 2257 3992 archiepiscopo
2294 3923 2356 3976 et
2386 3917 2776 3991 suffraganeis
2811 3921 2941 3993 ejus
2967 3920 3210 3978 mandat
3246 3927 3315 3979 ut
3347 3938 3538 3998 prop-

1549 4024 1641 4077 ter
1677 4018 1923 4093 injurias
1950 4016 2236 4073 Ecclesiae
2262 4014 2458 4073 illatas
2494 4030 2529 4072 a
2555 4014 2855 4074 Friderico
2889 4016 3192 4090 quondam
3229 4014 3536 4079 Romano-

1548 4129 1680 4173 rum
1725 4116 2101 4186 imperatore,
2134 4126 2272 4169 cum
2309 4113 2432 4186 jam
2471 4110 2622 4170 alius
2668 4113 2727 4168 in
2776 4113 3177 4171 Romanorum
3217 4130 3413 4190 regem
3455 4119 3535 4176 sit

1546 4214 1914 4284 assumptus,
1946 4208 2134 4266 crucis
2161 4207 2533 4283 signaculum
2567 4213 2875 4267 assumant
2900 4214 2959 4267 et
2986 4215 3194 4270 eontra
3225 4228 3360 4271 eum
3394 4229 3533 4289 pro-

1547 4312 1772 4384 ponant
1798 4304 2043 4365 verbum
2072 4306 2285 4364 crucis.
3416 4319 3531 4370 433

733 4418 769 4469 ⁵
791 4425 936 4470 nov.
1068 4405 1367 4484 Lugduni.
1465 4437 1546 4449 —
1588 4403 1924 4478 Respondet
1952 4402 2252 4462 Ludovico
2277 4402 2399 4478 regi
2428 4400 2709 4460 Franciae
2739 4402 2898 4478 quod
2925 4418 3064 4463 cum
3095 4408 3337 4465 nuntios
3364 4408 3442 4468 ad
3470 4424 3535 4468 se

1545 4492 1772 4561 miserit
1811 4517 1918 4577 pro
1965 4516 2109 4575 pace
2152 4501 2306 4557 inter
2352 4498 2673 4558 Ecclesiam
2717 4506 2777 4558 et
2820 4500 3187 4561 Fridericum
3227 4505 3532 4580 quondam

1545 4600 1941 4658 Romanorum
1989 4599 2399 4672 imperatorem
2440 4595 2844 4666 reformanda,
2888 4600 3013 4673 ipse
3057 4600 3330 4660 eumdem
3377 4607 3531 4662 reci·
3660 4670 3665 4675 ‚

1544 4712 1682 4772 pere
1708 4697 1937 4771 annuit,
1967 4694 2290 4754 dummodo
2319 4693 2461 4753 velit
2488 4694 2715 4753 sincero
2740 4695 2939 4754 animo
2964 4696 3042 4755 ad
3071 4698 3529 4759 ecclesiasticam

1547 4796 1835 4853 unitatem
1863 4794 2070 4853 redire.
3412 4807 3533 4859 464

854 4899 958 4960 VI.
1004 4915 1115 4959 rm
1136 4919 1180 4960 2.
3098 4910 3209 4962 124
