<?xml version="1.0" encoding="UTF-8"?>
<!DOCTYPE html PUBLIC "-//W3C//DTD XHTML 1.0 Transitional//EN"
    "http://www.w3.org/TR/xhtml1/DTD/xhtml1-transitional.dtd">
<html xmlns="http://www.w3.org/1999/xhtml" xml:lang="en" lang="en">
 <head>
  <title>
</title>
<meta http-equiv="Content-Type" content="text/html;charset=utf-8" />
  <meta name='ocr-system' content='tesseract 3.04.00' />
  <meta name='ocr-capabilities' content='ocr_page ocr_carea ocr_par ocr_line ocrx_word'/>
</head>
<body>
  <div class='ocr_page' id='page_1' title='image "./historiadiploma01empegoog_0257.png"; bbox 0 0 4525 6031; ppageno 0'>
   <div class='ocr_carea' id='block_1_1' title="bbox 696 629 3526 712">
    <p class='ocr_par' dir='ltr' id='par_1_1' title="bbox 696 629 3526 712">
     <span class='ocr_line' id='line_1_1' title="bbox 696 629 3526 712; baseline -0.002 -15"><span class='ocrx_word' id='word_1_1' title='bbox 696 639 901 698; x_wconf 69' lang='lat' dir='ltr'><strong>lumer-</strong></span> <span class='ocrx_word' id='word_1_2' title='bbox 932 632 1028 712; x_wconf 84' lang='lat'><strong>9.]</strong></span> <span class='ocrx_word' id='word_1_3' title='bbox 1601 630 1995 693; x_wconf 81' lang='lat' dir='ltr'>HISTORIA</span> <span class='ocrx_word' id='word_1_4' title='bbox 2045 629 2640 693; x_wconf 77' lang='lat' dir='ltr'><strong>mPLoMATch.</strong></span> <span class='ocrx_word' id='word_1_5' title='bbox 3402 639 3526 703; x_wconf 79' lang='lat'><strong>799</strong></span> 
     </span>
    </p>
   </div>
   <div class='ocr_carea' id='block_1_2' title="bbox 695 764 3538 4831">
    <p class='ocr_par' dir='ltr' id='par_1_2' title="bbox 695 764 3538 4831">
     <span class='ocr_line' id='line_1_2' title="bbox 695 764 3528 870; baseline 0.002 -28"><span class='ocrx_word' id='word_1_6' title='bbox 695 770 863 842; x_wconf 92' lang='lat' dir='ltr'><strong>bulo</strong></span> <span class='ocrx_word' id='word_1_7' title='bbox 927 774 1347 840; x_wconf 83' lang='lat' dir='ltr'>censeantur</span> <span class='ocrx_word' id='word_1_8' title='bbox 1396 764 1737 861; x_wconf 86' lang='lat' dir='ltr'><strong>impositis</strong></span> <span class='ocrx_word' id='word_1_9' title='bbox 1807 776 1877 838; x_wconf 91' lang='lat' dir='ltr'><strong>et</strong></span> <span class='ocrx_word' id='word_1_10' title='bbox 1933 765 2462 861; x_wconf 84' lang='lat' dir='ltr'><strong>quomodolibet</strong></span> <span class='ocrx_word' id='word_1_11' title='bbox 2502 766 2590 838; x_wconf 93' lang='lat' dir='ltr'><strong>de</strong></span> <span class='ocrx_word' id='word_1_12' title='bbox 2632 778 2866 840; x_wconf 92' lang='lat' dir='ltr'><strong>cetero</strong></span> <span class='ocrx_word' id='word_1_13' title='bbox 2902 769 3368 866; x_wconf 78' lang='lat' dir='ltr'><strong>imponendiS,</strong></span> <span class='ocrx_word' id='word_1_14' title='bbox 3400 797 3528 870; x_wconf 92' lang='lat' dir='ltr'><strong>pro</strong></span> 
     </span>
     <span class='ocr_line' id='line_1_3' title="bbox 695 889 3524 992; baseline 0.002 -27"><span class='ocrx_word' id='word_1_15' title='bbox 695 892 1022 966; x_wconf 92' lang='lat' dir='ltr'><strong>omnibus</strong></span> <span class='ocrx_word' id='word_1_16' title='bbox 1057 890 1287 983; x_wconf 81' lang='lat' dir='ltr'><strong>terriS,</strong></span> <span class='ocrx_word' id='word_1_17' title='bbox 1323 889 1534 982; x_wconf 87' lang='lat' dir='ltr'><strong>villis,</strong></span> <span class='ocrx_word' id='word_1_18' title='bbox 1571 890 1911 980; x_wconf 90' lang='lat' dir='ltr'><strong>curtibus,</strong></span> <span class='ocrx_word' id='word_1_19' title='bbox 1947 889 2523 986; x_wconf 78' lang='lat' dir='ltr'><strong>possessionibuS,</strong></span> <span class='ocrx_word' id='word_1_20' title='bbox 2569 892 2888 983; x_wconf 90' lang='lat' dir='ltr'><strong>terrenis,</strong></span> <span class='ocrx_word' id='word_1_21' title='bbox 2939 894 3285 990; x_wconf 80' lang='lat' dir='ltr'><strong>domibuS,</strong></span> <span class='ocrx_word' id='word_1_22' title='bbox 3327 900 3524 992; x_wconf 89' lang='lat' dir='ltr'><strong>locis,</strong></span> 
     </span>
     <span class='ocr_line' id='line_1_4' title="bbox 697 1012 3533 1106; baseline 0.003 -18"><span class='ocrx_word' id='word_1_23' title='bbox 697 1017 907 1090; x_wconf 90' lang='lat' dir='ltr'><strong>rebus</strong></span> <span class='ocrx_word' id='word_1_24' title='bbox 934 1024 1006 1087; x_wconf 95' lang='lat' dir='ltr'><strong>et</strong></span> <span class='ocrx_word' id='word_1_25' title='bbox 1031 1013 1400 1087; x_wconf 90' lang='lat' dir='ltr'><strong>venalibus</strong></span> <span class='ocrx_word' id='word_1_26' title='bbox 1427 1012 1770 1085; x_wconf 92' lang='lat' dir='ltr'><strong>universis</strong></span> <span class='ocrx_word' id='word_1_27' title='bbox 1796 1014 1955 1106; x_wconf 78' lang='lat' dir='ltr'><strong>tuiS,</strong></span> <span class='ocrx_word' id='word_1_28' title='bbox 1987 1013 2328 1086; x_wconf 92' lang='lat' dir='ltr'><strong>heredum</strong></span> <span class='ocrx_word' id='word_1_29' title='bbox 2358 1026 2429 1086; x_wconf 93' lang='lat' dir='ltr'><strong>et</strong></span> <span class='ocrx_word' id='word_1_30' title='bbox 2450 1036 2926 1087; x_wconf 89' lang='lat' dir='ltr'><strong>suceessorum</strong></span> <span class='ocrx_word' id='word_1_31' title='bbox 2961 1029 3235 1091; x_wconf 93' lang='lat' dir='ltr'><strong>tuorum</strong></span> <span class='ocrx_word' id='word_1_32' title='bbox 3266 1043 3350 1093; x_wconf 92' lang='lat' dir='ltr'><strong>ac</strong></span> <span class='ocrx_word' id='word_1_33' title='bbox 3378 1023 3533 1096; x_wconf 81' lang='lat' dir='ltr'><strong>de&#39;s-</strong></span> 
     </span>
     <span class='ocr_line' id='line_1_5' title="bbox 696 1137 3531 1237; baseline 0.002 -25"><span class='ocrx_word' id='word_1_34' title='bbox 696 1139 1144 1213; x_wconf 91' lang='lat' dir='ltr'><strong>cendentium</strong></span> <span class='ocrx_word' id='word_1_35' title='bbox 1183 1137 1276 1208; x_wconf 94' lang='lat' dir='ltr'><strong>ab</strong></span> <span class='ocrx_word' id='word_1_36' title='bbox 1312 1137 1413 1208; x_wconf 91' lang='lat' dir='ltr'><strong>eis</strong></span> <span class='ocrx_word' id='word_1_37' title='bbox 1464 1146 1607 1208; x_wconf 87' lang='lat' dir='ltr'><strong>tam</strong></span> <span class='ocrx_word' id='word_1_38' title='bbox 1644 1137 2016 1211; x_wconf 88' lang='lat' dir='ltr'><strong>mobilibus</strong></span> <span class='ocrx_word' id='word_1_39' title='bbox 2056 1159 2271 1232; x_wconf 91' lang='lat' dir='ltr'><strong>quam</strong></span> <span class='ocrx_word' id='word_1_40' title='bbox 2310 1138 2783 1210; x_wconf 88' lang='lat' dir='ltr'><strong>immobilibus</strong></span> <span class='ocrx_word' id='word_1_41' title='bbox 2811 1149 2882 1211; x_wconf 87' lang='lat' dir='ltr'><strong>et</strong></span> <span class='ocrx_word' id='word_1_42' title='bbox 2924 1150 3062 1212; x_wconf 90' lang='lat' dir='ltr'><strong>tam</strong></span> <span class='ocrx_word' id='word_1_43' title='bbox 3094 1146 3531 1237; x_wconf 81' lang='lat' dir='ltr'><strong>presentibus</strong></span> 
     </span>
     <span class='ocr_line' id='line_1_6' title="bbox 697 1258 3531 1365; baseline 0.003 -32"><span class='ocrx_word' id='word_1_44' title='bbox 697 1283 911 1357; x_wconf 92' lang='lat' dir='ltr'><strong>quam</strong></span> <span class='ocrx_word' id='word_1_45' title='bbox 943 1261 1193 1333; x_wconf 82' lang='lat' dir='ltr'><strong>futuris</strong></span> <span class='ocrx_word' id='word_1_46' title='bbox 1225 1260 1496 1333; x_wconf 87' lang='lat' dir='ltr'><strong>situatis</strong></span> <span class='ocrx_word' id='word_1_47' title='bbox 1524 1271 1596 1333; x_wconf 89' lang='lat' dir='ltr'><strong>et</strong></span> <span class='ocrx_word' id='word_1_48' title='bbox 1625 1262 1868 1357; x_wconf 84' lang='lat' dir='ltr'><strong>positis</strong></span> <span class='ocrx_word' id='word_1_49' title='bbox 1897 1258 2097 1360; x_wconf 88' lang='lat' dir='ltr'><strong>[tam]</strong></span> <span class='ocrx_word' id='word_1_50' title='bbox 2122 1262 2196 1332; x_wconf 93' lang='lat' dir='ltr'><strong>in</strong></span> <span class='ocrx_word' id='word_1_51' title='bbox 2224 1262 2622 1334; x_wconf 88' lang='lat' dir='ltr'><strong>civitatibus</strong></span> <span class='ocrx_word' id='word_1_52' title='bbox 2651 1264 2903 1336; x_wconf 89' lang='lat' dir='ltr'><strong>nostris</strong></span> <span class='ocrx_word' id='word_1_53' title='bbox 2936 1274 3007 1336; x_wconf 87' lang='lat' dir='ltr'><strong>et</strong></span> <span class='ocrx_word' id='word_1_54' title='bbox 3037 1268 3214 1338; x_wconf 90' lang='lat' dir='ltr'><strong>sacri</strong></span> <span class='ocrx_word' id='word_1_55' title='bbox 3258 1269 3531 1365; x_wconf 91' lang='lat' dir='ltr'><strong>imperii</strong></span> 
     </span>
     <span class='ocr_line' id='line_1_7' title="bbox 696 1385 3534 1487; baseline 0.004 -31"><span class='ocrx_word' id='word_1_56' title='bbox 696 1387 969 1476; x_wconf 92' lang='lat' dir='ltr'><strong>Parme,</strong></span> <span class='ocrx_word' id='word_1_57' title='bbox 1007 1385 1343 1457; x_wconf 89' lang='lat' dir='ltr'><strong>Cremone</strong></span> <span class='ocrx_word' id='word_1_58' title='bbox 1379 1394 1450 1456; x_wconf 88' lang='lat' dir='ltr'><strong>et</strong></span> <span class='ocrx_word' id='word_1_59' title='bbox 1482 1385 1830 1456; x_wconf 91' lang='lat' dir='ltr'><strong>Placentie</strong></span> <span class='ocrx_word' id='word_1_60' title='bbox 1867 1394 1938 1457; x_wconf 92' lang='lat' dir='ltr'><strong>et</strong></span> <span class='ocrx_word' id='word_1_61' title='bbox 1975 1385 2336 1458; x_wconf 83' lang='lat' dir='ltr'><strong>territoriis</strong></span> <span class='ocrx_word' id='word_1_62' title='bbox 2372 1386 2541 1477; x_wconf 91' lang='lat' dir='ltr'><strong>suis,</strong></span> <span class='ocrx_word' id='word_1_63' title='bbox 2581 1387 3091 1483; x_wconf 87' lang='lat' dir='ltr'><strong>episcopatibus</strong></span> <span class='ocrx_word' id='word_1_64' title='bbox 3117 1390 3426 1487; x_wconf 87' lang='lat' dir='ltr'><strong>ipsamm</strong></span> <span class='ocrx_word' id='word_1_65' title='bbox 3462 1405 3534 1468; x_wconf 91' lang='lat' dir='ltr'><strong>et</strong></span> 
     </span>
     <span class='ocr_line' id='line_1_8' title="bbox 700 1509 3530 1603; baseline 0.003 -23"><span class='ocrx_word' id='word_1_66' title='bbox 700 1509 1075 1601; x_wconf 88' lang='lat' dir='ltr'><strong>cujuslibet</strong></span> <span class='ocrx_word' id='word_1_67' title='bbox 1105 1529 1375 1598; x_wconf 92' lang='lat' dir='ltr'><strong>earum,</strong></span> <span class='ocrx_word' id='word_1_68' title='bbox 1411 1529 1624 1603; x_wconf 92' lang='lat' dir='ltr'><strong>quam</strong></span> <span class='ocrx_word' id='word_1_69' title='bbox 1645 1509 1799 1581; x_wconf 90' lang='lat' dir='ltr'><strong>aliis</strong></span> <span class='ocrx_word' id='word_1_70' title='bbox 1817 1509 2241 1600; x_wconf 87' lang='lat' dir='ltr'><strong>civitatibus,</strong></span> <span class='ocrx_word' id='word_1_71' title='bbox 2276 1509 2504 1600; x_wconf 89' lang='lat' dir='ltr'><strong>terris,</strong></span> <span class='ocrx_word' id='word_1_72' title='bbox 2533 1511 2776 1581; x_wconf 89' lang='lat' dir='ltr'><strong>castris</strong></span> <span class='ocrx_word' id='word_1_73' title='bbox 2809 1521 2880 1583; x_wconf 87' lang='lat' dir='ltr'><strong>et</strong></span> <span class='ocrx_word' id='word_1_74' title='bbox 2903 1513 3071 1584; x_wconf 89' lang='lat' dir='ltr'><strong>locis</strong></span> <span class='ocrx_word' id='word_1_75' title='bbox 3094 1516 3303 1587; x_wconf 90' lang='lat' dir='ltr'><strong>totius</strong></span> <span class='ocrx_word' id='word_1_76' title='bbox 3324 1518 3530 1589; x_wconf 86' lang='lat' dir='ltr'><strong>Lom-</strong></span> 
     </span>
     <span class='ocr_line' id='line_1_9' title="bbox 699 1632 3534 1729; baseline 0.004 -25"><span class='ocrx_word' id='word_1_77' title='bbox 699 1632 942 1704; x_wconf 88' lang='lat' dir='ltr'><strong>bardie</strong></span> <span class='ocrx_word' id='word_1_78' title='bbox 972 1642 1043 1705; x_wconf 92' lang='lat' dir='ltr'><strong>et</strong></span> <span class='ocrx_word' id='word_1_79' title='bbox 1072 1632 1315 1704; x_wconf 88' lang='lat' dir='ltr'><strong>Tuscie</strong></span> <span class='ocrx_word' id='word_1_80' title='bbox 1348 1643 1420 1704; x_wconf 91' lang='lat' dir='ltr'><strong>et</strong></span> <span class='ocrx_word' id='word_1_81' title='bbox 1447 1633 1810 1704; x_wconf 85' lang='lat' dir='ltr'><strong>territoriis</strong></span> <span class='ocrx_word' id='word_1_82' title='bbox 1838 1634 1952 1704; x_wconf 95' lang='lat' dir='ltr'><strong>vel</strong></span> <span class='ocrx_word' id='word_1_83' title='bbox 1989 1632 2502 1729; x_wconf 85' lang='lat' dir='ltr'><strong>episcopatibus</strong></span> <span class='ocrx_word' id='word_1_84' title='bbox 2534 1634 2971 1728; x_wconf 87' lang='lat' dir='ltr'><strong>eorumdem,</strong></span> <span class='ocrx_word' id='word_1_85' title='bbox 3008 1659 3281 1710; x_wconf 84' lang='lat' dir='ltr'><strong>necnon</strong></span> <span class='ocrx_word' id='word_1_86' title='bbox 3317 1640 3534 1714; x_wconf 90' lang='lat' dir='ltr'><strong>homi-</strong></span> 
     </span>
     <span class='ocr_line' id='line_1_10' title="bbox 699 1755 3530 1848; baseline 0.004 -22"><span class='ocrx_word' id='word_1_87' title='bbox 699 1777 826 1828; x_wconf 90' lang='lat' dir='ltr'><strong>nes</strong></span> <span class='ocrx_word' id='word_1_88' title='bbox 858 1757 1314 1847; x_wconf 81' lang='lat' dir='ltr'><strong>laboratoreS,</strong></span> <span class='ocrx_word' id='word_1_89' title='bbox 1349 1755 1743 1848; x_wconf 90' lang='lat' dir='ltr'><strong>massarios,</strong></span> <span class='ocrx_word' id='word_1_90' title='bbox 1773 1758 2087 1847; x_wconf 88' lang='lat' dir='ltr'><strong>colonos,</strong></span> <span class='ocrx_word' id='word_1_91' title='bbox 2123 1757 2419 1828; x_wconf 89' lang='lat' dir='ltr'><strong>rusticos</strong></span> <span class='ocrx_word' id='word_1_92' title='bbox 2442 1767 2513 1829; x_wconf 87' lang='lat' dir='ltr'><strong>et</strong></span> <span class='ocrx_word' id='word_1_93' title='bbox 2537 1758 2801 1829; x_wconf 89' lang='lat' dir='ltr'><strong>incolas</strong></span> <span class='ocrx_word' id='word_1_94' title='bbox 2829 1780 2912 1831; x_wconf 92' lang='lat' dir='ltr'><strong>ac</strong></span> <span class='ocrx_word' id='word_1_95' title='bbox 2937 1763 3272 1836; x_wconf 83' lang='lat' dir='ltr'><strong>vassallos</strong></span> <span class='ocrx_word' id='word_1_96' title='bbox 3303 1775 3374 1836; x_wconf 91' lang='lat' dir='ltr'><strong>et</strong></span> <span class='ocrx_word' id='word_1_97' title='bbox 3400 1766 3530 1839; x_wconf 90' lang='lat' dir='ltr'><strong>ho-</strong></span> 
     </span>
     <span class='ocr_line' id='line_1_11' title="bbox 701 1879 3535 1983; baseline 0.004 -33"><span class='ocrx_word' id='word_1_98' title='bbox 701 1881 923 1952; x_wconf 92' lang='lat' dir='ltr'><strong>mines</strong></span> <span class='ocrx_word' id='word_1_99' title='bbox 947 1881 1037 1953; x_wconf 91' lang='lat' dir='ltr'><strong>de</strong></span> <span class='ocrx_word' id='word_1_100' title='bbox 1068 1892 1382 1953; x_wconf 81' lang='lat' dir='ltr'><strong>masnata</strong></span> <span class='ocrx_word' id='word_1_101' title='bbox 1415 1881 1488 1952; x_wconf 93' lang='lat' dir='ltr'><strong>in</strong></span> <span class='ocrx_word' id='word_1_102' title='bbox 1522 1891 1594 1952; x_wconf 92' lang='lat' dir='ltr'><strong>et</strong></span> <span class='ocrx_word' id='word_1_103' title='bbox 1621 1903 1832 1976; x_wconf 91' lang='lat' dir='ltr'><strong>super</strong></span> <span class='ocrx_word' id='word_1_104' title='bbox 1859 1880 2258 1973; x_wconf 90' lang='lat' dir='ltr'><strong>hujusmodi</strong></span> <span class='ocrx_word' id='word_1_105' title='bbox 2293 1880 2521 1970; x_wconf 78' lang='lat' dir='ltr'><strong>terriS,</strong></span> <span class='ocrx_word' id='word_1_106' title='bbox 2558 1879 2881 1954; x_wconf 89' lang='lat' dir='ltr'><strong>domibus</strong></span> <span class='ocrx_word' id='word_1_107' title='bbox 2896 1894 2966 1956; x_wconf 84' lang='lat' dir='ltr'><strong>et</strong></span> <span class='ocrx_word' id='word_1_108' title='bbox 2987 1885 3190 1957; x_wconf 89' lang='lat' dir='ltr'><strong>bonis</strong></span> <span class='ocrx_word' id='word_1_109' title='bbox 3204 1887 3535 1983; x_wconf 84' lang='lat' dir='ltr'><strong>predictis</strong></span> 
     </span>
     <span class='ocr_line' id='line_1_12' title="bbox 699 2004 3535 2102; baseline 0.004 -28"><span class='ocrx_word' id='word_1_110' title='bbox 699 2026 888 2075; x_wconf 91' lang='lat' dir='ltr'><strong>nunc</strong></span> <span class='ocrx_word' id='word_1_111' title='bbox 916 2015 988 2076; x_wconf 91' lang='lat' dir='ltr'><strong>et</strong></span> <span class='ocrx_word' id='word_1_112' title='bbox 1019 2005 1090 2076; x_wconf 91' lang='lat' dir='ltr'><strong>in</strong></span> <span class='ocrx_word' id='word_1_113' title='bbox 1124 2005 1434 2077; x_wconf 81' lang='lat' dir='ltr'><strong>futurum</strong></span> <span class='ocrx_word' id='word_1_114' title='bbox 1466 2005 1854 2077; x_wconf 89' lang='lat' dir='ltr'><strong>residentes</strong></span> <span class='ocrx_word' id='word_1_115' title='bbox 1887 2015 1958 2076; x_wconf 91' lang='lat' dir='ltr'><strong>et</strong></span> <span class='ocrx_word' id='word_1_116' title='bbox 1975 2004 2427 2076; x_wconf 87' lang='lat' dir='ltr'><strong>habitantesa</strong></span> <span class='ocrx_word' id='word_1_117' title='bbox 2448 2004 3002 2102; x_wconf 81' lang='lat' dir='ltr'><strong>quibuscumque</strong></span> <span class='ocrx_word' id='word_1_118' title='bbox 3016 2011 3535 2101; x_wconf 88' lang='lat' dir='ltr'><strong>gravaminibus</strong></span> 
     </span>
     <span class='ocr_line' id='line_1_13' title="bbox 702 2129 3533 2227; baseline 0.003 -27"><span class='ocrx_word' id='word_1_119' title='bbox 702 2138 774 2201; x_wconf 95' lang='lat' dir='ltr'><strong>et</strong></span> <span class='ocrx_word' id='word_1_120' title='bbox 799 2130 1128 2202; x_wconf 91' lang='lat' dir='ltr'><strong>oneribus</strong></span> <span class='ocrx_word' id='word_1_121' title='bbox 1160 2129 1647 2226; x_wconf 84' lang='lat' dir='ltr'><strong>suprascriptis</strong></span> <span class='ocrx_word' id='word_1_122' title='bbox 1674 2129 2017 2227; x_wconf 89' lang='lat' dir='ltr'><strong>presentis</strong></span> <span class='ocrx_word' id='word_1_123' title='bbox 2047 2140 2282 2201; x_wconf 91' lang='lat' dir='ltr'><strong>nostre</strong></span> <span class='ocrx_word' id='word_1_124' title='bbox 2314 2130 2566 2224; x_wconf 81' lang='lat' dir='ltr'><strong>pagine</strong></span> <span class='ocrx_word' id='word_1_125' title='bbox 2602 2140 2840 2202; x_wconf 89' lang='lat' dir='ltr'><strong>tenore</strong></span> <span class='ocrx_word' id='word_1_126' title='bbox 2860 2132 3262 2224; x_wconf 88' lang='lat' dir='ltr'><strong>liberamus,</strong></span> <span class='ocrx_word' id='word_1_127' title='bbox 3285 2136 3533 2209; x_wconf 84' lang='lat' dir='ltr'><strong>eximi·</strong></span> 
     </span>
     <span class='ocr_line' id='line_1_14' title="bbox 702 2254 3538 2349; baseline 0.004 -25"><span class='ocrx_word' id='word_1_128' title='bbox 702 2275 857 2324; x_wconf 90' lang='lat' dir='ltr'><strong>mus</strong></span> <span class='ocrx_word' id='word_1_129' title='bbox 899 2264 970 2326; x_wconf 87' lang='lat' dir='ltr'><strong>et</strong></span> <span class='ocrx_word' id='word_1_130' title='bbox 1017 2254 1477 2345; x_wconf 81' lang='lat' dir='ltr'><strong>absolvimuS,</strong></span> <span class='ocrx_word' id='word_1_131' title='bbox 1511 2275 1594 2326; x_wconf 92' lang='lat' dir='ltr'><strong>ac</strong></span> <span class='ocrx_word' id='word_1_132' title='bbox 1632 2254 1983 2344; x_wconf 83' lang='lat' dir='ltr'><strong>liberatoS,</strong></span> <span class='ocrx_word' id='word_1_133' title='bbox 2017 2264 2386 2349; x_wconf 85' lang='lat' dir='ltr'><strong>exemptos</strong></span> <span class='ocrx_word' id='word_1_134' title='bbox 2409 2264 2481 2326; x_wconf 92' lang='lat' dir='ltr'><strong>et</strong></span> <span class='ocrx_word' id='word_1_135' title='bbox 2505 2254 2862 2327; x_wconf 88' lang='lat' dir='ltr'><strong>absolutos</strong></span> <span class='ocrx_word' id='word_1_136' title='bbox 2911 2277 3062 2328; x_wconf 91' lang='lat' dir='ltr'><strong>esse</strong></span> <span class='ocrx_word' id='word_1_137' title='bbox 3090 2257 3414 2331; x_wconf 90' lang='lat' dir='ltr'><strong>volumus</strong></span> <span class='ocrx_word' id='word_1_138' title='bbox 3464 2271 3538 2334; x_wconf 90' lang='lat' dir='ltr'><strong>et</strong></span> 
     </span>
     <span class='ocr_line' id='line_1_15' title="bbox 703 2378 3534 2477; baseline 0.004 -30"><span class='ocrx_word' id='word_1_139' title='bbox 703 2378 1140 2450; x_wconf 78' lang='lat' dir='ltr'><strong>mandamus,</strong></span> <span class='ocrx_word' id='word_1_140' title='bbox 1177 2379 1646 2450; x_wconf 90' lang='lat' dir='ltr'><strong>Decernentes</strong></span> <span class='ocrx_word' id='word_1_141' title='bbox 1673 2378 1744 2448; x_wconf 90' lang='lat' dir='ltr'><strong>in</strong></span> <span class='ocrx_word' id='word_1_142' title='bbox 1771 2378 2080 2474; x_wconf 90' lang='lat' dir='ltr'><strong>presenti</strong></span> <span class='ocrx_word' id='word_1_143' title='bbox 2107 2388 2348 2449; x_wconf 89' lang='lat' dir='ltr'><strong>nostro</strong></span> <span class='ocrx_word' id='word_1_144' title='bbox 2379 2378 2721 2473; x_wconf 92' lang='lat' dir='ltr'><strong>imperiali</strong></span> <span class='ocrx_word' id='word_1_145' title='bbox 2754 2378 2983 2452; x_wconf 89' lang='lat' dir='ltr'><strong>edicto</strong></span> <span class='ocrx_word' id='word_1_146' title='bbox 3010 2389 3534 2477; x_wconf 88' lang='lat' dir='ltr'><strong>statuentesque</strong></span> 
     </span>
     <span class='ocr_line' id='line_1_16' title="bbox 703 2501 3532 2593; baseline 0.003 -21"><span class='ocrx_word' id='word_1_147' title='bbox 703 2511 782 2572; x_wconf 92' lang='lat' dir='ltr'><strong>ut</strong></span> <span class='ocrx_word' id='word_1_148' title='bbox 815 2511 915 2593; x_wconf 92' lang='lat' dir='ltr'><strong>tu,</strong></span> <span class='ocrx_word' id='word_1_149' title='bbox 953 2501 1253 2574; x_wconf 90' lang='lat' dir='ltr'><strong>heredes</strong></span> <span class='ocrx_word' id='word_1_150' title='bbox 1289 2513 1360 2574; x_wconf 91' lang='lat' dir='ltr'><strong>et</strong></span> <span class='ocrx_word' id='word_1_151' title='bbox 1393 2523 1829 2575; x_wconf 90' lang='lat' dir='ltr'><strong>successores</strong></span> <span class='ocrx_word' id='word_1_152' title='bbox 1863 2502 1964 2574; x_wconf 91' lang='lat' dir='ltr'><strong>tui</strong></span> <span class='ocrx_word' id='word_1_153' title='bbox 1997 2523 2082 2574; x_wconf 92' lang='lat' dir='ltr'><strong>ac</strong></span> <span class='ocrx_word' id='word_1_154' title='bbox 2106 2502 2199 2573; x_wconf 94' lang='lat' dir='ltr'><strong>ab</strong></span> <span class='ocrx_word' id='word_1_155' title='bbox 2237 2502 2337 2573; x_wconf 89' lang='lat' dir='ltr'><strong>eis</strong></span> <span class='ocrx_word' id='word_1_156' title='bbox 2366 2502 2870 2574; x_wconf 90' lang='lat' dir='ltr'><strong>descendentes</strong></span> <span class='ocrx_word' id='word_1_157' title='bbox 2899 2513 2971 2574; x_wconf 92' lang='lat' dir='ltr'><strong>et</strong></span> <span class='ocrx_word' id='word_1_158' title='bbox 2996 2502 3316 2578; x_wconf 91' lang='lat' dir='ltr'><strong>homines</strong></span> <span class='ocrx_word' id='word_1_159' title='bbox 3349 2529 3532 2581; x_wconf 90' lang='lat' dir='ltr'><strong>mas·</strong></span> 
     </span>
     <span class='ocr_line' id='line_1_17' title="bbox 702 2624 3537 2716; baseline 0.002 -19"><span class='ocrx_word' id='word_1_160' title='bbox 702 2625 892 2716; x_wconf 90' lang='lat' dir='ltr'><strong>sarii,</strong></span> <span class='ocrx_word' id='word_1_161' title='bbox 926 2626 1354 2699; x_wconf 88' lang='lat' dir='ltr'><strong>laboratores</strong></span> <span class='ocrx_word' id='word_1_162' title='bbox 1386 2636 1458 2698; x_wconf 92' lang='lat' dir='ltr'><strong>et</strong></span> <span class='ocrx_word' id='word_1_163' title='bbox 1489 2626 1755 2715; x_wconf 88' lang='lat' dir='ltr'><strong>rustici,</strong></span> <span class='ocrx_word' id='word_1_164' title='bbox 1795 2625 2113 2698; x_wconf 91' lang='lat' dir='ltr'><strong>homines</strong></span> <span class='ocrx_word' id='word_1_165' title='bbox 2143 2624 2232 2698; x_wconf 93' lang='lat' dir='ltr'><strong>de</strong></span> <span class='ocrx_word' id='word_1_166' title='bbox 2265 2637 2607 2716; x_wconf 86' lang='lat' dir='ltr'><strong>masnata,</strong></span> <span class='ocrx_word' id='word_1_167' title='bbox 2642 2626 2921 2698; x_wconf 86' lang='lat' dir='ltr'><strong>vassalli</strong></span> <span class='ocrx_word' id='word_1_168' title='bbox 2951 2636 3022 2698; x_wconf 87' lang='lat' dir='ltr'><strong>et</strong></span> <span class='ocrx_word' id='word_1_169' title='bbox 3051 2627 3278 2701; x_wconf 91' lang='lat' dir='ltr'><strong>incole</strong></span> <span class='ocrx_word' id='word_1_170' title='bbox 3315 2638 3537 2703; x_wconf 89' lang='lat' dir='ltr'><strong>terra-</strong></span> 
     </span>
     <span class='ocr_line' id='line_1_18' title="bbox 703 2750 3534 2845; baseline 0.002 -24"><span class='ocrx_word' id='word_1_171' title='bbox 703 2772 885 2840; x_wconf 93' lang='lat' dir='ltr'><strong>rum,</strong></span> <span class='ocrx_word' id='word_1_172' title='bbox 913 2750 1263 2840; x_wconf 90' lang='lat' dir='ltr'><strong>villarum,</strong></span> <span class='ocrx_word' id='word_1_173' title='bbox 1294 2750 1621 2841; x_wconf 89' lang='lat' dir='ltr'><strong>curtium,</strong></span> <span class='ocrx_word' id='word_1_174' title='bbox 1643 2750 2182 2845; x_wconf 90' lang='lat' dir='ltr'><strong>possessionum,</strong></span> <span class='ocrx_word' id='word_1_175' title='bbox 2205 2759 2668 2840; x_wconf 90' lang='lat' dir='ltr'><strong>terrenorum,</strong></span> <span class='ocrx_word' id='word_1_176' title='bbox 2689 2750 3054 2822; x_wconf 91' lang='lat' dir='ltr'><strong>domorum</strong></span> <span class='ocrx_word' id='word_1_177' title='bbox 3087 2763 3158 2824; x_wconf 93' lang='lat' dir='ltr'><strong>et</strong></span> <span class='ocrx_word' id='word_1_178' title='bbox 3189 2753 3534 2827; x_wconf 92' lang='lat' dir='ltr'><strong>bonorum</strong></span> 
     </span>
     <span class='ocr_line' id='line_1_19' title="bbox 702 2873 3538 2969; baseline 0.003 -25"><span class='ocrx_word' id='word_1_179' title='bbox 702 2873 1173 2969; x_wconf 90' lang='lat' dir='ltr'><strong>predictorum</strong></span> <span class='ocrx_word' id='word_1_180' title='bbox 1224 2884 1366 2945; x_wconf 84' lang='lat' dir='ltr'><strong>tam</strong></span> <span class='ocrx_word' id='word_1_181' title='bbox 1394 2884 1754 2969; x_wconf 90' lang='lat' dir='ltr'><strong>presentes</strong></span> <span class='ocrx_word' id='word_1_182' title='bbox 1784 2896 1993 2967; x_wconf 93' lang='lat' dir='ltr'><strong>quam</strong></span> <span class='ocrx_word' id='word_1_183' title='bbox 2026 2876 2298 2946; x_wconf 88' lang='lat' dir='ltr'><strong>futuros</strong></span> <span class='ocrx_word' id='word_1_184' title='bbox 2329 2874 2517 2945; x_wconf 91' lang='lat' dir='ltr'><strong>omni</strong></span> <span class='ocrx_word' id='word_1_185' title='bbox 2550 2874 2943 2969; x_wconf 82' lang='lat' dir='ltr'><strong>privilegiO,</strong></span> <span class='ocrx_word' id='word_1_186' title='bbox 2984 2876 3171 2967; x_wconf 90' lang='lat' dir='ltr'><strong>jure,</strong></span> <span class='ocrx_word' id='word_1_187' title='bbox 3208 2878 3433 2969; x_wconf 89' lang='lat' dir='ltr'><strong>gratia</strong></span> <span class='ocrx_word' id='word_1_188' title='bbox 3464 2889 3538 2952; x_wconf 90' lang='lat' dir='ltr'><strong>et</strong></span> 
     </span>
     <span class='ocr_line' id='line_1_20' title="bbox 702 2996 3533 3095; baseline 0.003 -27"><span class='ocrx_word' id='word_1_189' title='bbox 702 2996 968 3071; x_wconf 89' lang='lat' dir='ltr'><strong>honore</strong></span> <span class='ocrx_word' id='word_1_190' title='bbox 1012 2998 1142 3089; x_wconf 90' lang='lat' dir='ltr'><strong>uti,</strong></span> <span class='ocrx_word' id='word_1_191' title='bbox 1182 2998 1316 3070; x_wconf 80' lang='lat' dir='ltr'><strong>frui</strong></span> <span class='ocrx_word' id='word_1_192' title='bbox 1357 3008 1428 3072; x_wconf 92' lang='lat' dir='ltr'><strong>et</strong></span> <span class='ocrx_word' id='word_1_193' title='bbox 1470 2998 1678 3095; x_wconf 87' lang='lat' dir='ltr'><strong>potiri</strong></span> <span class='ocrx_word' id='word_1_194' title='bbox 1719 3020 1811 3071; x_wconf 84' lang='lat' dir='ltr'><strong>ex</strong></span> <span class='ocrx_word' id='word_1_195' title='bbox 1859 3021 2048 3070; x_wconf 93' lang='lat' dir='ltr'><strong>nunc</strong></span> <span class='ocrx_word' id='word_1_196' title='bbox 2098 2998 2168 3069; x_wconf 93' lang='lat' dir='ltr'><strong>in</strong></span> <span class='ocrx_word' id='word_1_197' title='bbox 2215 3008 2421 3070; x_wconf 90' lang='lat' dir='ltr'><strong>antea</strong></span> <span class='ocrx_word' id='word_1_198' title='bbox 2454 2997 2732 3094; x_wconf 86' lang='lat' dir='ltr'><strong>possitis</strong></span> <span class='ocrx_word' id='word_1_199' title='bbox 2779 3006 2850 3069; x_wconf 90' lang='lat' dir='ltr'><strong>et</strong></span> <span class='ocrx_word' id='word_1_200' title='bbox 2892 2997 3232 3091; x_wconf 75' lang='lat' dir='ltr'><strong>debeatiS,</strong></span> <span class='ocrx_word' id='word_1_201' title='bbox 3278 3002 3533 3095; x_wconf 91' lang='lat' dir='ltr'><strong>quibus</strong></span> 
     </span>
     <span class='ocr_line' id='line_1_21' title="bbox 704 3122 3536 3219; baseline 0.002 -24"><span class='ocrx_word' id='word_1_202' title='bbox 704 3124 916 3195; x_wconf 91' lang='lat' dir='ltr'><strong>ceteri</strong></span> <span class='ocrx_word' id='word_1_203' title='bbox 943 3145 986 3195; x_wconf 92' lang='lat' dir='ltr'><strong>a</strong></span> <span class='ocrx_word' id='word_1_204' title='bbox 1012 3123 1466 3195; x_wconf 91' lang='lat' dir='ltr'><strong>serenissimis</strong></span> <span class='ocrx_word' id='word_1_205' title='bbox 1494 3123 1848 3219; x_wconf 90' lang='lat' dir='ltr'><strong>quondam</strong></span> <span class='ocrx_word' id='word_1_206' title='bbox 1877 3122 2490 3219; x_wconf 88' lang='lat' dir='ltr'><strong>predecessoribus</strong></span> <span class='ocrx_word' id='word_1_207' title='bbox 2526 3122 2781 3193; x_wconf 89' lang='lat' dir='ltr'><strong>nostris</strong></span> <span class='ocrx_word' id='word_1_208' title='bbox 2795 3122 3327 3218; x_wconf 88' lang='lat' dir='ltr'><strong>imperatoribus</strong></span> <span class='ocrx_word' id='word_1_209' title='bbox 3347 3137 3536 3200; x_wconf 88' lang='lat' dir='ltr'><strong>etre-</strong></span> 
     </span>
     <span class='ocr_line' id='line_1_22' title="bbox 702 3245 3534 3343; baseline 0.001 -25"><span class='ocrx_word' id='word_1_210' title='bbox 702 3247 906 3340; x_wconf 89' lang='lat' dir='ltr'><strong>gibus</strong></span> <span class='ocrx_word' id='word_1_211' title='bbox 939 3248 1406 3320; x_wconf 89' lang='lat' dir='ltr'><strong>Romanorum</strong></span> <span class='ocrx_word' id='word_1_212' title='bbox 1436 3268 1519 3318; x_wconf 91' lang='lat' dir='ltr'><strong>ac</strong></span> <span class='ocrx_word' id='word_1_213' title='bbox 1553 3247 1844 3343; x_wconf 91' lang='lat' dir='ltr'><strong>imperio</strong></span> <span class='ocrx_word' id='word_1_214' title='bbox 1873 3267 2068 3318; x_wconf 90' lang='lat' dir='ltr'><strong>sacro</strong></span> <span class='ocrx_word' id='word_1_215' title='bbox 2102 3245 2412 3341; x_wconf 83' lang='lat' dir='ltr'><strong>exempti</strong></span> <span class='ocrx_word' id='word_1_216' title='bbox 2442 3246 2725 3317; x_wconf 81' lang='lat' dir='ltr'><strong>fuerunt</strong></span> <span class='ocrx_word' id='word_1_217' title='bbox 2757 3256 2827 3317; x_wconf 90' lang='lat' dir='ltr'><strong>et</strong></span> <span class='ocrx_word' id='word_1_218' title='bbox 2858 3247 3383 3339; x_wconf 86' lang='lat' dir='ltr'><strong>quomodolibet</strong></span> <span class='ocrx_word' id='word_1_219' title='bbox 3411 3270 3534 3343; x_wconf 92' lang='lat' dir='ltr'><strong>po·</strong></span> 
     </span>
     <span class='ocr_line' id='line_1_23' title="bbox 706 3369 3532 3465; baseline 0 -24"><span class='ocrx_word' id='word_1_220' title='bbox 706 3370 1079 3461; x_wconf 88' lang='lat' dir='ltr'><strong>tiebantur,</strong></span> <span class='ocrx_word' id='word_1_221' title='bbox 1118 3371 1271 3462; x_wconf 90' lang='lat' dir='ltr'><strong>lege</strong></span> <span class='ocrx_word' id='word_1_222' title='bbox 1303 3392 1746 3464; x_wconf 89' lang='lat' dir='ltr'><strong>quacumque</strong></span> <span class='ocrx_word' id='word_1_223' title='bbox 1769 3392 1892 3442; x_wconf 96' lang='grc' dir='ltr'>εει]</span> <span class='ocrx_word' id='word_1_224' title='bbox 1929 3369 2451 3458; x_wconf 85' lang='lat' dir='ltr'><strong>constitutione,</strong></span> <span class='ocrx_word' id='word_1_225' title='bbox 2491 3379 2775 3459; x_wconf 88' lang='lat' dir='ltr'><strong>statuto,</strong></span> <span class='ocrx_word' id='word_1_226' title='bbox 2817 3369 3047 3441; x_wconf 90' lang='lat' dir='ltr'><strong>edicto</strong></span> <span class='ocrx_word' id='word_1_227' title='bbox 3102 3370 3360 3465; x_wconf 87' lang='lat' dir='ltr'><strong>scripto</strong></span> <span class='ocrx_word' id='word_1_228' title='bbox 3408 3392 3532 3442; x_wconf 91' lang='lat' dir='ltr'><strong>seu</strong></span> 
     </span>
     <span class='ocr_line' id='line_1_24' title="bbox 704 3495 3534 3591; baseline 0.001 -25"><span class='ocrx_word' id='word_1_229' title='bbox 704 3496 1102 3591; x_wconf 88' lang='lat' dir='ltr'><strong>municipali</strong></span> <span class='ocrx_word' id='word_1_230' title='bbox 1118 3496 1190 3566; x_wconf 92' lang='lat' dir='ltr'><strong>in</strong></span> <span class='ocrx_word' id='word_1_231' title='bbox 1205 3496 1630 3568; x_wconf 91' lang='lat' dir='ltr'><strong>contrarium</strong></span> <span class='ocrx_word' id='word_1_232' title='bbox 1644 3518 1788 3568; x_wconf 94' lang='lat' dir='ltr'><strong>non</strong></span> <span class='ocrx_word' id='word_1_233' title='bbox 1802 3496 2047 3567; x_wconf 88' lang='lat' dir='ltr'><strong>obstan</strong></span> <span class='ocrx_word' id='word_1_234' title='bbox 2056 3495 2235 3566; x_wconf 86' lang='lat' dir='ltr'><strong>tibus</strong></span> <span class='ocrx_word' id='word_1_235' title='bbox 2249 3524 2270 3586; x_wconf 80' lang='lat'>3</span> <span class='ocrx_word' id='word_1_236' title='bbox 2302 3495 2556 3588; x_wconf 90' lang='lat' dir='ltr'><strong>quibus</strong></span> <span class='ocrx_word' id='word_1_237' title='bbox 2578 3506 2647 3567; x_wconf 85' lang='lat' dir='ltr'><strong>et</strong></span> <span class='ocrx_word' id='word_1_238' title='bbox 2661 3495 2946 3567; x_wconf 92' lang='lat' dir='ltr'><strong>cuilibet</strong></span> <span class='ocrx_word' id='word_1_239' title='bbox 2959 3517 3126 3568; x_wconf 91' lang='lat' dir='ltr'><strong>eoru</strong></span> <span class='ocrx_word' id='word_1_240' title='bbox 3136 3519 3200 3566; x_wconf 95' lang='lat' dir='ltr'><strong>m</strong></span> <span class='ocrx_word' id='word_1_241' title='bbox 3231 3496 3288 3566; x_wconf 91' lang='lat' dir='ltr'><strong>si</strong></span> <span class='ocrx_word' id='word_1_242' title='bbox 3323 3495 3534 3568; x_wconf 85' lang='lat' dir='ltr'><strong>etiam</strong></span> 
     </span>
     <span class='ocr_line' id='line_1_25' title="bbox 702 3619 3536 3715; baseline 0 -25"><span class='ocrx_word' id='word_1_243' title='bbox 702 3620 774 3690; x_wconf 94' lang='lat' dir='ltr'><strong>in</strong></span> <span class='ocrx_word' id='word_1_244' title='bbox 807 3629 1148 3714; x_wconf 87' lang='lat' dir='ltr'><strong>quantum</strong></span> <span class='ocrx_word' id='word_1_245' title='bbox 1172 3620 1337 3692; x_wconf 90' lang='lat' dir='ltr'><strong>huic</strong></span> <span class='ocrx_word' id='word_1_246' title='bbox 1369 3630 1605 3692; x_wconf 89' lang='lat' dir='ltr'><strong>nostre</strong></span> <span class='ocrx_word' id='word_1_247' title='bbox 1629 3620 2085 3714; x_wconf 81' lang='lat' dir='ltr'><strong>exemptioni,</strong></span> <span class='ocrx_word' id='word_1_248' title='bbox 2116 3619 2532 3690; x_wconf 83' lang='lat' dir='ltr'><strong>immunitati</strong></span> <span class='ocrx_word' id='word_1_249' title='bbox 2559 3641 2642 3690; x_wconf 90' lang='lat' dir='ltr'><strong>ac</strong></span> <span class='ocrx_word' id='word_1_250' title='bbox 2662 3619 3052 3692; x_wconf 88' lang='lat' dir='ltr'><strong>liberationi</strong></span> <span class='ocrx_word' id='word_1_251' title='bbox 3073 3620 3356 3691; x_wconf 90' lang='lat' dir='ltr'><strong>obviare</strong></span> <span class='ocrx_word' id='word_1_252' title='bbox 3381 3641 3536 3715; x_wconf 89' lang='lat' dir='ltr'><strong>pos-</strong></span> 
     </span>
     <span class='ocr_line' id='line_1_26' title="bbox 706 3743 3535 3839; baseline -0 -24"><span class='ocrx_word' id='word_1_253' title='bbox 706 3743 870 3834; x_wconf 93' lang='lat' dir='ltr'><strong>sint,</strong></span> <span class='ocrx_word' id='word_1_254' title='bbox 896 3765 990 3814; x_wconf 86' lang='lat' dir='ltr'><strong>ex</strong></span> <span class='ocrx_word' id='word_1_255' title='bbox 1012 3753 1200 3816; x_wconf 87' lang='lat' dir='ltr'><strong>certa</strong></span> <span class='ocrx_word' id='word_1_256' title='bbox 1230 3745 1516 3816; x_wconf 90' lang='lat' dir='ltr'><strong>scientia</strong></span> <span class='ocrx_word' id='word_1_257' title='bbox 1548 3755 1619 3817; x_wconf 88' lang='lat' dir='ltr'><strong>et</strong></span> <span class='ocrx_word' id='word_1_258' title='bbox 1646 3745 1734 3816; x_wconf 92' lang='lat' dir='ltr'><strong>de</strong></span> <span class='ocrx_word' id='word_1_259' title='bbox 1753 3753 1990 3815; x_wconf 89' lang='lat' dir='ltr'><strong>nostra</strong></span> <span class='ocrx_word' id='word_1_260' title='bbox 2007 3743 2383 3838; x_wconf 91' lang='lat' dir='ltr'><strong>imperialis</strong></span> <span class='ocrx_word' id='word_1_261' title='bbox 2401 3743 2833 3838; x_wconf 89' lang='lat' dir='ltr'><strong>plenitudine</strong></span> <span class='ocrx_word' id='word_1_262' title='bbox 2849 3744 3208 3839; x_wconf 88' lang='lat' dir='ltr'><strong>potestatis</strong></span> <span class='ocrx_word' id='word_1_263' title='bbox 3234 3744 3535 3816; x_wconf 87' lang='lat' dir='ltr'><strong>totaliter</strong></span> 
     </span>
     <span class='ocr_line' id='line_1_27' title="bbox 705 3866 3536 3963; baseline -0.001 -23"><span class='ocrx_word' id='word_1_264' title='bbox 705 3868 1121 3962; x_wconf 81' lang='lat' dir='ltr'><strong>derogamus</strong></span> <span class='ocrx_word' id='word_1_265' title='bbox 1159 3879 1231 3941; x_wconf 87' lang='lat' dir='ltr'><strong>et</strong></span> <span class='ocrx_word' id='word_1_266' title='bbox 1261 3870 1672 3963; x_wconf 92' lang='lat' dir='ltr'><strong>derogatum</strong></span> <span class='ocrx_word' id='word_1_267' title='bbox 1701 3891 1853 3940; x_wconf 89' lang='lat' dir='ltr'><strong>esse</strong></span> <span class='ocrx_word' id='word_1_268' title='bbox 1879 3869 2224 3940; x_wconf 91' lang='lat' dir='ltr'><strong>volumus.</strong></span> <span class='ocrx_word' id='word_1_269' title='bbox 2261 3867 2640 3939; x_wconf 88' lang='lat' dir='ltr'><strong>Statuimus</strong></span> <span class='ocrx_word' id='word_1_270' title='bbox 2667 3866 2877 3957; x_wconf 88' lang='lat' dir='ltr'><strong>igitur</strong></span> <span class='ocrx_word' id='word_1_271' title='bbox 2907 3876 2977 3938; x_wconf 88' lang='lat' dir='ltr'><strong>et</strong></span> <span class='ocrx_word' id='word_1_272' title='bbox 3008 3868 3346 3962; x_wconf 90' lang='lat' dir='ltr'><strong>imperiali</strong></span> <span class='ocrx_word' id='word_1_273' title='bbox 3380 3889 3536 3939; x_wconf 91' lang='lat' dir='ltr'><strong>san-</strong></span> 
     </span>
     <span class='ocr_line' id='line_1_28' title="bbox 705 3988 3531 4087; baseline 0.001 -28"><span class='ocrx_word' id='word_1_274' title='bbox 705 3989 924 4061; x_wconf 88' lang='lat' dir='ltr'><strong>cimus</strong></span> <span class='ocrx_word' id='word_1_275' title='bbox 960 3991 1189 4064; x_wconf 88' lang='lat' dir='ltr'><strong>edieto</strong></span> <span class='ocrx_word' id='word_1_276' title='bbox 1217 4002 1562 4086; x_wconf 90' lang='lat' dir='ltr'><strong>quatenus</strong></span> <span class='ocrx_word' id='word_1_277' title='bbox 1606 3993 1798 4063; x_wconf 91' lang='lat' dir='ltr'><strong>nulla</strong></span> <span class='ocrx_word' id='word_1_278' title='bbox 1849 4013 2147 4087; x_wconf 90' lang='lat' dir='ltr'><strong>persona</strong></span> <span class='ocrx_word' id='word_1_279' title='bbox 2200 3991 2342 4061; x_wconf 88' lang='lat' dir='ltr'><strong>alta</strong></span> <span class='ocrx_word' id='word_1_280' title='bbox 2380 3990 2493 4061; x_wconf 92' lang='lat' dir='ltr'><strong>vel</strong></span> <span class='ocrx_word' id='word_1_281' title='bbox 2545 3988 2852 4078; x_wconf 80' lang='lat' dir='ltr'><strong>humiliS,</strong></span> <span class='ocrx_word' id='word_1_282' title='bbox 2904 3989 3365 4060; x_wconf 86' lang='lat' dir='ltr'><strong>ecclesiastica</strong></span> <span class='ocrx_word' id='word_1_283' title='bbox 3416 3992 3531 4062; x_wconf 94' lang='lat' dir='ltr'><strong>vel</strong></span> 
     </span>
     <span class='ocr_line' id='line_1_29' title="bbox 705 4109 3531 4210; baseline 0.001 -26"><span class='ocrx_word' id='word_1_284' title='bbox 705 4115 1061 4204; x_wconf 90' lang='lat' dir='ltr'><strong>secularis,</strong></span> <span class='ocrx_word' id='word_1_285' title='bbox 1109 4109 1519 4210; x_wconf 85' lang='lat' dir='ltr'><strong>nullumque</strong></span> <span class='ocrx_word' id='word_1_286' title='bbox 1557 4137 1962 4206; x_wconf 90' lang='lat' dir='ltr'><strong>commune,</strong></span> <span class='ocrx_word' id='word_1_287' title='bbox 2005 4114 2376 4205; x_wconf 79' lang='lat' dir='ltr'><strong>collegium</strong></span> <span class='ocrx_word' id='word_1_288' title='bbox 2413 4114 2527 4184; x_wconf 92' lang='lat' dir='ltr'><strong>vel</strong></span> <span class='ocrx_word' id='word_1_289' title='bbox 2575 4112 2991 4183; x_wconf 88' lang='lat' dir='ltr'><strong>universitas</strong></span> <span class='ocrx_word' id='word_1_290' title='bbox 3032 4113 3531 4206; x_wconf 87' lang='lat' dir='ltr'><strong>cujuscumque</strong></span> 
     </span>
     <span class='ocr_line' id='line_1_30' title="bbox 704 4235 3527 4330; baseline 0 -22"><span class='ocrx_word' id='word_1_291' title='bbox 704 4248 926 4310; x_wconf 89' lang='lat' dir='ltr'><strong>status</strong></span> <span class='ocrx_word' id='word_1_292' title='bbox 956 4260 1083 4311; x_wconf 90' lang='lat' dir='ltr'><strong>seu</strong></span> <span class='ocrx_word' id='word_1_293' title='bbox 1114 4239 1531 4311; x_wconf 89' lang='lat' dir='ltr'><strong>conditionis</strong></span> <span class='ocrx_word' id='word_1_294' title='bbox 1573 4240 1856 4329; x_wconf 82' lang='lat' dir='ltr'><strong>existat,</strong></span> <span class='ocrx_word' id='word_1_295' title='bbox 1907 4249 1974 4310; x_wconf 92' lang='lat' dir='ltr'><strong>te</strong></span> <span class='ocrx_word' id='word_1_296' title='bbox 2026 4246 2317 4330; x_wconf 90' lang='lat' dir='ltr'><strong>tuosque</strong></span> <span class='ocrx_word' id='word_1_297' title='bbox 2358 4235 2654 4308; x_wconf 87' lang='lat' dir='ltr'><strong>heredes</strong></span> <span class='ocrx_word' id='word_1_298' title='bbox 2684 4245 2754 4306; x_wconf 94' lang='lat' dir='ltr'><strong>et</strong></span> <span class='ocrx_word' id='word_1_299' title='bbox 2788 4255 3224 4306; x_wconf 89' lang='lat' dir='ltr'><strong>successores</strong></span> <span class='ocrx_word' id='word_1_300' title='bbox 3255 4257 3338 4308; x_wconf 92' lang='lat' dir='ltr'><strong>ac</strong></span> <span class='ocrx_word' id='word_1_301' title='bbox 3367 4236 3527 4308; x_wconf 90' lang='lat' dir='ltr'><strong>des·</strong></span> 
     </span>
     <span class='ocr_line' id='line_1_31' title="bbox 704 4358 3533 4458; baseline -0 -26"><span class='ocrx_word' id='word_1_302' title='bbox 704 4361 1084 4433; x_wconf 87' lang='lat' dir='ltr'><strong>cendentes</strong></span> <span class='ocrx_word' id='word_1_303' title='bbox 1115 4363 1207 4434; x_wconf 92' lang='lat' dir='ltr'><strong>ab</strong></span> <span class='ocrx_word' id='word_1_304' title='bbox 1230 4363 1331 4434; x_wconf 89' lang='lat' dir='ltr'><strong>eis</strong></span> <span class='ocrx_word' id='word_1_305' title='bbox 1362 4373 1603 4434; x_wconf 90' lang='lat' dir='ltr'><strong>contra</strong></span> <span class='ocrx_word' id='word_1_306' title='bbox 1634 4362 1976 4458; x_wconf 87' lang='lat' dir='ltr'><strong>presentis</strong></span> <span class='ocrx_word' id='word_1_307' title='bbox 2009 4360 2464 4450; x_wconf 89' lang='lat' dir='ltr'><strong>liberationis,</strong></span> <span class='ocrx_word' id='word_1_308' title='bbox 2497 4358 2950 4430; x_wconf 87' lang='lat' dir='ltr'><strong>immunitatis</strong></span> <span class='ocrx_word' id='word_1_309' title='bbox 2973 4369 3044 4430; x_wconf 90' lang='lat' dir='ltr'><strong>et</strong></span> <span class='ocrx_word' id='word_1_310' title='bbox 3070 4359 3533 4454; x_wconf 82' lang='lat' dir='ltr'><strong>exemptionis</strong></span> 
     </span>
     <span class='ocr_line' id='line_1_32' title="bbox 705 4483 3529 4582; baseline -0 -27"><span class='ocrx_word' id='word_1_311' title='bbox 705 4495 939 4557; x_wconf 90' lang='lat' dir='ltr'><strong>nostre</strong></span> <span class='ocrx_word' id='word_1_312' title='bbox 974 4497 1286 4559; x_wconf 90' lang='lat' dir='ltr'><strong>tenorem</strong></span> <span class='ocrx_word' id='word_1_313' title='bbox 1311 4488 1750 4581; x_wconf 91' lang='lat' dir='ltr'><strong>aliquatenus</strong></span> <span class='ocrx_word' id='word_1_314' title='bbox 1776 4486 2142 4582; x_wconf 91' lang='lat' dir='ltr'><strong>impedire,</strong></span> <span class='ocrx_word' id='word_1_315' title='bbox 2166 4485 2533 4556; x_wconf 85' lang='lat' dir='ltr'><strong>molestare</strong></span> <span class='ocrx_word' id='word_1_316' title='bbox 2567 4505 2690 4555; x_wconf 91' lang='lat' dir='ltr'><strong>seu</strong></span> <span class='ocrx_word' id='word_1_317' title='bbox 2713 4483 3120 4578; x_wconf 89' lang='lat' dir='ltr'><strong>perturbare</strong></span> <span class='ocrx_word' id='word_1_318' title='bbox 3148 4493 3529 4579; x_wconf 89' lang='lat' dir='ltr'><strong>presumat.</strong></span> 
     </span>
     <span class='ocr_line' id='line_1_33' title="bbox 706 4608 3529 4706; baseline -0 -27"><span class='ocrx_word' id='word_1_319' title='bbox 706 4608 909 4693; x_wconf 88' lang='lat' dir='ltr'><strong>Quod</strong></span> <span class='ocrx_word' id='word_1_320' title='bbox 938 4611 994 4680; x_wconf 91' lang='lat' dir='ltr'><strong>si</strong></span> <span class='ocrx_word' id='word_1_321' title='bbox 1033 4612 1189 4705; x_wconf 89' lang='lat' dir='ltr'><strong>quis</strong></span> <span class='ocrx_word' id='word_1_322' title='bbox 1221 4611 1745 4706; x_wconf 88' lang='lat' dir='ltr'><strong>presumpserit,</strong></span> <span class='ocrx_word' id='word_1_323' title='bbox 1764 4609 2314 4703; x_wconf 87' lang='lat' dir='ltr'><strong>indignationem</strong></span> <span class='ocrx_word' id='word_1_324' title='bbox 2334 4608 2655 4681; x_wconf 90' lang='lat' dir='ltr'><strong>culminis</strong></span> <span class='ocrx_word' id='word_1_325' title='bbox 2677 4608 2893 4679; x_wconf 91' lang='lat' dir='ltr'><strong>nostri</strong></span> <span class='ocrx_word' id='word_1_326' title='bbox 2913 4628 2985 4679; x_wconf 91' lang='lat' dir='ltr'><strong>se</strong></span> <span class='ocrx_word' id='word_1_327' title='bbox 3009 4608 3285 4680; x_wconf 90' lang='lat' dir='ltr'><strong>noverit</strong></span> <span class='ocrx_word' id='word_1_328' title='bbox 3308 4608 3529 4679; x_wconf 89' lang='lat' dir='ltr'><strong>incur-</strong></span> 
     </span>
     <span class='ocr_line' id='line_1_34' title="bbox 707 4731 3534 4831; baseline 0 -28"><span class='ocrx_word' id='word_1_329' title='bbox 707 4755 946 4805; x_wconf 91' lang='lat' dir='ltr'><strong>surum</strong></span> <span class='ocrx_word' id='word_1_330' title='bbox 978 4746 1049 4807; x_wconf 91' lang='lat' dir='ltr'><strong>et</strong></span> <span class='ocrx_word' id='word_1_331' title='bbox 1080 4745 1358 4808; x_wconf 90' lang='lat' dir='ltr'><strong>centum</strong></span> <span class='ocrx_word' id='word_1_332' title='bbox 1377 4757 1647 4808; x_wconf 90' lang='lat' dir='ltr'><strong>marcas</strong></span> <span class='ocrx_word' id='word_1_333' title='bbox 1676 4736 1826 4806; x_wconf 90' lang='lat' dir='ltr'><strong>auri</strong></span> <span class='ocrx_word' id='word_1_334' title='bbox 1846 4735 2000 4831; x_wconf 93' lang='lat' dir='ltr'><strong>puri</strong></span> <span class='ocrx_word' id='word_1_335' title='bbox 2023 4733 2266 4829; x_wconf 88' lang='lat' dir='ltr'><strong>optimi</strong></span> <span class='ocrx_word' id='word_1_336' title='bbox 2291 4755 2416 4828; x_wconf 90' lang='lat' dir='ltr'><strong>pro</strong></span> <span class='ocrx_word' id='word_1_337' title='bbox 2433 4754 2616 4829; x_wconf 92' lang='lat' dir='ltr'><strong>pena</strong></span> <span class='ocrx_word' id='word_1_338' title='bbox 2636 4731 3207 4828; x_wconf 73' lang='lat' dir='ltr'><strong>compositurum,</strong></span> <span class='ocrx_word' id='word_1_339' title='bbox 3235 4755 3534 4828; x_wconf 89' lang='lat' dir='ltr'><strong>quarum</strong></span> 
     </span>
    </p>
   </div>
  </div>
 </body>
</html>
