4525 6031
1054 653 1175 717 580
2053 659 2487 720 mmmmm
2538 657 2884 720 SECUNDI
3499 658 3663 740 [An.
3698 657 3876 719 1247.

1052 792 1171 864 siis
1198 802 1269 865 et
1298 792 1620 888 prelatiS,
1663 803 1734 865 et
1762 794 1851 866 de
1880 794 2248 884 maneriis,
2289 794 2589 887 qualiter
2624 802 2787 866 sunt
2816 792 3187 882 solvende,
3231 803 3302 865 et
3346 815 3557 889 super
3591 791 3884 866 actioni-

1051 916 1212 1007 bus,
1245 917 1337 988 de
1368 917 1802 1009 inquirendis
1841 927 1911 989 et
1946 918 2363 990 revocandis
2399 917 2764 990 stabilibus
2794 926 2868 988 et
2897 916 3270 988 mobilibus
3304 917 3775 1013 proditorum,
3808 918 3883 991 in

1051 1041 1243 1113 curie
1271 1052 1508 1112 nostre
1535 1041 1997 1135 prejudicium
2038 1042 2433 1136 occupatis,
2466 1041 2556 1113 de
2585 1041 2808 1112 forma
2835 1050 2906 1112 et
2932 1040 3394 1112 locationibus
3419 1039 3787 1132 fiscalium,
3812 1050 3885 1114 et

1054 1143 1257 1237 annis
1290 1164 1498 1236 etiam
1531 1164 1916 1257 attributis,
1951 1174 2023 1237 et
2062 1166 2151 1238 de
2192 1165 2617 1258 quibuslibet
2648 1164 2800 1235 aliis
2830 1185 2969 1257 que
3011 1185 3054 1235 a
3092 1173 3330 1235 nostra
3364 1164 3559 1236 curia
3601 1186 3882 1238 emana-

1053 1297 1346 1378 verunt,
1380 1288 1452 1356 in
1495 1286 1639 1359 fisci
1679 1290 1896 1360 nostri
1941 1291 2056 1361 vel
2088 1287 2403 1360 fidelium
2446 1298 2843 1361 nostrorum
2875 1288 3186 1359 favorem
3226 1288 3645 1381 generaliter
3672 1287 3884 1362 dura·

1058 1419 1258 1482 tura:
1292 1421 1590 1505 excepto
1623 1412 1830 1484 etiam
1859 1413 1950 1485 de
1982 1413 2160 1502 aliis,
2182 1413 2362 1484 sicut
2387 1412 2480 1484 ad
2514 1412 2899 1504 quemlibet
2929 1431 3273 1484 novorum
3301 1410 3699 1483 officialium
3729 1411 3887 1484 diri-
3933 1498 3940 1503 ,

1057 1534 1285 1630 genda
1319 1535 1661 1624 videritiS,
1699 1535 1954 1607 auditis
1987 1545 2059 1607 et
2096 1536 2415 1608 admissis
2440 1530 2647 1628 justis
2689 1544 2759 1606 et
2795 1534 3170 1607 moderatis
3210 1537 3578 1631 expensis,
3619 1536 3678 1607 si
3712 1556 3887 1629 quas

1058 1659 1131 1729 in
1164 1680 1405 1730 eorum
1434 1660 1968 1731 executionibus
2002 1659 2255 1731 debitis
2288 1659 2600 1732 officialis
2630 1658 2718 1730 ad
2753 1680 2963 1751 quem
3005 1657 3269 1730 directa
3300 1670 3501 1748 sunt,
3536 1680 3612 1730 se
3642 1658 3886 1732 fecisse

1058 1783 1506 1873 monstrabit,
1544 1782 1635 1854 ad
1676 1783 2005 1856 officiales
2041 1794 2315 1855 nostros
2349 1784 2520 1855 citra
2574 1792 2844 1877 portam
2881 1782 3114 1853 Roseti
3136 1834 3157 1872 ,
3188 1792 3270 1853 ut
3303 1804 3548 1854 eorum
3578 1793 3886 1878 tempore

1060 1927 1146 1979 ea
1177 1907 1492 1978 similiter
1523 1917 1987 2001 exequantur,
2018 1907 2294 1979 mittere
2323 1929 2462 1979 non
2495 1907 2806 1978 tardetis,
2840 1905 3107 1990 Quibus
3146 1926 3308 1977 ecce
3349 1926 3473 2001 per
3498 1905 3734 1978 literas
3763 1927 3886 2001 pa·

1062 2038 1288 2103 tentes
1334 2031 1759 2123 injungimus
1810 2030 2004 2124 quod
2044 2053 2087 2103 a
2131 2031 2333 2103 vobis
2377 2052 2461 2101 ea
2505 2030 2878 2123 recipiant,
2925 2039 2996 2101 et
3042 2030 3191 2125 ipsa
3242 2042 3577 2123 tanquam
3630 2029 3726 2102 ad
3770 2050 3890 2102 eos

1062 2154 1328 2225 directa
1377 2155 1611 2225 clausa
1666 2154 2013 2226 retineant
2070 2163 2141 2224 et
2185 2153 2484 2225 fideliter
2532 2164 2994 2246 exequantur.
3048 2154 3211 2226 Post
3259 2154 3677 2247 exquisitam
3721 2173 3889 2226 vero

1065 2279 1272 2373 plene
1318 2278 1655 2349 rationem
1699 2298 1912 2371 super
1955 2277 2487 2350 executionibus
2536 2278 3060 2366 mandatorum,
3101 2298 3312 2372 super
3353 2278 3651 2349 residuis
3694 2279 3887 2350 inve·

1066 2401 1367 2492 niendis,
1404 2403 1594 2493 quod
1628 2412 1732 2474 est
1763 2402 1953 2473 curie
1986 2411 2219 2473 nostre
2252 2402 2588 2497 perutile,
2628 2410 2905 2473 servata
2944 2402 3166 2471 forma
3196 2400 3398 2472 vobis
3441 2422 3628 2473 anno
3661 2410 3887 2496 prete·

1064 2526 1199 2598 rito
1229 2547 1355 2620 per
1381 2526 1642 2598 curiam
1677 2537 1985 2597 nostram
2021 2527 2211 2616 data,
2240 2526 2615 2617 cujuslibet
2645 2525 2986 2596 rationem
3013 2523 3105 2594 ad
3134 2524 3324 2595 curie
3357 2534 3591 2596 nostre
3618 2526 3890 2620 profec-

1068 2659 1213 2721 tum
1252 2659 1323 2721 et
1364 2648 1674 2720 fidelium
1714 2659 2111 2720 nostrorum
2148 2648 2700 2742 expeditionem,
2739 2647 2916 2718 sicut
2958 2647 3261 2719 officium
3304 2657 3616 2719 vestrum
3652 2648 3886 2739 decet,

1064 2774 1372 2846 studiose
1405 2774 1752 2864 discutite,
1791 2796 1873 2845 ac
1911 2774 2293 2845 discussam
2322 2784 2393 2844 et
2420 2772 2821 2867 expeditam
2853 2770 3153 2842 finaliter
3176 2773 3381 2863 Juxta
3420 2773 3699 2843 solitum
3729 2771 3892 2845 inde

1066 2896 1436 2970 scribendo
1482 2907 1722 2968 nostro
1775 2896 2060 2967 culmini
2102 2896 2506 2985 terminate,
2553 2895 2885 2989 predictis
2928 2895 3254 2967 omnibus
3299 2916 3523 2987 usque
3563 2896 3659 2967 ad
3701 2895 3896 2968 aliud

1066 3020 1475 3091 mandatum
1516 3019 1734 3090 nostri
1768 3020 2086 3090 culminis
2117 3019 2502 3108 duraturiS,
2543 3028 2614 3090 et
2653 3019 2855 3092 vobis
2882 3040 3159 3090 annexa
3191 3019 3543 3114 superiuS,
3580 3018 3731 3091 sine
3756 3019 3893 3091 alio

1070 3143 1354 3236 speciali
1386 3142 1712 3213 mandato
1750 3152 2016 3231 nostro,
2052 3142 2252 3212 annis
2285 3142 2573 3234 singulis
2605 3143 2860 3235 quibus
2892 3142 3219 3213 officiales
3252 3142 3502 3213 mutari
3527 3142 3892 3238 mandavi—

1069 3286 1255 3355 muS,
1280 3265 1648 3337 efficaciter
1669 3264 2068 3336 servaturis.
2088 3265 2188 3336 Ne
2208 3276 2441 3337 autem
2466 3266 2796 3338 officiales
2824 3265 2913 3337 de
2937 3266 3189 3358 quibus
3214 3265 3535 3360 superius
3557 3265 3889 3356 diximuS,

1073 3389 1131 3459 si
1163 3388 1254 3459 de
1294 3388 1640 3459 mandatis
1677 3389 1930 3460 nostris
1966 3390 2075 3459 vel
2109 3389 2623 3482 responsalibus
2655 3390 2888 3481 aliqua
2916 3389 3216 3460 retinere
3257 3390 3372 3459 vel
3403 3389 3633 3482 potius
3659 3389 3892 3461 occul—

1076 3521 1223 3582 tare
1255 3532 1398 3582 non
1430 3512 1831 3584 exhibendo
1863 3513 2434 3606 presumpserint,
2464 3522 2620 3607 post
2657 3512 3020 3607 prestitum
3044 3514 3545 3605 juramentum,
3578 3512 3895 3584 fraudem

1073 3636 1187 3706 vel
1225 3655 1466 3707 eorum
1498 3635 1829 3706 malitiam
1866 3635 2156 3706 transire
2184 3657 2260 3707 se
2291 3636 2644 3728 gaudeant
2672 3636 3122 3730 impunitam,
3157 3634 3523 3706 officialem
3550 3634 3672 3728 qui
3704 3635 3894 3709 curie

1074 3769 1310 3830 nostre
1343 3758 1632 3849 registra
1653 3810 1672 3846 ,
1701 3779 1999 3850 quorum
2036 3760 2358 3853 exempla
2393 3781 2668 3855 semper
2698 3758 3078 3850 habebitis,
3112 3758 3486 3850 obtexerit,
3525 3757 3895 3855 prudentie

1074 3893 1305 3953 vestre
1338 3881 1829 3954 committimus
1862 3881 2325 3975 puniendum.

732 4317 954 4422 4333„
1183 4314 1638 4419 FridericuS,
1682 4312 2205 4395 Romanorum
2259 4312 2699 4420 imperator,
2732 4307 3160 4418 justitiariis
3208 4308 3424 4418 regni
3473 4320 3548 4390 et
3598 4303 3894 4414 imperii

1064 4447 1395 4554 ⁸mandat
1463 4457 1544 4528 ut
1599 4447 2011 4554 procedant
2064 4455 2329 4527 contra
2392 4443 2700 4525 clericos
2755 4467 2909 4524 non
2966 4440 3431 4523 celebrantes
3483 4440 3895 4522 missarum

1076 4579 1448 4664 solemnia
1483 4589 1819 4685 tempore
1866 4577 2284 4684 interdicti,
2325 4586 2400 4658 et
2434 4575 2640 4686 quod
2692 4573 3025 4683 religiosi
3083 4599 3235 4656 non
3292 4572 3753 4656 transferant
3816 4577 3897 4653 se

1062 4701 1173 4796 'de
1209 4712 1505 4794 civitate
1539 4711 1618 4790 in
1655 4709 2058 4791 civitatem.
