4525 6031
960 628 1082 689 678
1956 632 2383 694 Fnlnmtlcl
2433 632 2779 694 SECUNDI
3391 630 3555 708 [Anu.
3597 629 3773 690 1248.

960 764 1031 834 in
1082 785 1207 836 sua
1266 765 1487 860 prima
1546 767 2001 863 inspexerunt
2047 768 2272 860 effigie
2303 775 2860 861 recognoscunt:
2904 765 3308 840 defecerunt
3342 766 3527 840 enim
3564 764 3779 860 ipsius

959 889 1256 984 optima,
1297 890 1509 964 immo
1551 892 1623 964 in
1664 894 2009 967 contraria
2049 894 2508 966 diverterunt.
2544 895 2650 966 En
2690 892 2973 986 quidem
3008 891 3370 986 plenitudo
3410 889 3772 980 deformis,

960 1012 1351 1106 ingenuitas
1381 1016 1712 1110 degener,
1733 1018 2014 1090 libertas
2040 1019 2319 1110 ancilla,
2339 1017 2724 1090 fecunditas
2755 1015 3031 1107 steriliS,
3050 1016 3478 1111 populositas
3506 1015 3781 1087 deserta

962 1146 1032 1208 et
1060 1138 1391 1212 fortitudo
1420 1139 1717 1232 infirma,
1754 1141 2097 1237 subripuit
2125 1142 2329 1213 fletus
2355 1142 2571 1214 risum
2600 1141 2750 1233 ejus
2779 1151 2850 1214 et
2874 1140 3203 1233 gaudium
3240 1162 3441 1212 suum
3474 1138 3677 1211 desiit
3707 1138 3777 1209 in

960 1262 1366 1335 lamentum.
1405 1264 1462 1335 Ο
1493 1264 1811 1357 quotiens
1839 1266 2159 1338 dolorose
2190 1266 2491 1361 suspirat
2522 1276 2593 1337 et
2619 1263 3088 1359 lachrymatur
3117 1285 3352 1335 amare
3384 1261 3780 1358 Apostolica

959 1386 1175 1458 Sedes
1197 1387 1383 1481 quod
1419 1410 1708 1480 regnum
1729 1389 1905 1480 juris
1942 1399 2012 1460 et
2033 1390 2474 1484 proprietatis
2493 1410 2643 1479 sue,
2681 1409 2920 1459 carum
2939 1389 3196 1483 quippe
3217 1387 3372 1474 sibi,
3408 1387 3581 1459 dura
3601 1384 3774 1456 Pha-

956 1508 1232 1582 raonice
1264 1512 1731 1605 oppressionis
1768 1515 1951 1583 mole
1988 1514 2446 1606 prosternitur
2472 1535 2603 1584 nec
2632 1513 2880 1583 sinitur
2924 1512 3040 1607 pia
3081 1509 3570 1586 consolationis
3609 1530 3777 1604 apo-

959 1632 1198 1704 stolice
1245 1634 1540 1707 dextera
1587 1638 1907 1708 relevari.
1950 1638 2158 1709 Porro
2211 1659 2341 1709 nec
2393 1638 2717 1709 ecclesias
2743 1659 2875 1708 nec
2915 1658 3248 1731 personas
3286 1634 3780 1707 ecclesiasticas

961 1777 1338 1850 earumque
1357 1759 1518 1850 jura
1562 1770 1634 1831 et
1672 1760 1855 1832 bona
1894 1761 1963 1831 in
2002 1783 2216 1853 regno
2258 1761 2408 1855 ipso
2445 1762 2764 1833 draconis
2793 1760 3192 1852 hujusmodi
3223 1762 3412 1832 furor
3437 1759 3774 1854 preteriit,

962 1881 1085 1953 sed
1126 1881 1196 1951 in
1239 1882 1370 1954 hec
1409 1904 1495 1954 eo
1533 1884 1830 1956 ferocius
1879 1884 2258 1957 excanduit
2300 1906 2441 1979 quo
2482 1884 2825 1979 quidquid
2864 1884 3325 1957 ecclesiastico
3367 1882 3781 1956 discernitur

960 2005 1241 2077 nomine
1273 2007 1435 2078 odio
1462 2005 1824 2080 abhorruit
1846 2007 2169 2101 graviori.
2195 2009 2414 2081 Tanta
2441 2008 2625 2080 enim
2655 2009 3008 2104 impietate
3045 2029 3296 2102 corpus
3321 2007 3416 2078 ibi
3443 2006 3780 2079 obtrecta-

959 2129 1064 2200 vit
1087 2130 1395 2202 Ecclesie
1432 2131 1621 2223 quod
1655 2132 1881 2227 ipsum
1911 2131 2049 2203 huc
2081 2143 2151 2203 et
2184 2133 2347 2204 illuc
2379 2155 2571 2206 more
2624 2132 2822 2203 ferali
2852 2133 3245 2206 distrahens
3277 2141 3350 2203 et
3381 2131 3777 2204 discindens

957 2253 1157 2346 quasi
1189 2252 1281 2325 ad
1311 2252 1641 2324 nichilum
1673 2254 1812 2326 boe
1837 2255 2140 2348 redegit3
2167 2278 2331 2327 nam
2366 2256 2542 2328 illud
2572 2256 2760 2327 omni
2783 2255 3085 2351 primum
3119 2266 3527 2327 ornamento
3560 2255 3779 2327 denu-

956 2375 1133 2449 dans
1179 2388 1250 2449 et
1290 2377 1544 2451 deinde
1582 2378 2044 2452 incalescente
2090 2379 2337 2452 sevitia
2381 2380 2605 2452 factus
2646 2381 2919 2452 Herode
2958 2380 3070 2452 hic
3114 2401 3414 2474 nequam
3455 2379 3780 2451 herodior

955 2501 1246 2575 rabiosis
1278 2502 1768 2576 demembrans
1796 2504 2169 2595 morsibus,
2209 2515 2425 2577 totam
2458 2503 2739 2577 demum
2772 2526 3053 2576 carnem
3069 2503 3596 2599 voravitipsius,
3619 2525 3776 2575 cor-

954 2626 1123 2699 rosit
1148 2627 1358 2699 etiam
1388 2649 1544 2700 ossa
1577 2639 1648 2700 et
1679 2628 1964 2740 insuper
1996 2629 2375 2701 medullam
2417 2627 2726 2720 exsuxit,
2763 2651 2888 2701 sue
2926 2628 3228 2723 denique
3272 2628 3628 2723 potestatis
3655 2626 3780 2699 ho-

950 2774 1123 2825 nore
1178 2753 1348 2826 illud
1384 2753 1473 2826 de
1507 2753 1692 2825 facto
1744 2752 2102 2846 destituit,
2162 2775 2306 2825 non
2351 2754 2577 2826 solum
2622 2776 2764 2826 non
2801 2754 3209 2849 permittens
3261 2753 3520 2825 ibidem
3564 2752 3777 2825 libere

951 2876 1432 2949 auctoritatem
1469 2877 2006 2950 ecclesiasticam
2039 2878 2398 2969 exerceri,
2441 2878 2568 2950 sed
2599 2889 2671 2950 et
2697 2879 2998 2973 superbe
3025 2900 3108 2949 ac
3134 2878 3594 2949 irreverenter
3625 2898 3778 2948 eam

933 3001 1342 3098 ‘despiciens
1373 3013 1444 3075 et
1475 2991 1921 3095 conculcanS,
1953 3012 2025 3076 et
2051 3012 2384 3099 tanquam
2413 3002 2529 3076 ille
2564 3005 2764 3097 cujus
2799 3002 3155 3077 ambitioni
3186 3003 3394 3075 totius
3420 3003 3607 3077 orbis
3637 3026 3776 3076 non

950 3126 1299 3200 sufficeret
1318 3128 1645 3220 ambitus,
1673 3127 2073 3221 hujusmodi
2101 3128 2583 3201 auctoritatem
2608 3128 2678 3199 in
2700 3128 2933 3200 multis
2948 3127 3389 3223 impudenter
3404 3150 3773 3223 usurpanS,

949 3252 1340 3346 reputando
1371 3251 1569 3346 quasi
1598 3252 1950 3325 modicum
1987 3276 2061 3326 se
2095 3253 2354 3326 habere
2389 3255 2447 3325 si
2479 3254 2643 3326 solis
2677 3265 2987 3348 preesset
3025 3254 3517 3348 temporalibus
3550 3263 3621 3324 et
3646 3252 3776 3324 sibi

948 3374 1329 3471 spiritualia
1356 3398 1495 3448 non
1529 3376 1919 3468 subessent,
1951 3378 2021 3448 in
2051 3377 2563 3473 provisionibus
2594 3378 3096 3450 cathedralium
3131 3389 3202 3450 et
3229 3378 3520 3448 aliarum
3554 3379 3773 3449 eccle-

947 3499 1203 3572 siarum
1222 3498 1646 3590 vacantium,
1669 3499 2166 3573 beneficiorum
2182 3501 2489 3596 ipsarum
2512 3502 3023 3593 collationibus,
3038 3502 3445 3574 clericorum
3463 3502 3689 3574 causis
3707 3513 3779 3574 et

948 3623 1103 3695 aliis
1128 3624 1220 3697 ad
1247 3626 1475 3696 forum
1504 3625 2044 3697 ecclesiasticum
2073 3627 2579 3721 pertinentibus
2607 3627 2756 3722 ipsa
2788 3627 2956 3697 inibi
2984 3626 3176 3698 abuti
3208 3626 3778 3722 presumpsit.Ad

948 3747 1250 3840 prelatos
1286 3769 1567 3841 quoque
1595 3770 1679 3820 ac
1710 3749 1883 3821 alios
1911 3749 2208 3822 clericali
2242 3750 2659 3844 presignitos
2690 3751 2933 3821 militia
2965 3772 3180 3821 manu
3211 3749 3638 3822 crudelitatis
3671 3750 3778 3821 in·

948 3869 1349 3943 differenter
1382 3881 1695 3963 extenta,
1738 3874 2288 3968 quamplurimos
2321 3895 2414 3945 ex
2446 3874 2613 3969 ipsis
2648 3873 3106 3967 ignominiosa
3131 3874 3451 3968 captione
3474 3874 3691 3945 teneri
3707 3883 3779 3946 et

946 3992 1019 4064 in
1056 4004 1324 4066 atroces
1365 3993 1644 4067 detrudi
1684 4016 1997 4068 carceres
2028 4017 2112 4068 ac
2145 3994 2426 4068 tandem
2462 3995 2666 4067 morti
2702 3997 3092 4092 turpissime
3127 3997 3306 4069 tradi
3349 3997 3531 4069 fecit.
3573 3997 3664 4068 Et
3700 4007 3779 4070 ut

946 4116 1035 4188 de
1067 4116 1423 4188 immensis
1447 4138 1531 4189 ac
1557 4117 1939 4190 innumeris
1984 4119 2251 4212 injuriis
2285 4129 2355 4192 et
2385 4119 2766 4215 dispendiis
2802 4121 3248 4192 ecclesiarum
3289 4130 3360 4192 et
3387 4120 3552 4191 cleri
3582 4119 3774 4212 regni

944 4240 1263 4336 premissi
1293 4241 1554 4313 tristem
1590 4250 1661 4313 et
1691 4239 2033 4314 infinitam
2063 4243 2422 4315 materiam
2451 4244 2648 4315 brevi
2676 4245 2958 4316 oraculo
2991 4242 3335 4337 finiamuS,
3355 4245 3454 4316 sic
3469 4243 3562 4315 ibi
3572 4244 3779 4336 juris-

946 4364 1268 4437 dictionis
1294 4365 1755 4437 ecclesiastice
1783 4365 2146 4461 plenitudo
2174 4388 2458 4462 prorsus
2481 4377 2818 4440 evacuata
2846 4376 2917 4439 et
2944 4368 3279 4440 libertatis
3301 4367 3658 4462 integritas
3684 4390 3776 4439 ex

949 4498 1093 4561 toto
1152 4490 1576 4562 comminuta
1637 4489 2061 4583 conspicitur
2108 4492 2299 4584 quod
2346 4513 2487 4563 non
2537 4493 2759 4563 solum
2803 4492 2944 4563 illic
2984 4493 3249 4587 species
3293 4515 3433 4565 non
3486 4501 3779 4588 apparet

945 4612 1251 4685 Ecclesie
1294 4635 1524 4710 neque
1566 4613 1806 4704 decor,
1852 4591 1980 4686 sed
2019 4615 2227 4687 etiam
2271 4615 2361 4688 de
2396 4615 2612 4710 ipsius
2647 4618 2850 4710 plene
2880 4616 3266 4688 substantia
3292 4617 3388 4688 nil
3433 4616 3767 4689 subsistit.

944 4735 1143 4811 Unde
1195 4738 1572 4835 respiciens
1607 4737 1943 4812 Dominus
1985 4750 2127 4814 tam
2165 4762 2453 4835 gravem
2498 4751 2779 4836 tamque
2816 4741 3157 4815 diutinam
3189 4741 3294 4816 sui
3331 4741 3776 4815 afflictionem
