4525 6031
982 587 1119 654 ‚662
1992 594 2421 662 mum-:mel
2469 599 2816 668 SECUNDI
3428 597 3596 676 [Ant.
3630 596 3808 659 1248.

644 1230 882 1329 3:3¹2&
1103 1223 1527 1311 Fridericus
1546 1292 1569 1338 ‚
1628 1230 2149 1316 Romanorum
2212 1235 2654 1343 imperator,
2710 1236 2968 1320 comiti
3031 1236 3439 1319 Thomasio
3508 1236 3607 1318 de
3666 1235 3816 1318 Sa-

997 1358 1281 1443 baudia
1323 1372 1398 1445 et
1440 1362 1617 1445 filiis
1657 1362 1822 1473 ejus
1876 1365 2234 1474 legitimis
2300 1368 2689 1478 utriusque
2739 1396 2964 1452 sexus
3016 1369 3097 1450 in
3151 1380 3444 1452 rectum
3501 1368 3813 1451 feudum

995 1492 1283 1575 confert
1326 1495 1702 1578 civitatem
1764 1496 2218 1605 Eporediam
2293 1525 2449 1583 una
2507 1527 2684 1584 cum
2759 1500 3136 1586 territorio
3204 1502 3610 1612 Canapitii,
3650 1500 3816 1610 ejus

997 1627 1466 1736 pertinentiis
1510 1640 1586 1711 et
1619 1629 1830 1713 omni
1883 1630 2174 1718 ratione
2223 1633 2324 1714 ad
2361 1660 2443 1717 se
2489 1645 2565 1717 et
2616 1635 3022 1746 imperium
3071 1645 3453 1744 spectante
3501 1634 3580 1716 in
3627 1660 3812 1715 cas-

999 1770 1207 1842 trum
1241 1761 1337 1843 de
1371 1761 1649 1846 Lanzo.

1162 2000 1506 2081 (Memorat.
1549 2019 1648 2082 ap.
1690 2004 2281 2082 Wnnsrmnnean,
2321 2005 2496 2069 Peter
2520 2004 2626 2069 der
2658 2024 2768 2071 ιω.
2801 2006 2961 2089 Graj
2985 2025 3096 2070 von
3135 2006 3425 2086 Samum,
3455 2012 3600 2084 etc„
3625 2011 3673 2067 t.
3706 2005 3813 2081 1v,

1244 2105 1579 2184 (Ji-hunam,
1598 2105 1661 2189 p.
1688 2121 1714 2172 1
1730 2100 1828 2192 ¹6,
1853 2129 1930 2173 ex
1951 2114 2179 2176 invent.
2209 2116 2457 2193 diplom.
2478 2118 2685 2194 imper.
2709 2119 2773 2177 tn
2795 2117 2960 2178 arch.
2983 2117 3261 2196 Tauria„
3282 2115 3429 2178 fasc.
3446 2116 3498 2191 1,
3520 2124 3587 2175 n·
3610 2111 3734 2191 ¹2.)

1096 2323 1269 2397 Acta
1301 2337 1465 2399 sunt
1504 2324 1637 2401 hec
1671 2350 1856 2401 anno
1893 2328 2236 2404 dominice
2264 2330 2756 2408 incarnationis
2798 2332 2893 2409 Μ.
2921 2333 3048 2407 CC.
3074 2331 3364 2423 XLVIII,
3399 2351 3638 2403 mense
3689 2349 3816 2402 no·

996 2451 1329 2543 vembriS,
1360 2453 1650 2548 septima
1683 2453 2085 2547 indictione,
2122 2466 2258 2529 etc.

1091 2576 1345 2648 Datum
1376 2577 1740 2670 Vercellis„
1778 2590 1913 2653 etc.

652 3244 896 3343 vae-1¹1⁵·
1108 3223 1575 3331 FridericuS,
1629 3225 2146 3309 Romanorum
2196 3224 2637 3333 imperator,
2692 3250 2857 3309 sese
2918 3225 3209 3336 obligat
3261 3227 3360 3308 ad
3416 3225 3822 3336 acquiren-

1001 3355 1438 3464 dum-infra
1482 3358 1679 3439 duos
1724 3382 1966 3439 annos
2001 3366 2340 3449 castrum
2383 3358 2656 3441 Lancei
2701 3384 2748 3440 a
2783 3358 3115 3441 dominis
3165 3358 3371 3441 illius
3417 3358 3603 3465 loci,
3646 3369 3825 3440 tunc

1002 3489 1196 3573 illud
1251 3490 1668 3573 traditurus
1721 3490 1978 3571 comiti
2038 3490 2374 3573 Thomae
2427 3491 2523 3573 de
2581 3491 2969 3573 Sabaudia
3023 3490 3220 3573 infra
3282 3492 3696 3574 terminum
3740 3490 3821 3570 in

1001 3622 1484 3706 concessione
1548 3621 1659 3703 illi
1722 3621 1922 3706 facta
1994 3621 2454 3732 stabilitum,
2533 3650 2690 3706 una
2751 3650 2929 3709 cum
2992 3625 3291 3708 civitate
3334 3624 3707 3734 Eporedia
3751 3632 3827 3705 et

1002 3755 1310 3865 regione
1349 3754 1745 3863 Canapitii.

1165 3994 1508 4072 (Memorat.
1540 3962 2217 4071 apsswunsrm'mnaean
2229 4037 2248 4067 ,
2281 3993 2456 4056 Peter
2479 3993 2583 4055 der
2607 4012 2712 4055 ιω.
2747 3993 2908 4076 Graj
2924 4012 3035 4056 von
3065 3944 3357 4075 Savoyen,
3374 4001 3422 4056 t.
3443 3995 3553 4069 IV,
3587 3991 3825 4055 Urkun-

1241 4099 1375 4177 ἀπ,
1405 4119 1467 4179 p.
1494 4110 1630 4177 117,
1660 4117 1737 4161 ex
1764 4101 1995 4162 invent.
2016 4100 2262 4198 diplom.
2296 4103 2505 4179 imper.
2525 4105 2597 4191 In
2621 4102 2787 4164 arch.
2818 4102 3094 4179 Tauria„
3121 4102 3270 4163 fasc.
3297 4102 3346 4174 1,
3376 4111 3445 4162 n⁰
3473 4100 3598 4180 15.)

1100 4315 1273 4387 Acte
1313 4324 1477 4387 sunt
1509 4312 1639 4390 hec
1673 4336 1859 4389 anno
1891 4315 2238 4389 dominice
2271 4315 2761 4390 incarnationis
2797 4306 2893 4390 M.
2926 4317 3048 4391 CC.
3082 4317 3382 4427 XLVIII,
3423 4338 3663 4390 mense
3705 4339 3828 4389 no-

1000 4439 1333 4532 vembris,
1371 4439 1663 4535 septima
1700 4440 2106 4532 indictione,
2144 4449 2281 4512 etc.

1099 4564 1350 4636 Datum
1377 4564 1735 4655 Vercellis,
1772 4573 1907 4636 etc.
