4525 6031
1127 690 1248 752 ssa
2181 689 2552 753 commin
2601 689 2904 764 QuAn‘rr
3568 691 3733 770 [Ana.
3769 693 3946 756 1246.

1124 827 1388 897 violare
1417 825 1950 920 presumpserit,
1990 845 2116 896 nos
2143 826 2343 897 alteri
2394 826 2574 920 parti
2625 836 2854 897 astare
2895 825 3218 897 volumus
3258 837 3499 899 contra
3533 827 3753 922 ipsam
3781 829 3948 900 viri·

1127 950 1259 1020 bus
1309 960 1379 1020 et
1422 949 1731 1042 potentia
1776 948 2204 1020 celsitudinis
2245 959 2506 1020 nostre.
2560 948 2758 1020 Unde
2802 948 3224 1022 adfuturam
3260 952 3666 1024 memoriam
3699 952 3951 1024 similia

1128 1074 1270 1145 duo
1305 1071 1559 1166 scripta
1606 1071 1695 1143 de
1743 1072 1957 1143 verbo
2001 1072 2095 1144 ad
2138 1074 2433 1144 verbum
2475 1072 2681 1143 scribi
2729 1072 3052 1163 fecimuS‚
3102 1089 3421 1165 quorum‘
3451 1097 3669 1145 unum
3734 1095 3949 1170 penes

1127 1194 1680 1266 Warmacienses
1729 1195 1917 1266 cives
1960 1206 2031 1266 et
2077 1195 2270 1267 aliud
2302 1217 2517 1291 penes
2551 1195 2877 1267 eumdem
2915 1196 3332 1291 Phylippum
3363 1197 3626 1270 servari
3660 1197 3945 1288 debent,

1129 1319 1356 1410 sigillo
1385 1329 1623 1390 nostro
1655 1319 1950 1390 munita.

1227 1441 1474 1513 Datum
1511 1452 1682 1538 aput
1712 1443 1982 1537 Spiram
2003 1496 2024 1532 ,
2060 1443 2281 1514 XXIII
2306 1443 2645 1534 januarii,
2675 1454 2923 1536 quarte
2953 1442 3373 1515 indictionis·

1240 2008 1666 2114 Com-adm,
1709 2008 2227 2091 Romanorum
2265 2008 2344 2087 in
2384 2032 2643 2117 regem
2678 2006 3001 2112 electus,
3049 2008 3479 2091 sacerdotes
3515 2017 3590 2090 et
3639 2007 3950 2090 clericos

1128 2167 1395 2226 omnes
1418 2202 1441 2246 ,
1506 2142 1638 2250 qui
1695 2141 1775 2221 in
1837 2140 2342 2223 celebratione
2414 2140 2849 2222 divinorum
2918 2139 3210 2223 civibus
3281 2139 3954 2249 Ratisponensibus

1129 2276 1480 2357 assistere
1532 2273 1947 2377 voluerint,
1998 2273 2144 2355 sub
2205 2272 2513 2381 speciali
2560 2272 3023 2380 protectione
3074 2299 3216 2357 sua
3266 2283 3343 2356 et
3399 2273 3697 2382 imperii
3743 2273 3951 2356 reci-

1129 2406 1346 2514 piens
1367 2465 1390 2511 ‚
1459 2405 1830 2513 promittit
1906 2404 2058 2485 illis
2124 2404 2490 2487 beneficia
2551 2404 3052 2486 ecclesiastica
3110 2414 3188 2486 et
3243 2404 3549 2512 plenam
3626 2404 3953 2514 gratiam

1130 2563 1370 2646 papae
1414 2549 1488 2621 et
1523 2536 1898 2618 Ecclesiae
1914 2597 1938 2643 ,
1978 2538 2293 2646 quando
2338 2538 2536 2620 inter
2585 2547 2882 2644 patrem
2929 2562 3157 2620 suum
3202 2548 3278 2620 et
3319 2562 3598 2645 papam
3653 2546 3952 2619 mcta-

1129 2680 1297 2752 tum
1335 2669 1542 2778 pacis
1578 2669 1740 2751 fieri
1777 2669 2203 2776 contigerit.

1294 2883 1483 2962 (Edit.
1498 2900 1594 2961 ap.
1611 2883 1793 2961 Rmn,
1811 2881 1943 2943 God.
1959 2879 2196 2963 diplom·
2211 2880 2435 2945 Ratisb.
2447 2927 2464 2960 ‚
2478 2888 2524 2943 t.
2540 2883 2593 2955 Ι,
2607 2901 2667 2961 p.
2684 2892 2822 2954 409,
2838 2892 2904 2943 n⁰
2922 2886 3208 2960 424‚etin
3218 2885 3472 2943 Monum-
3495 2882 3680 2956 Boio„
3694 2890 3742 2944 t.
3758 2883 3950 2958 XXX,

1369 3009 1429 3068 p.
1466 2998 1598 3051 295.
1635 2989 1904 3068 Sigillum
1943 2988 2211 3050 nonnihil
2242 2990 2465 3050 laesum
2492 2989 2860 3066 appendebat
2889 3006 2965 3050 ex
2993 2997 3296 3068 segmento
3325 2985 3825 3069 membranaceo.)

1224 3176 1655 3276 Conr[adus]‚
1693 3178 1837 3248 divi
1877 3177 2152 3269 augusti
2186 3176 2623 3272 imperatoris
2649 3171 3034 3272 Fr[iderici]
3062 3174 3276 3265 filius,
3308 3177 3432 3248 Dei
3467 3175 3688 3269 gratia
3711 3176 3956 3248 Roma·

1127 3323 1376 3374 norum
1412 3304 1481 3372 in
1529 3323 1762 3393 regem
1809 3301 2111 3388 electus,
2143 3321 2421 3395 semper
2451 3308 2787 3391 augustus
2818 3308 2887 3369 et
2918 3297 3121 3371 heres
3151 3300 3346 3391 regni
3378 3300 3786 3371 Jerusalem.
3826 3300 3954 3371 Per

1125 3447 1415 3520 presens
1443 3426 1774 3519 scriptum
1803 3434 2045 3494 notum
2080 3424 2370 3495 facimus
2400 3423 2744 3495 universis
2766 3423 3034 3518 imperii
3066 3421 3391 3495 fidelibus
3419 3434 3779 3517 presentes
3808 3422 3959 3493 lite·

1127 3571 1241 3621 ras
1272 3548 1685 3644 inspecturis
1719 3547 1910 3641 quod
1938 3567 2067 3618 nos
2093 3548 2488 3618 sacerdotes
2526 3559 2596 3618 et
2624 3547 2911 3619 clericos
2944 3567 3221 3636 omneS‚
3254 3548 3373 3639 qui
3406 3568 3533 3641 pro
3565 3547 3955 3618 reverentia

1127 3672 1569 3767 imperatorie
1620 3671 2043 3763 majestatiS‚
2099 3681 2334 3741 nostra
2394 3683 2467 3743 et
2518 3671 2824 3766 imperii,
2882 3670 3201 3743 assistere
3249 3672 3497 3743 volunt
3545 3669 3844 3742 fideliter
3888 3680 3956 3741 et

1126 3797 1382 3869 devote
1427 3797 1498 3866 in
1547 3795 2014 3865 celebratione
2069 3793 2463 3865 divinorum
2518 3794 2903 3865 officiorum
2941 3793 3209 3866 civibus
3243 3803 3317 3864 et
3355 3792 3676 3865 fidelibus
3706 3792 3955 3864 nostris

1122 3919 1775 4013 RatisponensibuS,
1829 3917 2217 4012 recepimus
2259 3918 2390 3988 sub
2425 3916 2874 4011 protectionis
2901 3926 2974 3987 et
3000 3917 3419 3988 defensionis
3454 3916 3760 4012 presidio
3794 3936 3953 3986 nos·

1123 4052 1230 4114 tro
1265 4051 1336 4113 et
1363 4042 1632 4137 imperii
1665 4040 1982 4136 speciali3
2023 4040 2504 4134 promittentes
2533 4040 2634 4111 eis
2666 4061 2793 4111 suo
2823 4041 2976 4111 loco
3014 4050 3086 4111 et
3119 4050 3431 4135 tempore
3465 4048 3606 4110 tam
3640 4039 3711 4109 in
3739 4039 3956 4110 bene·

1122 4165 1296 4237 ficiis
1330 4165 1809 4237 ecclesiasticis
1840 4187 2050 4258 quam
2084 4166 2154 4234 in
2191 4165 2557 4256 largitione
2587 4185 2956 4236 munerum
2994 4173 3065 4234 et
3096 4165 3284 4257 regie
3308 4163 3726 4259 provisionis
3755 4165 3958 4255 juxta

1123 4292 1444 4360 meritum
1493 4290 2039 4381 uniuscujusque
2096 4288 2474 4359 liberaliter
2516 4287 2908 4382 providere.
2957 4289 3055 4359 De
3106 4287 3649 4359 habundantiori
3682 4305 3957 4380 quoque

1122 4416 1344 4505 gratia
1392 4424 1626 4484 nostra
1666 4413 1989 4483 volumus
2022 4412 2372 4507 predictos
2404 4412 2799 4483 sacerdotes
2828 4422 2899 4482 et
2925 4412 3213 4483 clericos
3234 4466 3252 4501 ‚
3293 4412 3857 4504 quandocunque
3887 4410 3956 4480 in

1123 4548 1477 4632 posterum
1538 4544 1869 4605 tractatus
1934 4536 2124 4628 pacis
2175 4537 2358 4606 inter
2414 4533 2861 4627 magnificum
2921 4536 3237 4607 Cesarem
3288 4536 3648 4607 dominum
3687 4546 3953 4630 patrem
3996 4605 4007 4617 ,

1121 4670 1472 4748 nostrum,
1528 4678 1655 4729 nos
1703 4668 1776 4728 et
1804 4677 2056 4750 papam
2084 4656 2324 4728 haberi
2357 4658 2808 4750 contingerit,
2847 4658 3160 4750 ejusdem
3194 4668 3525 4730 tractatus
3565 4659 3757 4753 pacis
3807 4678 3958 4752 par·

1123 4784 1365 4877 ticipes
1394 4804 1574 4869 esse,
1609 4781 1786 4853 utin
1811 4780 2069 4852 bonore
2098 4779 2481 4873 dignitatis,
2518 4781 2904 4853 officiorum
2921 4793 2992 4853 et
3012 4781 3511 4854 beneficiorum
3544 4803 3705 4854 cum
3737 4780 3957 4875 pleni·
