<?xml version="1.0" encoding="UTF-8"?>
<!DOCTYPE html PUBLIC "-//W3C//DTD XHTML 1.0 Transitional//EN"
    "http://www.w3.org/TR/xhtml1/DTD/xhtml1-transitional.dtd">
<html xmlns="http://www.w3.org/1999/xhtml" xml:lang="en" lang="en">
 <head>
  <title>
</title>
<meta http-equiv="Content-Type" content="text/html;charset=utf-8" />
  <meta name='ocr-system' content='tesseract 3.04.00' />
  <meta name='ocr-capabilities' content='ocr_page ocr_carea ocr_par ocr_line ocrx_word'/>
</head>
<body>
  <div class='ocr_page' id='page_1' title='image "./historiadiploma01empegoog_0408.png"; bbox 0 0 4525 6031; ppageno 0'>
   <div class='ocr_carea' id='block_1_1' title="bbox 1097 661 3033 726">
    <p class='ocr_par' dir='ltr' id='par_1_1' title="bbox 1097 661 3033 726">
     <span class='ocr_line' id='line_1_1' title="bbox 1097 661 3033 726; baseline 0.001 -3"><span class='ocrx_word' id='word_1_1' title='bbox 1097 661 1226 723; x_wconf 82' lang='lat'>950</span> <span class='ocrx_word' id='word_1_2' title='bbox 2015 664 2274 726; x_wconf 78' lang='lat' dir='ltr'>INDEX</span> <span class='ocrx_word' id='word_1_3' title='bbox 2323 662 3033 725; x_wconf 76' lang='lat' dir='ltr'>DOCUMENTORUM.</span> 
     </span>
    </p>
   </div>
   <div class='ocr_carea' id='block_1_2' title="bbox 1125 865 1360 941">
    <p class='ocr_par' dir='ltr' id='par_1_2' title="bbox 1125 865 1360 941">
     <span class='ocr_line' id='line_1_2' title="bbox 1125 865 1360 941; baseline 0.004 -1"><span class='ocrx_word' id='word_1_4' title='bbox 1125 865 1360 941; x_wconf 77' lang='lat'><strong>1242</strong></span> 
     </span>
    </p>
   </div>
   <div class='ocr_carea' id='block_1_3' title="bbox 1148 990 3934 1263">
    <p class='ocr_par' dir='ltr' id='par_1_3' title="bbox 1148 990 3934 1263">
     <span class='ocr_line' id='line_1_3' title="bbox 1148 990 3932 1070; baseline 0.001 -19"><span class='ocrx_word' id='word_1_5' title='bbox 1148 990 1325 1067; x_wconf 75' lang='lat' dir='ltr'>julio.</span> <span class='ocrx_word' id='word_1_6' title='bbox 1470 993 1542 1053; x_wconf 88' lang='lat' dir='ltr'>In</span> <span class='ocrx_word' id='word_1_7' title='bbox 1570 993 1779 1053; x_wconf 86' lang='lat' dir='ltr'>castris</span> <span class='ocrx_word' id='word_1_8' title='bbox 1870 1024 1949 1038; x_wconf 94' lang='lat'>-</span> <span class='ocrx_word' id='word_1_9' title='bbox 1988 990 2084 1052; x_wconf 83' lang='lat' dir='ltr'>Ad</span> <span class='ocrx_word' id='word_1_10' title='bbox 2125 993 2608 1068; x_wconf 78' lang='lat' dir='ltr'>supplicationem</span> <span class='ocrx_word' id='word_1_11' title='bbox 2647 990 2941 1069; x_wconf 81' lang='lat' dir='ltr'>Raynaldi</span> <span class='ocrx_word' id='word_1_12' title='bbox 2987 991 3272 1052; x_wconf 84' lang='lat' dir='ltr'>Ostiensis</span> <span class='ocrx_word' id='word_1_13' title='bbox 3305 991 3594 1070; x_wconf 82' lang='lat' dir='ltr'>episcopi,</span> <span class='ocrx_word' id='word_1_14' title='bbox 3631 999 3932 1055; x_wconf 80' lang='lat' dir='ltr'>monaste-</span> 
     </span>
     <span class='ocr_line' id='line_1_4' title="bbox 1529 1085 3934 1168; baseline 0.001 -19"><span class='ocrx_word' id='word_1_15' title='bbox 1529 1105 1715 1166; x_wconf 91' lang='lat' dir='ltr'>prope</span> <span class='ocrx_word' id='word_1_16' title='bbox 1947 1091 2103 1150; x_wconf 88' lang='lat' dir='ltr'>rium</span> <span class='ocrx_word' id='word_1_17' title='bbox 2128 1088 2376 1149; x_wconf 88' lang='lat' dir='ltr'>Sanctae</span> <span class='ocrx_word' id='word_1_18' title='bbox 2402 1088 2605 1149; x_wconf 80' lang='lat' dir='ltr'>Crucis</span> <span class='ocrx_word' id='word_1_19' title='bbox 2632 1087 2705 1148; x_wconf 90' lang='lat' dir='ltr'>de</span> <span class='ocrx_word' id='word_1_20' title='bbox 2741 1087 2995 1148; x_wconf 78' lang='lat' dir='ltr'>Heremo</span> <span class='ocrx_word' id='word_1_21' title='bbox 3020 1086 3202 1147; x_wconf 79' lang='lat' dir='ltr'>fontis</span> <span class='ocrx_word' id='word_1_22' title='bbox 3231 1085 3550 1148; x_wconf 82' lang='lat' dir='ltr'>Avellanae</span> <span class='ocrx_word' id='word_1_23' title='bbox 3583 1087 3934 1168; x_wconf 82' lang='lat' dir='ltr'>Augubinae</span> 
     </span>
     <span class='ocr_line' id='line_1_5' title="bbox 1431 1183 3932 1263; baseline 0.002 -19"><span class='ocrx_word' id='word_1_24' title='bbox 1431 1185 1807 1245; x_wconf 85' lang='lat' dir='ltr'>Avezzanum</span> <span class='ocrx_word' id='word_1_25' title='bbox 1947 1186 2306 1246; x_wconf 87' lang='lat' dir='ltr'>dioecesisin</span> <span class='ocrx_word' id='word_1_26' title='bbox 2323 1188 2683 1263; x_wconf 88' lang='lat' dir='ltr'>protectione</span> <span class='ocrx_word' id='word_1_27' title='bbox 2695 1203 2806 1247; x_wconf 86' lang='lat' dir='ltr'>sua</span> <span class='ocrx_word' id='word_1_28' title='bbox 2818 1186 3059 1263; x_wconf 77' lang='lat' dir='ltr'>recipit,</span> <span class='ocrx_word' id='word_1_29' title='bbox 3079 1184 3403 1246; x_wconf 87' lang='lat' dir='ltr'>dummodo</span> <span class='ocrx_word' id='word_1_30' title='bbox 3428 1187 3492 1246; x_wconf 89' lang='lat' dir='ltr'>in</span> <span class='ocrx_word' id='word_1_31' title='bbox 3519 1183 3799 1248; x_wconf 82' lang='lat' dir='ltr'>fidelitate</span> <span class='ocrx_word' id='word_1_32' title='bbox 3823 1204 3932 1248; x_wconf 84' lang='lat' dir='ltr'>sua</span> 
     </span>
    </p>
   </div>
   <div class='ocr_carea' id='block_1_4' title="bbox 1104 966 1376 981">
    <p class='ocr_par' dir='ltr' id='par_1_4' title="bbox 1104 966 1376 981">
     <span class='ocr_line' id='line_1_6' title="bbox 1104 966 1376 981; baseline 0 5050"><span class='ocrx_word' id='word_1_33' title='bbox 1104 966 1376 981; x_wconf 95' lang='lat' dir='ltr'> </span> 
     </span>
    </p>
   </div>
   <div class='ocr_carea' id='block_1_5' title="bbox 1094 1282 3931 2330">
    <p class='ocr_par' dir='ltr' id='par_1_5' title="bbox 1094 1282 3930 2330">
     <span class='ocr_line' id='line_1_7' title="bbox 1458 1282 3930 1360; baseline 0.002 -19"><span class='ocrx_word' id='word_1_34' title='bbox 1458 1283 1523 1341; x_wconf 90' lang='lat' dir='ltr'>in</span> <span class='ocrx_word' id='word_1_35' title='bbox 1551 1282 1784 1345; x_wconf 84' lang='lat' dir='ltr'>Celano.</span> <span class='ocrx_word' id='word_1_36' title='bbox 1946 1282 2159 1344; x_wconf 79' lang='lat' dir='ltr'>fratres</span> <span class='ocrx_word' id='word_1_37' title='bbox 2187 1289 2578 1360; x_wconf 77' lang='lat' dir='ltr'>perseverent.</span> <span class='ocrx_word' id='word_1_38' title='bbox 3851 1294 3930 1346; x_wconf 77' lang='grc'>58</span> 
     </span>
     <span class='ocr_line' id='line_1_8' title="bbox 1147 1372 3931 1494; baseline 0.004 -64"><span class='ocrx_word' id='word_1_39' title='bbox 1147 1372 1331 1448; x_wconf 83' lang='lat' dir='ltr'>[circa</span> <span class='ocrx_word' id='word_1_40' title='bbox 1409 1419 1425 1437; x_wconf 90' lang='lat'><strong>.</strong></span> <span class='ocrx_word' id='word_1_41' title='bbox 1484 1418 1502 1438; x_wconf 89' lang='lat'><strong>.</strong></span> <span class='ocrx_word' id='word_1_42' title='bbox 1549 1420 1569 1441; x_wconf 91' lang='lat'><strong>.</strong></span> <span class='ocrx_word' id='word_1_43' title='bbox 1613 1420 1631 1439; x_wconf 89' lang='lat'><strong>.</strong></span> <span class='ocrx_word' id='word_1_44' title='bbox 1867 1411 1948 1424; x_wconf 96' lang='lat'><strong>—</strong></span> <span class='ocrx_word' id='word_1_45' title='bbox 1987 1380 2202 1441; x_wconf 87' lang='lat' dir='ltr'>Scribit</span> <span class='ocrx_word' id='word_1_46' title='bbox 2242 1382 2537 1439; x_wconf 75' lang='lat' dir='ltr'>invective</span> <span class='ocrx_word' id='word_1_47' title='bbox 2571 1378 2969 1439; x_wconf 72' lang='lat' dir='ltr'>cardinalibus</span> <span class='ocrx_word' id='word_1_48' title='bbox 3004 1380 3147 1456; x_wconf 85' lang='lat' dir='ltr'>quia</span> <span class='ocrx_word' id='word_1_49' title='bbox 3180 1379 3360 1494; x_wconf 88' lang='lat' dir='ltr'>nimis</span> <span class='ocrx_word' id='word_1_50' title='bbox 3401 1378 3640 1441; x_wconf 85' lang='lat' dir='ltr'>tardant</span> <span class='ocrx_word' id='word_1_51' title='bbox 3671 1381 3737 1441; x_wconf 90' lang='lat' dir='ltr'>in</span> <span class='ocrx_word' id='word_1_52' title='bbox 3775 1381 3931 1442; x_wconf 85' lang='lat' dir='ltr'>elec-</span> 
     </span>
     <span class='ocr_line' id='line_1_9' title="bbox 1103 1466 3928 1552; baseline 0.004 -25"><span class='ocrx_word' id='word_1_53' title='bbox 1103 1466 1376 1549; x_wconf 71' lang='lat' dir='ltr'>Julium.]</span> <span class='ocrx_word' id='word_1_54' title='bbox 1947 1478 2108 1536; x_wconf 87' lang='lat' dir='ltr'>tione</span> <span class='ocrx_word' id='word_1_55' title='bbox 2127 1479 2271 1536; x_wconf 91' lang='lat' dir='ltr'>novi</span> <span class='ocrx_word' id='word_1_56' title='bbox 2296 1475 2612 1552; x_wconf 80' lang='lat' dir='ltr'>pontificis.</span> <span class='ocrx_word' id='word_1_57' title='bbox 3851 1487 3928 1540; x_wconf 81' lang='grc'>59</span> 
     </span>
     <span class='ocr_line' id='line_1_10' title="bbox 1096 1569 3929 1653; baseline 0.003 -25"><span class='ocrx_word' id='word_1_58' title='bbox 1096 1569 1369 1641; x_wconf 75' lang='lat' dir='ltr'>augusto-</span> <span class='ocrx_word' id='word_1_59' title='bbox 1534 1571 1712 1647; x_wconf 83' lang='lat' dir='ltr'>Apud</span> <span class='ocrx_word' id='word_1_60' title='bbox 1866 1607 1947 1618; x_wconf 93' lang='lat'><strong>—</strong></span> <span class='ocrx_word' id='word_1_61' title='bbox 1988 1574 2300 1634; x_wconf 82' lang='lat' dir='ltr'>Civitatem</span> <span class='ocrx_word' id='word_1_62' title='bbox 2327 1574 2698 1635; x_wconf 86' lang='lat' dir='ltr'>Camerinum</span> <span class='ocrx_word' id='word_1_63' title='bbox 2735 1575 2797 1632; x_wconf 93' lang='lat' dir='ltr'>in</span> <span class='ocrx_word' id='word_1_64' title='bbox 2824 1588 2995 1636; x_wconf 86' lang='lat' dir='ltr'>suam</span> <span class='ocrx_word' id='word_1_65' title='bbox 3031 1572 3213 1635; x_wconf 88' lang='lat' dir='ltr'>ssdem</span> <span class='ocrx_word' id='word_1_66' title='bbox 3239 1590 3535 1635; x_wconf 85' lang='lat' dir='ltr'>reversam</span> <span class='ocrx_word' id='word_1_67' title='bbox 3570 1574 3650 1636; x_wconf 83' lang='lat' dir='ltr'>ad</span> <span class='ocrx_word' id='word_1_68' title='bbox 3681 1578 3929 1653; x_wconf 81' lang='lat' dir='ltr'>gratiam</span> 
     </span>
     <span class='ocr_line' id='line_1_11' title="bbox 1480 1670 3930 1750; baseline 0.004 -25"><span class='ocrx_word' id='word_1_69' title='bbox 1480 1673 1752 1726; x_wconf 86' lang='lat' dir='ltr'>sanetum</span> <span class='ocrx_word' id='word_1_70' title='bbox 1944 1686 2115 1730; x_wconf 90' lang='lat' dir='ltr'>suam</span> <span class='ocrx_word' id='word_1_71' title='bbox 2144 1672 2355 1747; x_wconf 83' lang='lat' dir='ltr'>recipit</span> <span class='ocrx_word' id='word_1_72' title='bbox 2378 1670 2649 1747; x_wconf 86' lang='lat' dir='ltr'>bonaque</span> <span class='ocrx_word' id='word_1_73' title='bbox 2678 1672 2733 1729; x_wconf 92' lang='lat' dir='ltr'>ei</span> <span class='ocrx_word' id='word_1_74' title='bbox 2767 1677 2826 1729; x_wconf 92' lang='lat' dir='ltr'>et</span> <span class='ocrx_word' id='word_1_75' title='bbox 2854 1671 3305 1732; x_wconf 89' lang='lat' dir='ltr'>consuetudines</span> <span class='ocrx_word' id='word_1_76' title='bbox 3339 1671 3680 1744; x_wconf 79' lang='lat' dir='ltr'>confirmat,</span> <span class='ocrx_word' id='word_1_77' title='bbox 3710 1689 3930 1750; x_wconf 84' lang='lat' dir='ltr'>poenas</span> 
     </span>
     <span class='ocr_line' id='line_1_12' title="bbox 1428 1761 3927 1844; baseline 0.004 -23"><span class='ocrx_word' id='word_1_78' title='bbox 1428 1761 1812 1823; x_wconf 76' lang='lat' dir='ltr'>Germanum.</span> <span class='ocrx_word' id='word_1_79' title='bbox 1946 1773 2007 1826; x_wconf 91' lang='lat' dir='ltr'>et</span> <span class='ocrx_word' id='word_1_80' title='bbox 2029 1767 2283 1826; x_wconf 88' lang='lat' dir='ltr'>mulctas</span> <span class='ocrx_word' id='word_1_81' title='bbox 2312 1782 2416 1843; x_wconf 89' lang='lat' dir='ltr'>pro</span> <span class='ocrx_word' id='word_1_82' title='bbox 2447 1765 2751 1828; x_wconf 82' lang='lat' dir='ltr'>maleficiis</span> <span class='ocrx_word' id='word_1_83' title='bbox 2776 1769 3122 1844; x_wconf 85' lang='lat' dir='ltr'>perpetratis</span> <span class='ocrx_word' id='word_1_84' title='bbox 3157 1769 3529 1831; x_wconf 84' lang='lat' dir='ltr'>remittendo.</span> <span class='ocrx_word' id='word_1_85' title='bbox 3850 1779 3927 1832; x_wconf 72' lang='lat'>64</span> 
     </span>
     <span class='ocr_line' id='line_1_13' title="bbox 1094 1861 3928 1950; baseline 0.003 -31"><span class='ocrx_word' id='word_1_86' title='bbox 1094 1861 1538 1939; x_wconf 84' lang='lat' dir='ltr'>augusto.1n</span> <span class='ocrx_word' id='word_1_87' title='bbox 1554 1864 1781 1950; x_wconf 85' lang='lat' dir='ltr'>campis</span> <span class='ocrx_word' id='word_1_88' title='bbox 1868 1894 1946 1907; x_wconf 93' lang='lat'>—</span> <span class='ocrx_word' id='word_1_89' title='bbox 1986 1862 2082 1922; x_wconf 80' lang='lat' dir='ltr'>Ad</span> <span class='ocrx_word' id='word_1_90' title='bbox 2104 1865 2448 1939; x_wconf 86' lang='lat' dir='ltr'>petitionem</span> <span class='ocrx_word' id='word_1_91' title='bbox 2474 1863 2736 1923; x_wconf 84' lang='lat' dir='ltr'>Marinae</span> <span class='ocrx_word' id='word_1_92' title='bbox 2753 1863 3082 1924; x_wconf 72' lang='lat' dir='ltr'>abbatissae</span> <span class='ocrx_word' id='word_1_93' title='bbox 3102 1863 3303 1924; x_wconf 86' lang='lat' dir='ltr'>Sancti</span> <span class='ocrx_word' id='word_1_94' title='bbox 3320 1863 3645 1927; x_wconf 79' lang='lat' dir='ltr'>Salvatoris</span> <span class='ocrx_word' id='word_1_95' title='bbox 3667 1866 3743 1927; x_wconf 91' lang='lat' dir='ltr'>de</span> <span class='ocrx_word' id='word_1_96' title='bbox 3759 1865 3928 1928; x_wconf 88' lang='lat' dir='ltr'>Guil-</span> 
     </span>
     <span class='ocr_line' id='line_1_14' title="bbox 1533 1951 3929 2041; baseline 0.003 -26"><span class='ocrx_word' id='word_1_97' title='bbox 1533 1974 1714 2035; x_wconf 88' lang='lat' dir='ltr'>prope</span> <span class='ocrx_word' id='word_1_98' title='bbox 1945 1958 2094 2032; x_wconf 88' lang='lat' dir='ltr'>leto,</span> <span class='ocrx_word' id='word_1_99' title='bbox 2148 1961 2506 2019; x_wconf 87' lang='lat' dir='ltr'>monasterio</span> <span class='ocrx_word' id='word_1_100' title='bbox 2560 1962 2690 2037; x_wconf 82' lang='lat' dir='ltr'>ejus</span> <span class='ocrx_word' id='word_1_101' title='bbox 2737 1951 3052 2021; x_wconf 84' lang='lat' dir='ltr'>confirmat</span> <span class='ocrx_word' id='word_1_102' title='bbox 3098 1960 3340 2021; x_wconf 82' lang='lat' dir='ltr'>feudum</span> <span class='ocrx_word' id='word_1_103' title='bbox 3387 1959 3716 2023; x_wconf 88' lang='lat' dir='ltr'>Persanum</span> <span class='ocrx_word' id='word_1_104' title='bbox 3767 1963 3929 2041; x_wconf 85' lang='lat' dir='ltr'>quod</span> 
     </span>
     <span class='ocr_line' id='line_1_15' title="bbox 1451 2051 3927 2133; baseline 0.004 -21"><span class='ocrx_word' id='word_1_105' title='bbox 1451 2051 1514 2113; x_wconf 87' lang='lat' dir='ltr'>S.</span> <span class='ocrx_word' id='word_1_106' title='bbox 1545 2053 1790 2115; x_wconf 83' lang='lat' dir='ltr'>Petrum</span> <span class='ocrx_word' id='word_1_107' title='bbox 1943 2055 2265 2116; x_wconf 83' lang='lat' dir='ltr'>Riccardus</span> <span class='ocrx_word' id='word_1_108' title='bbox 2292 2056 2368 2116; x_wconf 91' lang='lat' dir='ltr'>de</span> <span class='ocrx_word' id='word_1_109' title='bbox 2393 2058 2774 2117; x_wconf 87' lang='lat' dir='ltr'>Trentenaria</span> <span class='ocrx_word' id='word_1_110' title='bbox 2803 2065 2937 2133; x_wconf 86' lang='lat' dir='ltr'>post</span> <span class='ocrx_word' id='word_1_111' title='bbox 2965 2064 3210 2120; x_wconf 90' lang='lat' dir='ltr'>mortem</span> <span class='ocrx_word' id='word_1_112' title='bbox 3229 2060 3446 2120; x_wconf 90' lang='lat' dir='ltr'>sororis</span> <span class='ocrx_word' id='word_1_113' title='bbox 3464 2076 3607 2121; x_wconf 84' lang='lat' dir='ltr'>suae</span> <span class='ocrx_word' id='word_1_114' title='bbox 3622 2060 3700 2122; x_wconf 83' lang='lat' dir='ltr'>ab</span> <span class='ocrx_word' id='word_1_115' title='bbox 3720 2061 3927 2122; x_wconf 85' lang='lat' dir='ltr'>eodem</span> 
     </span>
     <span class='ocr_line' id='line_1_16' title="bbox 1438 2148 3926 2232; baseline 0.004 -24"><span class='ocrx_word' id='word_1_116' title='bbox 1438 2148 1512 2208; x_wconf 90' lang='lat' dir='ltr'>de</span> <span class='ocrx_word' id='word_1_117' title='bbox 1540 2148 1796 2213; x_wconf 90' lang='lat' dir='ltr'>Olivola.</span> <span class='ocrx_word' id='word_1_118' title='bbox 1877 2175 1886 2180; x_wconf 93' lang='lat'><strong>·</strong></span> <span class='ocrx_word' id='word_1_119' title='bbox 1945 2156 2302 2213; x_wconf 79' lang='lat' dir='ltr'>monasterio</span> <span class='ocrx_word' id='word_1_120' title='bbox 2328 2153 2646 2213; x_wconf 89' lang='lat' dir='ltr'>tenendum</span> <span class='ocrx_word' id='word_1_121' title='bbox 2674 2154 2912 2232; x_wconf 81' lang='lat' dir='ltr'>legavit.</span> <span class='ocrx_word' id='word_1_122' title='bbox 3848 2168 3926 2221; x_wconf 77' lang='grc' dir='ltr'>σο</span> 
     </span>
     <span class='ocr_line' id='line_1_17' title="bbox 1132 2243 3929 2330; baseline 0.003 -22"><span class='ocrx_word' id='word_1_123' title='bbox 1132 2256 1199 2308; x_wconf 86' lang='grc' dir='ltr'>ιο</span> <span class='ocrx_word' id='word_1_124' title='bbox 1222 2254 1341 2309; x_wconf 90' lang='lat' dir='ltr'>oct.</span> <span class='ocrx_word' id='word_1_125' title='bbox 1511 2243 1723 2305; x_wconf 83' lang='lat' dir='ltr'>Baroli.</span> <span class='ocrx_word' id='word_1_126' title='bbox 1865 2280 1944 2291; x_wconf 90' lang='lat'>—</span> <span class='ocrx_word' id='word_1_127' title='bbox 1984 2248 2241 2309; x_wconf 83' lang='lat' dir='ltr'>Roberto</span> <span class='ocrx_word' id='word_1_128' title='bbox 2281 2249 2358 2309; x_wconf 93' lang='lat' dir='ltr'>de</span> <span class='ocrx_word' id='word_1_129' title='bbox 2393 2249 2741 2310; x_wconf 86' lang='lat' dir='ltr'>Casteliione</span> <span class='ocrx_word' id='word_1_130' title='bbox 2778 2253 2995 2311; x_wconf 91' lang='lat' dir='ltr'>vicario</span> <span class='ocrx_word' id='word_1_131' title='bbox 3026 2253 3259 2330; x_wconf 87' lang='lat' dir='ltr'>imperii</span> <span class='ocrx_word' id='word_1_132' title='bbox 3293 2254 3356 2313; x_wconf 90' lang='lat' dir='ltr'>in</span> <span class='ocrx_word' id='word_1_133' title='bbox 3385 2252 3655 2316; x_wconf 73' lang='lat' dir='ltr'>Mal-chia</span> <span class='ocrx_word' id='word_1_134' title='bbox 3684 2255 3929 2317; x_wconf 77' lang='lat' dir='ltr'>mandat</span> 
     </span>
    </p>
   </div>
   <div class='ocr_carea' id='block_1_6' title="bbox 1119 2346 3929 2912">
    <p class='ocr_par' dir='ltr' id='par_1_6' title="bbox 1119 2346 3929 2912">
     <span class='ocr_line' id='line_1_18' title="bbox 1946 2346 3929 2430; baseline 0.005 -24"><span class='ocrx_word' id='word_1_135' title='bbox 1946 2352 2014 2406; x_wconf 89' lang='lat' dir='ltr'>ut</span> <span class='ocrx_word' id='word_1_136' title='bbox 2048 2346 2402 2416; x_wconf 82' lang='lat' dir='ltr'>Palmerium</span> <span class='ocrx_word' id='word_1_137' title='bbox 2443 2346 2520 2408; x_wconf 89' lang='lat' dir='ltr'>ad</span> <span class='ocrx_word' id='word_1_138' title='bbox 2559 2348 2782 2407; x_wconf 86' lang='lat' dir='ltr'>curiam</span> <span class='ocrx_word' id='word_1_139' title='bbox 2823 2347 3187 2424; x_wconf 83' lang='lat' dir='ltr'>imperialem</span> <span class='ocrx_word' id='word_1_140' title='bbox 3224 2350 3302 2411; x_wconf 91' lang='lat' dir='ltr'>ad</span> <span class='ocrx_word' id='word_1_141' title='bbox 3345 2352 3589 2429; x_wconf 77' lang='lat' dir='ltr'>triginta</span> <span class='ocrx_word' id='word_1_142' title='bbox 3626 2351 3754 2413; x_wconf 85' lang='lat' dir='ltr'>dies</span> <span class='ocrx_word' id='word_1_143' title='bbox 3795 2361 3929 2430; x_wconf 85' lang='lat' dir='ltr'>post</span> 
     </span>
     <span class='ocr_line' id='line_1_19' title="bbox 1942 2443 3925 2526; baseline 0.004 -24"><span class='ocrx_word' id='word_1_144' title='bbox 1942 2443 2277 2502; x_wconf 85' lang='lat' dir='ltr'>citationem</span> <span class='ocrx_word' id='word_1_145' title='bbox 2305 2449 2599 2526; x_wconf 84' lang='lat' dir='ltr'>receptam</span> <span class='ocrx_word' id='word_1_146' title='bbox 2623 2443 2891 2521; x_wconf 82' lang='lat' dir='ltr'>advocet,</span> <span class='ocrx_word' id='word_1_147' title='bbox 2919 2444 3190 2522; x_wconf 83' lang='lat' dir='ltr'>querelae</span> <span class='ocrx_word' id='word_1_148' title='bbox 3211 2445 3472 2514; x_wconf 85' lang='lat' dir='ltr'>filiorum</span> <span class='ocrx_word' id='word_1_149' title='bbox 3501 2448 3678 2510; x_wconf 89' lang='lat' dir='ltr'>Bovis</span> <span class='ocrx_word' id='word_1_150' title='bbox 3700 2455 3764 2510; x_wconf 82' lang='lat' dir='ltr'>et</span> <span class='ocrx_word' id='word_1_151' title='bbox 3788 2450 3925 2511; x_wconf 87' lang='lat' dir='ltr'>Pal-</span> 
     </span>
     <span class='ocr_line' id='line_1_20' title="bbox 1120 2506 3923 2621; baseline 0.005 -26"><span class='ocrx_word' id='word_1_152' title='bbox 1120 2506 1346 2585; x_wconf 73' lang='lat'>1245</span> <span class='ocrx_word' id='word_1_153' title='bbox 1942 2542 2110 2600; x_wconf 89' lang='lat' dir='ltr'>merii</span> <span class='ocrx_word' id='word_1_154' title='bbox 2143 2540 2217 2601; x_wconf 93' lang='lat' dir='ltr'>de</span> <span class='ocrx_word' id='word_1_155' title='bbox 2244 2541 2462 2602; x_wconf 87' lang='lat' dir='ltr'>Sancto</span> <span class='ocrx_word' id='word_1_156' title='bbox 2491 2515 2718 2621; x_wconf 43' lang='lat' dir='ltr'>kngelo</span> <span class='ocrx_word' id='word_1_157' title='bbox 2746 2561 3185 2621; x_wconf 86' lang='lat' dir='ltr'>responsurum.</span> <span class='ocrx_word' id='word_1_158' title='bbox 3735 2556 3923 2609; x_wconf 64' lang='lat' dir='ltr'>ei-es</span> 
     </span>
     <span class='ocr_line' id='line_1_21' title="bbox 1119 2629 3925 2722; baseline 0.003 -26"><span class='ocrx_word' id='word_1_159' title='bbox 1119 2644 1192 2696; x_wconf 76' lang='lat'>12</span> <span class='ocrx_word' id='word_1_160' title='bbox 1212 2639 1341 2713; x_wconf 78' lang='lat' dir='ltr'>jan.</span> <span class='ocrx_word' id='word_1_161' title='bbox 1462 2629 1763 2694; x_wconf 86' lang='lat' dir='ltr'>Precinae.</span> <span class='ocrx_word' id='word_1_162' title='bbox 1863 2668 1944 2681; x_wconf 95' lang='lat'><strong>—</strong></span> <span class='ocrx_word' id='word_1_163' title='bbox 1982 2636 2221 2698; x_wconf 85' lang='lat' dir='ltr'>Nobiles</span> <span class='ocrx_word' id='word_1_164' title='bbox 2253 2643 2317 2697; x_wconf 92' lang='lat' dir='ltr'>et</span> <span class='ocrx_word' id='word_1_165' title='bbox 2350 2654 2690 2700; x_wconf 81' lang='lat' dir='ltr'>vavassores</span> <span class='ocrx_word' id='word_1_166' title='bbox 2721 2643 3028 2702; x_wconf 84' lang='lat' dir='ltr'>universos</span> <span class='ocrx_word' id='word_1_167' title='bbox 3053 2641 3128 2703; x_wconf 90' lang='lat' dir='ltr'>de</span> <span class='ocrx_word' id='word_1_168' title='bbox 3151 2639 3527 2720; x_wconf 81' lang='lat' dir='ltr'>Gari&#39;agnana</span> <span class='ocrx_word' id='word_1_169' title='bbox 3550 2629 3925 2722; x_wconf 71' lang='lat' dir='ltr'>caeterosque</span> 
     </span>
     <span class='ocr_line' id='line_1_22' title="bbox 1942 2733 3922 2816; baseline 0.005 -22"><span class='ocrx_word' id='word_1_170' title='bbox 1942 2734 2211 2795; x_wconf 85' lang='lat' dir='ltr'>dominos</span> <span class='ocrx_word' id='word_1_171' title='bbox 2244 2733 2463 2794; x_wconf 85' lang='lat' dir='ltr'>ibidem</span> <span class='ocrx_word' id='word_1_172' title='bbox 2494 2738 2824 2796; x_wconf 84' lang='lat' dir='ltr'>nominatos</span> <span class='ocrx_word' id='word_1_173' title='bbox 2860 2736 2972 2797; x_wconf 89' lang='lat' dir='ltr'>sub</span> <span class='ocrx_word' id='word_1_174' title='bbox 3003 2755 3112 2799; x_wconf 86' lang='lat' dir='ltr'>sua</span> <span class='ocrx_word' id='word_1_175' title='bbox 3145 2740 3382 2816; x_wconf 84' lang='lat' dir='ltr'>speciali</span> <span class='ocrx_word' id='word_1_176' title='bbox 3410 2742 3767 2816; x_wconf 85' lang='lat' dir='ltr'>protectione</span> <span class='ocrx_word' id='word_1_177' title='bbox 3791 2758 3922 2803; x_wconf 88' lang='lat' dir='ltr'>sus·</span> 
     </span>
     <span class='ocr_line' id='line_1_23' title="bbox 1941 2832 3920 2912; baseline 0.005 -21"><span class='ocrx_word' id='word_1_178' title='bbox 1941 2833 2083 2909; x_wconf 88' lang='lat' dir='ltr'>cipit</span> <span class='ocrx_word' id='word_1_179' title='bbox 2117 2848 2335 2909; x_wconf 82' lang='lat' dir='ltr'>eosque</span> <span class='ocrx_word' id='word_1_180' title='bbox 2369 2848 2406 2892; x_wconf 90' lang='lat' dir='ltr'>a</span> <span class='ocrx_word' id='word_1_181' title='bbox 2430 2832 2848 2909; x_wconf 78' lang='lat' dir='ltr'>jurisdictione</span> <span class='ocrx_word' id='word_1_182' title='bbox 2887 2835 3206 2912; x_wconf 71' lang='lat' dir='ltr'>cujuslibet</span> <span class='ocrx_word' id='word_1_183' title='bbox 3235 2838 3492 2898; x_wconf 87' lang='lat' dir='ltr'>civitatis</span> <span class='ocrx_word' id='word_1_184' title='bbox 3521 2839 3763 2911; x_wconf 71' lang='lat' dir='ltr'>eximit,</span> <span class='ocrx_word' id='word_1_185' title='bbox 3802 2844 3920 2900; x_wconf 80' lang='lat' dir='ltr'>etc.</span> 
     </span>
    </p>
   </div>
   <div class='ocr_carea' id='block_1_7' title="bbox 1103 2943 3925 3867">
    <p class='ocr_par' dir='ltr' id='par_1_7' title="bbox 3844 2943 3923 2998">
     <span class='ocr_line' id='line_1_24' title="bbox 3844 2943 3923 2998; baseline 0.013 -1"><span class='ocrx_word' id='word_1_186' title='bbox 3844 2943 3923 2998; x_wconf 71' lang='lat'>⁷8</span> 
     </span>
    </p>

    <p class='ocr_par' dir='ltr' id='par_1_8' title="bbox 1116 3017 3925 3305">
     <span class='ocr_line' id='line_1_25' title="bbox 1116 3017 3925 3111; baseline 0.004 -28"><span class='ocrx_word' id='word_1_187' title='bbox 1116 3030 1188 3082; x_wconf 79' lang='lat'>12</span> <span class='ocrx_word' id='word_1_188' title='bbox 1211 3027 1340 3101; x_wconf 78' lang='lat' dir='ltr'>jan.</span> <span class='ocrx_word' id='word_1_189' title='bbox 1459 3017 1763 3080; x_wconf 86' lang='lat' dir='ltr'>Precinae.</span> <span class='ocrx_word' id='word_1_190' title='bbox 1860 3054 1942 3069; x_wconf 90' lang='lat'>—</span> <span class='ocrx_word' id='word_1_191' title='bbox 1982 3023 2269 3085; x_wconf 77' lang='lat' dir='ltr'>Pandolfo</span> <span class='ocrx_word' id='word_1_192' title='bbox 2313 3024 2386 3084; x_wconf 90' lang='lat' dir='ltr'>de</span> <span class='ocrx_word' id='word_1_193' title='bbox 2427 3024 2736 3087; x_wconf 87' lang='lat' dir='ltr'>Fasanella</span> <span class='ocrx_word' id='word_1_194' title='bbox 2779 3030 3008 3105; x_wconf 89' lang='lat' dir='ltr'>imperii</span> <span class='ocrx_word' id='word_1_195' title='bbox 3051 3031 3116 3089; x_wconf 88' lang='lat' dir='ltr'>in</span> <span class='ocrx_word' id='word_1_196' title='bbox 3148 3030 3364 3091; x_wconf 83' lang='lat' dir='ltr'>Tuscia</span> <span class='ocrx_word' id='word_1_197' title='bbox 3406 3032 3626 3092; x_wconf 87' lang='lat' dir='ltr'>vicario</span> <span class='ocrx_word' id='word_1_198' title='bbox 3668 3039 3925 3111; x_wconf 80' lang='lat' dir='ltr'>quatuor</span> 
     </span>
     <span class='ocr_line' id='line_1_26' title="bbox 1119 3121 3923 3203; baseline 0.007 -30"><span class='ocrx_word' id='word_1_199' title='bbox 1119 3142 1122 3145; x_wconf 96' lang='lat'>·</span> <span class='ocrx_word' id='word_1_200' title='bbox 1941 3121 2220 3182; x_wconf 89' lang='lat' dir='ltr'>mandata</span> <span class='ocrx_word' id='word_1_201' title='bbox 2252 3122 2453 3200; x_wconf 82' lang='lat' dir='ltr'>dirigit</span> <span class='ocrx_word' id='word_1_202' title='bbox 2489 3129 2560 3183; x_wconf 88' lang='lat' dir='ltr'>ut</span> <span class='ocrx_word' id='word_1_203' title='bbox 2585 3140 2763 3200; x_wconf 86' lang='lat' dir='ltr'>super</span> <span class='ocrx_word' id='word_1_204' title='bbox 2787 3125 3043 3203; x_wconf 85' lang='lat' dir='ltr'>querelis</span> <span class='ocrx_word' id='word_1_205' title='bbox 3080 3124 3310 3186; x_wconf 85' lang='lat' dir='ltr'>abbatis</span> <span class='ocrx_word' id='word_1_206' title='bbox 3348 3131 3690 3189; x_wconf 81' lang='lat' dir='ltr'>monasterii</span> <span class='ocrx_word' id='word_1_207' title='bbox 3720 3129 3923 3193; x_wconf 72' lang='lat' dir='ltr'>Sancti</span> 
     </span>
     <span class='ocr_line' id='line_1_27' title="bbox 1941 3216 3922 3305; baseline 0.006 -28"><span class='ocrx_word' id='word_1_208' title='bbox 1941 3216 2260 3278; x_wconf 87' lang='lat' dir='ltr'>Salvatoris</span> <span class='ocrx_word' id='word_1_209' title='bbox 2297 3220 2543 3279; x_wconf 85' lang='lat' dir='ltr'>veritate</span> <span class='ocrx_word' id='word_1_210' title='bbox 2580 3221 2846 3299; x_wconf 80' lang='lat' dir='ltr'>cognita,</span> <span class='ocrx_word' id='word_1_211' title='bbox 2872 3223 3168 3298; x_wconf 77' lang='lat' dir='ltr'>justitiam</span> <span class='ocrx_word' id='word_1_212' title='bbox 3197 3223 3251 3281; x_wconf 90' lang='lat' dir='ltr'>ei</span> <span class='ocrx_word' id='word_1_213' title='bbox 3289 3223 3464 3284; x_wconf 79' lang='lat' dir='ltr'>iaciat</span> <span class='ocrx_word' id='word_1_214' title='bbox 3489 3224 3785 3305; x_wconf 78' lang='lat' dir='ltr'>exbiberi,</span> <span class='ocrx_word' id='word_1_215' title='bbox 3812 3243 3922 3305; x_wconf 88' lang='lat' dir='ltr'>pe-</span> 
     </span>
    </p>

    <p class='ocr_par' dir='ltr' id='par_1_9' title="bbox 1939 3315 3923 3385">
     <span class='ocr_line' id='line_1_28' title="bbox 1939 3315 3923 3385; baseline 0.006 -10"><span class='ocrx_word' id='word_1_216' title='bbox 1939 3315 2231 3375; x_wconf 87' lang='lat' dir='ltr'>culiariter</span> <span class='ocrx_word' id='word_1_217' title='bbox 2255 3315 2332 3374; x_wconf 89' lang='lat' dir='ltr'>de</span> <span class='ocrx_word' id='word_1_218' title='bbox 2358 3315 2593 3376; x_wconf 90' lang='lat' dir='ltr'>redditu</span> <span class='ocrx_word' id='word_1_219' title='bbox 2630 3318 2808 3377; x_wconf 85' lang='lat' dir='ltr'>castri</span> <span class='ocrx_word' id='word_1_220' title='bbox 2837 3319 3054 3379; x_wconf 85' lang='lat' dir='ltr'>montis</span> <span class='ocrx_word' id='word_1_221' title='bbox 3081 3319 3379 3380; x_wconf 86' lang='lat' dir='ltr'>Pinzutuii</span> <span class='ocrx_word' id='word_1_222' title='bbox 3406 3325 3468 3381; x_wconf 75' lang='lat' dir='ltr'>et</span> <span class='ocrx_word' id='word_1_223' title='bbox 3490 3321 3567 3382; x_wconf 83' lang='lat' dir='ltr'>de</span> <span class='ocrx_word' id='word_1_224' title='bbox 3594 3324 3923 3385; x_wconf 84' lang='lat' dir='ltr'>tenimento</span> 
     </span>
    </p>

    <p class='ocr_par' dir='ltr' id='par_1_10' title="bbox 1938 3410 3919 3482">
     <span class='ocr_line' id='line_1_29' title="bbox 1938 3410 3919 3482; baseline 0.006 -11"><span class='ocrx_word' id='word_1_225' title='bbox 1938 3410 2306 3471; x_wconf 86' lang='lat' dir='ltr'>Valentinae.</span> <span class='ocrx_word' id='word_1_226' title='bbox 3648 3464 3649 3477; x_wconf 59' lang='grc'>,</span> <span class='ocrx_word' id='word_1_227' title='bbox 3842 3428 3919 3482; x_wconf 76' lang='lat'>7⁶</span> 
     </span>
    </p>

    <p class='ocr_par' dir='ltr' id='par_1_11' title="bbox 1103 3442 3923 3773">
     <span class='ocr_line' id='line_1_30' title="bbox 1103 3442 3920 3593; baseline 0.009 -39"><span class='ocrx_word' id='word_1_228' title='bbox 1103 3498 1358 3563; x_wconf 72' lang='lat' dir='ltr'>februar.</span> <span class='ocrx_word' id='word_1_229' title='bbox 1473 3496 1748 3577; x_wconf 76' lang='lat' dir='ltr'>Poggiae.</span> <span class='ocrx_word' id='word_1_230' title='bbox 1862 3537 1940 3550; x_wconf 95' lang='lat'>—</span> <span class='ocrx_word' id='word_1_231' title='bbox 1979 3503 2074 3565; x_wconf 82' lang='lat' dir='ltr'>Ad</span> <span class='ocrx_word' id='word_1_232' title='bbox 2103 3508 2444 3583; x_wconf 90' lang='lat' dir='ltr'>petitionem</span> <span class='ocrx_word' id='word_1_233' title='bbox 2470 3507 2774 3568; x_wconf 86' lang='lat' dir='ltr'>Bertboldi</span> <span class='ocrx_word' id='word_1_234' title='bbox 2808 3442 3169 3587; x_wconf 83' lang='lat' dir='ltr'>patriarchae</span> <span class='ocrx_word' id='word_1_235' title='bbox 3201 3511 3667 3593; x_wconf 77' lang='lat' dir='ltr'>Aqunegieasis,</span> <span class='ocrx_word' id='word_1_236' title='bbox 3692 3516 3920 3581; x_wconf 62' lang='lat' dir='ltr'>dun-ni</span> 
     </span>
     <span class='ocr_line' id='line_1_31' title="bbox 1159 3600 3920 3691; baseline 0.008 -35"><span class='ocrx_word' id='word_1_237' title='bbox 1159 3642 1164 3647; x_wconf 86' lang='lat'><strong>.</strong></span> <span class='ocrx_word' id='word_1_238' title='bbox 1931 3600 2104 3680; x_wconf 75' lang='lat' dir='ltr'>jubet</span> <span class='ocrx_word' id='word_1_239' title='bbox 2140 3602 2430 3679; x_wconf 85' lang='lat' dir='ltr'>quosdam</span> <span class='ocrx_word' id='word_1_240' title='bbox 2468 3610 2678 3680; x_wconf 88' lang='lat' dir='ltr'>pontes</span> <span class='ocrx_word' id='word_1_241' title='bbox 2713 3621 2901 3683; x_wconf 86' lang='lat' dir='ltr'>super</span> <span class='ocrx_word' id='word_1_242' title='bbox 2918 3606 3256 3668; x_wconf 83' lang='lat' dir='ltr'>Liventiam</span> <span class='ocrx_word' id='word_1_243' title='bbox 3289 3607 3608 3673; x_wconf 77' lang='lat' dir='ltr'>fabricatos</span> <span class='ocrx_word' id='word_1_244' title='bbox 3646 3614 3781 3691; x_wconf 73' lang='lat' dir='ltr'>qui</span> <span class='ocrx_word' id='word_1_245' title='bbox 3784 3616 3920 3677; x_wconf 74' lang='lat' dir='ltr'>suis</span> 
     </span>
     <span class='ocr_line' id='line_1_32' title="bbox 1937 3696 3923 3773; baseline 0.009 -18"><span class='ocrx_word' id='word_1_246' title='bbox 1937 3696 2253 3757; x_wconf 86' lang='lat' dir='ltr'>rebellibus</span> <span class='ocrx_word' id='word_1_247' title='bbox 2268 3697 2597 3759; x_wconf 88' lang='lat' dir='ltr'>Tarvisinis</span> <span class='ocrx_word' id='word_1_248' title='bbox 2611 3701 2789 3761; x_wconf 87' lang='lat' dir='ltr'>utiles</span> <span class='ocrx_word' id='word_1_249' title='bbox 2809 3707 2989 3761; x_wconf 88' lang='lat' dir='ltr'>erant</span> <span class='ocrx_word' id='word_1_250' title='bbox 3000 3702 3081 3763; x_wconf 84' lang='lat' dir='ltr'>ad</span> <span class='ocrx_word' id='word_1_251' title='bbox 3104 3703 3402 3767; x_wconf 82' lang='lat' dir='ltr'>faciendos</span> <span class='ocrx_word' id='word_1_252' title='bbox 3418 3707 3692 3770; x_wconf 81' lang='lat' dir='ltr'>incursus</span> <span class='ocrx_word' id='word_1_253' title='bbox 3716 3716 3923 3773; x_wconf 80' lang='lat' dir='ltr'>eontra</span> 
     </span>
    </p>

    <p class='ocr_par' dir='ltr' id='par_1_12' title="bbox 1934 3791 3908 3867">
     <span class='ocr_line' id='line_1_33' title="bbox 1934 3791 3908 3867; baseline 0.008 -15"><span class='ocrx_word' id='word_1_254' title='bbox 1934 3808 2073 3852; x_wconf 85' lang='lat' dir='ltr'>suos</span> <span class='ocrx_word' id='word_1_255' title='bbox 2096 3791 2325 3854; x_wconf 85' lang='lat' dir='ltr'>fideles.</span> <span class='ocrx_word' id='word_1_256' title='bbox 3838 3813 3908 3867; x_wconf 81' lang='lat'>81</span> 
     </span>
    </p>
   </div>
   <div class='ocr_carea' id='block_1_8' title="bbox 1090 3882 3919 3978">
    <p class='ocr_par' dir='ltr' id='par_1_13' title="bbox 1090 3882 3919 3978">
     <span class='ocr_line' id='line_1_34' title="bbox 1090 3882 3919 3978; baseline 0.005 -29"><span class='ocrx_word' id='word_1_257' title='bbox 1090 3894 1163 3949; x_wconf 76' lang='lat'>1¹1</span> <span class='ocrx_word' id='word_1_258' title='bbox 1190 3886 1362 3965; x_wconf 76' lang='lat' dir='ltr'>ap.rss</span> <span class='ocrx_word' id='word_1_259' title='bbox 1479 3882 1739 3959; x_wconf 66' lang='lat' dir='ltr'>Capuae·</span> <span class='ocrx_word' id='word_1_260' title='bbox 1857 3920 1938 3932; x_wconf 93' lang='lat'>—-</span> <span class='ocrx_word' id='word_1_261' title='bbox 1976 3887 2317 3949; x_wconf 77' lang='lat' dir='ltr'>Mantuanis</span> <span class='ocrx_word' id='word_1_262' title='bbox 2351 3888 2596 3950; x_wconf 87' lang='lat' dir='ltr'>mandat</span> <span class='ocrx_word' id='word_1_263' title='bbox 2633 3890 2796 3967; x_wconf 87' lang='lat' dir='ltr'>quod</span> <span class='ocrx_word' id='word_1_264' title='bbox 2827 3890 3157 3954; x_wconf 71' lang='lat' dir='ltr'>Iohannem</span> <span class='ocrx_word' id='word_1_265' title='bbox 3183 3896 3373 3956; x_wconf 73' lang='lat' dir='ltr'>civun</span> <span class='ocrx_word' id='word_1_266' title='bbox 3397 3895 3635 3975; x_wconf 71' lang='lat' dir='ltr'>Capuae</span> <span class='ocrx_word' id='word_1_267' title='bbox 3659 3915 3768 3978; x_wconf 84' lang='lat' dir='ltr'>pro</span> <span class='ocrx_word' id='word_1_268' title='bbox 3793 3903 3919 3964; x_wconf 73' lang='lat' dir='ltr'>suis</span> 
     </span>
    </p>
   </div>
   <div class='ocr_carea' id='block_1_9' title="bbox 1089 2611 1367 2629">
    <p class='ocr_par' dir='ltr' id='par_1_14' title="bbox 1089 2611 1367 2629">
     <span class='ocr_line' id='line_1_35' title="bbox 1089 2611 1367 2629; baseline 0 0"><span class='ocrx_word' id='word_1_269' title='bbox 1089 2611 1367 2629; x_wconf 95' lang='lat' dir='ltr'> </span> 
     </span>
    </p>
   </div>
   <div class='ocr_carea' id='block_1_10' title="bbox 1113 4130 3913 4270">
    <p class='ocr_par' dir='ltr' id='par_1_15' title="bbox 1113 4130 3913 4270">
     <span class='ocr_line' id='line_1_36' title="bbox 1113 4130 3913 4270; baseline 0.009 -39"><span class='ocrx_word' id='word_1_270' title='bbox 1113 4130 1319 4253; x_wconf 57' lang='lat' dir='ltr'>&#39;api-m.</span> <span class='ocrx_word' id='word_1_271' title='bbox 1480 4172 1738 4251; x_wconf 69' lang='lat' dir='ltr'>capuae..</span> <span class='ocrx_word' id='word_1_272' title='bbox 1854 4208 1937 4223; x_wconf 90' lang='lat'>—</span> <span class='ocrx_word' id='word_1_273' title='bbox 1974 4177 2432 4240; x_wconf 67' lang='lat' dir='ltr'>enim-suatum</span> <span class='ocrx_word' id='word_1_274' title='bbox 2458 4181 2717 4241; x_wconf 69' lang='lat' dir='ltr'>avimus</span> <span class='ocrx_word' id='word_1_275' title='bbox 2742 4180 2891 4242; x_wconf 69' lang='lat' dir='ltr'>Fani</span> <span class='ocrx_word' id='word_1_276' title='bbox 2915 4183 2979 4243; x_wconf 84' lang='lat' dir='ltr'>in</span> <span class='ocrx_word' id='word_1_277' title='bbox 3012 4185 3263 4262; x_wconf 71' lang='lat' dir='ltr'>granam</span> <span class='ocrx_word' id='word_1_278' title='bbox 3293 4202 3462 4251; x_wconf 76' lang='lat' dir='ltr'>mm</span> <span class='ocrx_word' id='word_1_279' title='bbox 3496 4191 3736 4270; x_wconf 66' lang='lat' dir='ltr'>napa,</span> <span class='ocrx_word' id='word_1_280' title='bbox 3772 4210 3913 4258; x_wconf 72' lang='lat' dir='ltr'>eun-</span> 
     </span>
    </p>
   </div>
   <div class='ocr_carea' id='block_1_11' title="bbox 1933 4273 3916 4475">
    <p class='ocr_par' dir='ltr' id='par_1_16' title="bbox 1933 4273 3916 4467">
     <span class='ocr_line' id='line_1_37' title="bbox 1933 4273 3913 4369; baseline 0.008 -36"><span class='ocrx_word' id='word_1_281' title='bbox 1933 4273 2204 4351; x_wconf 79' lang='lat' dir='ltr'>ceditqne</span> <span class='ocrx_word' id='word_1_282' title='bbox 2238 4280 2310 4335; x_wconf 88' lang='lat' dir='ltr'>ut</span> <span class='ocrx_word' id='word_1_283' title='bbox 2343 4274 2421 4335; x_wconf 87' lang='lat' dir='ltr'>de</span> <span class='ocrx_word' id='word_1_284' title='bbox 2455 4277 2658 4351; x_wconf 87' lang='lat' dir='ltr'>poenis</span> <span class='ocrx_word' id='word_1_285' title='bbox 2692 4283 2756 4337; x_wconf 86' lang='lat' dir='ltr'>et</span> <span class='ocrx_word' id='word_1_286' title='bbox 2783 4276 3027 4339; x_wconf 77' lang='lat' dir='ltr'>offensis</span> <span class='ocrx_word' id='word_1_287' title='bbox 3061 4282 3413 4360; x_wconf 82' lang='lat' dir='ltr'>respondere</span> <span class='ocrx_word' id='word_1_288' title='bbox 3440 4300 3567 4355; x_wconf 81' lang='lat' dir='ltr'>non</span> <span class='ocrx_word' id='word_1_289' title='bbox 3602 4296 3913 4369; x_wconf 75' lang='lat' dir='ltr'>cogantur,</span> 
     </span>
     <span class='ocr_line' id='line_1_38' title="bbox 1935 4370 3916 4475; baseline 0.012 -47"><span class='ocrx_word' id='word_1_290' title='bbox 1935 4370 2315 4431; x_wconf 84' lang='lat' dir='ltr'>resarciendis</span> <span class='ocrx_word' id='word_1_291' title='bbox 2340 4376 2541 4431; x_wconf 88' lang='lat' dir='ltr'>tamen</span> <span class='ocrx_word' id='word_1_292' title='bbox 2560 4372 2792 4433; x_wconf 88' lang='lat' dir='ltr'>damnis</span> <span class='ocrx_word' id='word_1_293' title='bbox 2818 4390 3021 4436; x_wconf 87' lang='lat' dir='ltr'>eorum</span> <span class='ocrx_word' id='word_1_294' title='bbox 3047 4376 3274 4441; x_wconf 86' lang='lat' dir='ltr'>civibus</span> <span class='ocrx_word' id='word_1_295' title='bbox 3292 4381 3399 4459; x_wconf 71' lang='lat' dir='ltr'>qui</span> <span class='ocrx_word' id='word_1_296' title='bbox 3413 4394 3525 4460; x_wconf 71' lang='lat' dir='ltr'>pro</span> <span class='ocrx_word' id='word_1_297' title='bbox 3538 4379 3664 4449; x_wconf 68' lang='lat' dir='ltr'>fide</span> <span class='ocrx_word' id='word_1_298' title='bbox 3682 4387 3916 4475; x_wconf 57' lang='lat' dir='ltr'>impuli</span> 
     </span>
    </p>
   </div>
   <div class='ocr_carea' id='block_1_12' title="bbox 1121 4466 3911 4656">
    <p class='ocr_par' dir='ltr' id='par_1_17' title="bbox 1121 4466 3911 4656">
     <span class='ocr_line' id='line_1_39' title="bbox 1173 4466 3911 4563; baseline 0.01 -48"><span class='ocrx_word' id='word_1_299' title='bbox 1173 4512 1194 4541; x_wconf 89' lang='lat'>·.</span> <span class='ocrx_word' id='word_1_300' title='bbox 1695 4522 1698 4523; x_wconf 8' lang='lat' dir='ltr'>a</span> <span class='ocrx_word' id='word_1_301' title='bbox 1933 4467 2229 4527; x_wconf 85' lang='lat' dir='ltr'>civitatem</span> <span class='ocrx_word' id='word_1_302' title='bbox 2256 4473 2318 4529; x_wconf 84' lang='lat' dir='ltr'>et</span> <span class='ocrx_word' id='word_1_303' title='bbox 2342 4466 2499 4529; x_wconf 89' lang='lat' dir='ltr'>bona</span> <span class='ocrx_word' id='word_1_304' title='bbox 2523 4469 2903 4548; x_wconf 79' lang='lat' dir='ltr'>reliquerunt.</span> <span class='ocrx_word' id='word_1_305' title='bbox 3784 4494 3911 4563; x_wconf 61' lang='grc' dir='ltr'>,ρο</span> 
     </span>
     <span class='ocr_line' id='line_1_40' title="bbox 1121 4520 3909 4656; baseline 0.018 -58"><span class='ocrx_word' id='word_1_306' title='bbox 1121 4565 1322 4647; x_wconf 53' lang='lat' dir='ltr'>‘pum</span> <span class='ocrx_word' id='word_1_307' title='bbox 1482 4558 1737 4638; x_wconf 70' lang='lat' dir='ltr'>Capuae.</span> <span class='ocrx_word' id='word_1_308' title='bbox 1855 4593 1934 4606; x_wconf 93' lang='lat'>—</span> <span class='ocrx_word' id='word_1_309' title='bbox 1971 4520 3909 4656; x_wconf 68' lang='lat' dir='ltr'>Profiteturseacomitenarnnannodefiruningaaoenitatam</span> 
     </span>
    </p>
   </div>
   <div class='ocr_carea' id='block_1_13' title="bbox 1930 4658 3912 4841">
    <p class='ocr_par' dir='ltr' id='par_1_18' title="bbox 1930 4658 3912 4841">
     <span class='ocr_line' id='line_1_41' title="bbox 1930 4658 3912 4817; baseline 0.014 -98"><span class='ocrx_word' id='word_1_310' title='bbox 1930 4658 3498 4817; x_wconf 61' lang='lat' dir='ltr'>deAlbegawcumcastroMegelolvespt-ottibns</span> <span class='ocrx_word' id='word_1_311' title='bbox 3542 4668 3912 4745; x_wconf 77' lang='lat' dir='ltr'>nmibasst</span> 
     </span>
     <span class='ocr_line' id='line_1_42' title="bbox 1930 4753 3906 4841; baseline 0.013 -26"><span class='ocrx_word' id='word_1_312' title='bbox 1930 4753 2953 4841; x_wconf 77' lang='lat' dir='ltr'>ducentismarcisargentiemisse.</span> <span class='ocrx_word' id='word_1_313' title='bbox 3825 4784 3906 4840; x_wconf 69' lang='lat' dir='ltr'>ee</span> 
     </span>
    </p>
   </div>
  </div>
 </body>
</html>
