4525 6031
1028 673 1151 737 962
1965 666 2210 728 INDEX
2261 664 2954 728 DOCUMENTORUM.

1837 962 1860 983 ⁹
1878 996 2151 1076 indulget
2176 995 2394 1074 quibus
2423 993 2571 1055 fines
2606 996 2782 1055 castri
2811 993 3148 1056 Grondulae
3184 1000 3243 1053 et
3278 995 3554 1055 territorii
3581 997 3711 1072 ejus
3741 998 3874 1070 post

1881 1095 2325 1170 inquisitionem
2349 1091 2661 1169 diligenter
2692 1091 2909 1152 factam
2935 1094 3372 1168 exprimuntur.
3755 1098 3868 1151 855

1088 1202 1241 1274 sept.
1415 1195 1686 1255 Parmae.
1806 1221 1884 1234 —
1923 1191 2184 1250 Amedeo
2229 1189 2433 1249 comiti
2476 1186 2807 1249 sabaudiae
2840 1189 3015 1247 castri
3056 1187 3401 1264 Bipolarum
3447 1188 3872 1248 restitutionem

1882 1287 2195 1361 promittit,
2222 1287 2423 1346 statim
2449 1289 2518 1346 ut
2538 1284 2739 1362 aliquo
2760 1283 2938 1345 modo
2964 1283 3057 1344 vel
3082 1300 3222 1344 casu
3246 1284 3324 1344 ad
3346 1300 3560 1345 manus
3586 1299 3725 1345 suas
3749 1299 3878 1360 per·

1883 1385 2133 1443 venerit.
3759 1385 3875 1440 356

1074 1487 1271 1568 [sept.]
1341 1525 1358 1542 .
1419 1527 1770 1547 ......
1805 1513 1886 1525 -
1925 1478 2049 1539 Sub
2093 1479 2426 1557 encyclicae
2460 1477 2651 1539 forma
2696 1484 2903 1538 notum
2946 1476 3089 1538 facit
3132 1493 3196 1538 se
3243 1493 3388 1553 pace
3432 1492 3568 1536 cum
3610 1476 3873 1536 Ecclesia

1886 1577 2198 1653 desperata
2246 1576 2605 1652 colloquium
2652 1574 2901 1635 Parmae
2939 1573 3216 1634 habuisse
3259 1579 3320 1634 et
3364 1574 3598 1632 tertiam
3647 1578 3874 1648 partem

1885 1678 2282 1751 proventuum
2325 1678 2387 1731 et
2427 1672 2851 1732 obventionum
2884 1670 2962 1731 ab
3005 1669 3282 1730 omnibus
3319 1668 3581 1729 ecclesiis
3624 1669 3875 1746 exigen-

1886 1769 2024 1828 dam
2047 1770 2326 1846 jussisse,
2358 1776 2473 1827 etc.
3757 1774 3869 1826 357

1076 1874 1271 1954 [sept.]
1345 1912 1363 1929 .
1426 1910 1443 1928 .
1493 1911 1512 1930 .
1560 1911 1578 1928 .
1628 1912 1644 1930 .
1694 1912 1709 1930 .
1754 1911 1770 1928 .
1804 1899 1886 1911 —
1925 1867 2060 1927 Suis
2082 1868 2429 1943 justiciariis
2463 1865 2706 1925 mandat
2733 1864 2896 1942 quod
2929 1862 3005 1924 ab
3040 1863 3300 1924 eeclesiis
3338 1869 3400 1924 et
3431 1863 3656 1926 clericis
3681 1865 3871 1941 juris-

1884 1963 2158 2023 dictionIs
2184 1978 2389 2021 eorum
2415 1961 2862 2021 subventionem
2888 1963 3152 2039 exigant,
3181 1962 3359 2020 etiam
3387 1959 3498 2021 sub
3527 1977 3715 2038 poena
3740 1976 3872 2020 car-

1885 2063 2035 2121 ceris
2064 2061 2128 2118 in
2153 2066 2553 2120 contumaces.
3756 2064 3871 2118 360

1076 2164 1274 2245 [sept]
1344 2198 1361 2215 .
1420 2196 1772 2219 ......
1805 2189 1887 2201 -
1925 2157 2181 2216 Henrico
2214 2154 2338 2214 filio
2380 2171 2490 2215 suo
2526 2154 2771 2214 mandat
2806 2159 2876 2214 ut
2914 2153 3220 2215 collectam
3246 2152 3324 2214 ab
3348 2152 3608 2214 eeclesiis
3639 2156 3875 2232 exigere

1886 2253 2126 2330 debeat,
2158 2260 2218 2312 et
2248 2258 2496 2312 excusat
2520 2268 2586 2312 se
2619 2253 2682 2311 in
2722 2251 2835 2311 hoc
2870 2251 3032 2327 quod
3058 2266 3178 2310 non
3206 2266 3313 2328 pro
3353 2251 3607 2312 utilitate
3639 2253 3876 2329 propria

1885 2351 2057 2423 facit,
2089 2350 2194 2410 sed
2222 2367 2331 2426 pro
2358 2350 2681 2410 communi.
3757 2357 3867 2410 361

1051 2452 1298 2531 [octobri
1347 2491 1363 2507 .
1419 2488 1437 2505 .
1485 2489 1504 2508 .
1548 2490 1565 2508 .
1621 2489 1636 2505 .
1688 2486 1705 2506 .
1756 2491 1773 2508 .
1806 2478 1889 2493 —
1926 2449 2211 2508 Hortatur
2240 2446 2449 2507 fideles
2476 2462 2614 2506 suos
2652 2445 2816 2523 quod
2843 2446 3082 2505 veniant
3115 2444 3194 2505 ad
3233 2446 3555 2505 exercitum
3597 2462 3774 2522 quem
3809 2449 3874 2505 in

1054 2544 1311 2631 ineunt.]
1885 2542 2272 2604 conterendos
2297 2543 2762 2603 Mediolanenses
2788 2542 3038 2619 collegit.
3758 2550 3871 2602 862

1053 2643 1294 2722 [octobri
1345 2678 1774 2701 .......
1808 2672 1887 2685 -
1927 2639 2174 2700 Cuidam
2210 2639 2372 2700 fideii
2409 2656 2519 2699 suo
2557 2641 2792 2698 nuntiat
2831 2638 3129 2717 quomodo
3151 2639 3329 2716 Juxta
3354 2637 3578 2700 flumen
3604 2638 3875 2700 Tislnelli

1045 2736 1312 2820 exeunt.]
1886 2744 2079 2797 castra
2119 2754 2227 2796 sua
2275 2739 2568 2816 posuerit,
2618 2735 2849 2795 modico
2896 2736 3096 2796 relicto
3150 2737 3457 2797 intervallo
3510 2740 3665 2798 inter
3709 2754 3774 2798 se
3813 2744 3875 2797 et

1886 2833 2384 2905 Mediolanenses,
2416 2850 2566 2910 quos
2602 2850 2680 2893 ex
2706 2834 2891 2893 altera
2918 2841 3084 2910 parte
3119 2833 3410 2895 Heni-icus
3434 2851 3541 2896 rex
3566 2835 3873 2896 Sardiniae

1885 2948 2020 2992 cum
2049 2932 2290 2992 Ecelino
2316 2931 2392 2990 de
2421 2931 2690 2991 Romano
2717 2932 2926 2991 acriter
2951 2946 3332 3010 aggressurus
3357 2938 3467 2992 est.
3754 2939 3870 2994 364

1102 3057 1241 3102 nov.
1437 3033 1677 3109 Papiae.
1809 3062 1887 3073 -
1928 3029 2304 3107 privilegium
2325 3046 2361 3090 a
2379 3046 2445 3089 se
2461 3028 2691 3089 dudum
2715 3028 3127 3105 Ratisponensi
3153 3031 3424 3107 episcopo
3448 3030 3748 3091 indultum
3775 3047 3874 3090 re-

1887 3134 2082 3200 vocat,
2100 3143 2169 3187 eo
2187 3128 2347 3204 quod
2363 3129 2475 3187 iste
2492 3129 2797 3203 episcopus
2816 3125 3115 3203 quondam
3129 3127 3510 3188 cancellarius
3519 3130 3716 3187 curiae
3730 3144 3874 3187 suae

1886 3224 2223 3285 adversario
2241 3240 2350 3284 suo
2371 3240 2561 3301 papae
2582 3223 2939 3296 adhaeserit;
2972 3223 3321 3301 civibusque
3338 3226 3548 3285 iterum
3557 3226 3662 3301 jus
3682 3224 3877 3283 indul·

1888 3327 1986 3399 get
2004 3323 2341 3381 communia
2358 3322 2599 3382 consilia
2618 3320 2913 3381 statuendi
2931 3327 2991 3381 et
3009 3318 3291 3382 officiales
3310 3321 3642 3382 ordinandi.
3754 3329 3872 3381 366

1081 3419 1281 3505 [nov.]
1348 3462 1364 3480 .
1423 3461 1440 3479 .
1491 3460 1510 3479 .
1558 3459 1576 3478 .
1624 3461 1641 3479 .
1684 3461 1703 3480 .
1757 3459 1774 3478 .
1806 3449 1887 3462 —
1929 3417 2142 3477 Comiti
2180 3417 2627 3478 Aldobrandino
2659 3417 2904 3477 mandat
2942 3424 3012 3478 ut
3045 3420 3344 3479 civitatem
3384 3416 3726 3479 Grossetum
3770 3417 3877 3478 ubi

1887 3514 2147 3573 hiemare
2169 3513 2451 3591 disponit,
2473 3513 2551 3575 ad
2580 3515 2970 3591 receptionem
2997 3517 3265 3594 gentium
3290 3521 3353 3576 et
3375 3531 3661 3593 equorum
3682 3518 3875 3593 aptari

1887 3611 2088 3671 faciat.
3756 3621 3872 3673 374

1086 3711 1249 3790 [nov.
1378 3705 1745 3786 Cremonae]
1807 3738 1888 3753 —
1925 3706 2145 3768 Scribit
2173 3709 2473 3767 communi
2515 3706 2683 3767 Podil
2709 3708 2914 3769 Bonici
2950 3725 3015 3767 se
3048 3706 3292 3768 feliciter
3326 3708 3391 3767 in
3427 3706 3694 3784 partibus
3731 3707 3872 3769 Cre-

1885 3818 2097 3863 monae
2121 3820 2297 3881 agere
2328 3811 2388 3863 et
2413 3804 2663 3881 Regium
2689 3806 2914 3864 misisse
2945 3804 3263 3865 Henricum
3287 3802 3480 3865 filium
3507 3820 3681 3865 suum
3707 3804 3870 3883 lega-

1887 3909 2014 3961 tum
2037 3904 2100 3961 in
2120 3902 2292 3961 ltalia
2308 3900 2660 3979 generalem,
2692 3904 2798 3979 qui
2828 3902 3102 3963 factiosos
3129 3904 3345 3981 partim
3373 3905 3592 3964 carceri
3615 3903 3871 3976 addixit,

1883 4000 2099 4075 partim
2124 3998 2201 4058 ad
2229 3999 2581 4074 supplicium
2609 3998 3043 4059 condemnavit.
3755 4006 3870 4060 376

1034 4099 1299 4163 decemb,
1420 4092 1691 4154 Parmae.
1804 4126 1885 4139 —
1924 4094 2014 4155 Ne
2050 4092 2317 4154 defectus
2359 4095 2573 4171 aliquis
2614 4095 2677 4153 in
2720 4095 2953 4171 justitia
2999 4095 3390 4156 ministranda
3431 4093 3709 4156 fidelibus
3750 4097 3877 4156 suis

1884 4191 2164 4251 adveniat
2183 4232 2202 4260 .
2259 4191 2563 4251 communi
2618 4193 2920 4252 Parmensi
2968 4195 3073 4269 jus
3140 4191 3412 4252 concedit
3470 4192 3876 4269 interponendi

1886 4287 2123 4348 decreta
2152 4304 2264 4364 pro
2299 4287 2572 4365 pupillis,
2617 4293 2842 4349 tutores
2877 4289 3117 4351 creandi
3130 4298 3152 4365 ,‘
3181 4289 3591 4367 emancipandi
3625 4295 3688 4349 et
3724 4291 3875 4350 insi·

1886 4385 2113 4444 nuandi
2141 4391 2347 4462 testes,
2378 4390 2496 4446 etc.
3756 4395 3871 4448 377

1034 4479 1295 4542 decemb.
1419 4479 1703 4543 Grosseti.
1811 4511 1883 4524 —
1927 4479 2023 4538 Ad
2052 4480 2538 4557 supplicationem
2571 4481 2809 4542 Hem-ici
2834 4481 3068 4544 abbatis
3094 4480 3296 4544 Sancti
3329 4480 3567 4560 Georgii
3601 4482 3664 4541 in
3691 4481 3873 4560 Sylva

1775 4606 1784 4616 ·
1887 4576 2096 4652 Nigra,
2127 4575 2267 4636 huic
2289 4580 2641 4638 monasterio
2665 4578 3038 4655 privilegium
3064 4576 3140 4638 ab
3168 4579 3422 4639 ilenrico
3448 4580 3655 4656 quinto
3682 4579 3871 4656 impe-

1888 4676 2078 4729 ratore
2113 4686 2269 4731 anno
2303 4681 2453 4733 1112
2502 4679 2573 4732 16
2593 4674 2732 4750 julii
2756 4674 3085 4750 indultum,
3125 4681 3369 4736 renovat
3392 4681 3482 4753 et,
3510 4673 3867 4753 quibusdam

1886 4771 2392 4846 mmucepus,
2422 4769 2757 4833 confirmat.
3754 4781 3868 4833 330
