4525 6031
931 616 1054 677 646
1930 623 2358 685 FRIDERICI
2410 621 2757 684 sEcuNm
3369 616 3536 695 [Auru.
3574 614 3751 676 1248.

930 773 1071 823 non
1107 763 1425 846 oporteat
1455 756 1754 849 amplius
1781 777 2024 851 pacem
2058 757 2536 854 imprudenter
2571 763 2939 851 expetere,
2972 750 3098 823 sed
3129 750 3362 846 potius
3396 758 3759 845 acceptare

931 875 1243 971 petitam.

1036 1412 1520 1495 Innocentius
1572 1438 1771 1521 papa
1824 1413 1905 1496 S.
1969 1414 2289 1497 Sanctae
2341 1413 2619 1499 Mariae
2661 1423 2875 1494 trans
2930 1412 3262 1495 Tiberim
3315 1411 3757 1522 presbytero

928 1546 1299 1627 cardinali
1354 1546 1673 1627 mandat
1730 1547 1939 1655 quod
1992 1547 2071 1627 in
2130 1547 2368 1653 Urbe,
2425 1546 2841 1656 Campania
2895 1555 2969 1628 et
3021 1545 3400 1629 Maritima
3453 1570 3753 1627 crucem

928 1688 1194 1761 contra
1277 1679 1743 1760 Fridericum
1827 1679 2197 1788 publicari
2271 1679 2499 1762 faciat
2569 1689 2966 1788 totumque
3051 1704 3376 1788 regnum
3459 1677 3755 1761 Siciliae

930 1812 1342 1894 monitione
1386 1812 1692 1919 praevia
1746 1823 2125 1921 supponat
2169 1813 2607 1918 interdicto,
2661 1813 3036 1917 civitatee,
3100 1810 3426 1894 barones
3448 1873 3471 1917 ,
3523 1836 3756 1918 prae-

924 1941 1153 2050 latos,
1194 1944 1504 2026 clericos
1542 1946 2090 2055 universosque
2125 1945 2466 2056 ejusdem
2503 1946 2719 2055 regni
2766 1945 3010 2028 eidem
3045 1943 3424 2026 Friderico
3465 1943 3748 2026 adhae-

926 2087 1178 2158 rentes
1219 2075 1319 2158 ab
1374 2077 1584 2160 omni
1630 2078 2039 2187 dignitate,
2095 2078 2426 2185 honore,
2482 2089 2557 2161 et
2604 2078 2833 2162 etiam
2885 2076 3085 2161 civili
3124 2076 3371 2160 officio
3418 2075 3753 2184 privatos
3791 2089 3812 2110 ·

924 2209 1413 2292 denuntians.

1090 2423 1293 2502 (Edid.
1334 2425 1611 2502 Horma,
1653 2424 1867 2485 Kaisar
1906 2422 2140 2486 Μὰ.
2186 2426 2280 2499 11,
2324 2426 2607 2504 append„
2642 2437 2706 2486 n⁰
2737 2434 2835 2503 34,
2871 2443 2904 2486 e
2929 2425 3063 2486 cod.
3096 2425 3252 2486 Btbl.
3296 2425 3496 2486 Cesar.
3537 2425 3749 2497 Paris„

1024 2587 1029 2592 .
1161 2540 1228 2592 n⁶
1258 2540 1438 2605 4039,
1468 2532 1613 2591 Litt.
1644 2547 1801 2608 cur.,
1830 2539 1897 2590 n⁰
1926 2530 2055 2609 20.)

1016 2716 1486 2806 InnocentiuS,
1524 2726 1694 2806 etc.,
1715 2718 1789 2787 S.
1813 2715 1992 2786 tituli
2023 2715 2276 2787 Sancte
2302 2715 2517 2787 Mario
2550 2715 3043 2787 Transtiberim
3083 2715 3494 2811 presbytero
3522 2717 3749 2790 cardi-

916 2839 1059 2910 nali
1086 2840 1347 2912 vicario
1375 2848 1613 2912 nostro
1641 2839 1714 2910 in
1741 2838 1953 2930 Urbe,
1991 2849 2126 2911 etc.
2165 2838 2276 2910 Ab
2310 2838 2602 2911 exordio
2633 2838 3016 2911 vocationis
3043 2860 3180 2932 que
3209 2858 3338 2910 nos
3372 2838 3534 2911 licet
3564 2839 3749 2912 indi-

916 2984 1091 3056 gnos
1136 2962 1230 3036 ad
1272 2962 1649 3059 apostolice
1695 2962 2049 3055 dignitatis
2094 2963 2364 3059 apicem
2411 2961 2845 3052 sublimavit,
2880 2961 3130 3034 mentis
3166 2963 3404 3035 oculos
3445 2962 3538 3036 ad
3578 2984 3747 3037 con-

918 3086 1353 3182 templandas
1386 3086 1710 3181 impacati
1742 3086 1929 3158 orbis
1959 3085 2477 3179 inquietudines
2504 3086 2884 3178 dirigentes
2904 3139 2924 3175 ,
2957 3108 3167 3181 super
3198 3086 3332 3158 hiis
3367 3086 3748 3182 inspirante

915 3211 1211 3282 Domino
1241 3210 1557 3304 spiritum
1580 3210 2135 3304 compunctionis
2165 3211 2606 3300 attraximuS,
2629 3220 2699 3282 et
2722 3209 3193 3281 infirmitatem
3212 3221 3518 3283 nostram
3534 3212 3750 3284 celes·

915 3334 1005 3405 tis
1029 3334 1305 3405 virtutis
1331 3334 1718 3405 constantia
1748 3331 2149 3424 inducente,
2182 3334 2638 3426 cogitavimus
2656 3334 2727 3405 in
2745 3336 2894 3406 Deo
2908 3333 3272 3429 pacificare
3291 3356 3451 3406 cum
3486 3336 3748 3409 mundo

916 3458 1109 3552 pacis
1139 3457 1415 3552 publice
1448 3457 1901 3548 turbatorem,
1943 3466 2065 3528 aut
2089 3478 2173 3529 eo
2204 3459 2276 3528 in
2315 3480 2440 3529 sua
2473 3457 2729 3530 duritia
2765 3458 3211 3553 persistente,
3248 3469 3489 3530 contra
3520 3459 3746 3554 ipsum

915 3581 1060 3651 Deo
1091 3580 1470 3651 auxiliante
1503 3589 1686 3652 stare
1719 3601 1846 3675 pro
1877 3582 2138 3676 populo
2176 3591 2246 3652 et
2278 3579 2648 3653 obfirmare
2679 3582 2950 3654 vultum
2982 3580 3318 3652 adversus
3349 3581 3750 3675 implacabi-

914 3704 1056 3775 lem
1090 3703 1483 3799 pestilentie
1511 3704 1922 3799 principem,
1948 3704 2232 3777 letiferis
2261 3705 2607 3798 aquilonis
2636 3704 2915 3776 flatibus
2943 3705 3124 3775 mala
3158 3705 3412 3797 quibus
3444 3705 3748 3778 mundus

913 3829 1234 3899 atteritur
1276 3836 1854 3899 commoventem.
1906 3827 2165 3899 lnhesit
2212 3828 2499 3921 quidem
2544 3827 3096 3921 inseparabiliter
3135 3827 3329 3900 cordi
3372 3838 3612 3900 nostro
3656 3830 3746 3901 de

913 3950 1287 4024 christiano
1350 3952 1611 4047 populo
1676 3959 1799 4021 aut
1867 3950 2294 4045 perniciosas
2352 3951 2856 4023 discordiarum
2921 3951 3191 4023 radices
3259 3952 3565 4023 avellere
3623 3961 3749 4024 aut

913 4073 1160 4147 harum
1213 4076 1619 4167 genitricem
1671 4074 1956 4167 maligni
2007 4075 2436 4170 principatus
2491 4075 2836 4147 Frederici
2904 4075 3256 4168 quondam
3312 4074 3746 4170 imperatoris

914 4200 1267 4294 extirpare
1302 4199 1769 4293 tyrannidem,
1817 4220 1941 4293 per
1978 4220 2191 4291 quam
2226 4198 2596 4271 videbatur
2626 4197 3040 4269 universalis
3068 4207 3288 4269 status
3319 4196 3563 4268 mundi
3595 4198 3742 4269 col-

914 4322 1079 4412 labi,
1145 4322 1321 4394 fides
1375 4322 1769 4394 orthodoxa
1825 4322 2137 4394 subverti
2192 4333 2264 4394 et
2309 4323 2525 4394 decus
2579 4322 2799 4393 everti
2861 4321 3322 4393 ecclesiastice
3374 4321 3735 4392 libertatis.

911 4445 1169 4516 Verum
1207 4454 1575 4539 postquam
1619 4445 1801 4516 circa
1849 4445 2046 4517 illum
2089 4446 2301 4517 studii
2343 4445 2561 4517 nostri
2614 4466 2758 4517 non
2800 4444 3207 4541 proficiente
3236 4453 3517 4534 conatu,
3552 4444 3740 4535 ejus-

913 4567 1074 4640 dem
1159 4568 1609 4640 inexorabilis
1698 4569 2079 4662 pertinacia
2160 4569 2522 4665 pravitatis
2597 4568 2961 4662 quodlibet
3046 4569 3288 4640 salutis
3373 4578 3740 4661 aspernata

912 4691 1275 4763 consilium
1327 4692 1536 4762 latam
1584 4690 1917 4763 divinitus
1957 4713 2085 4786 per
2127 4714 2255 4764 nos
2297 4714 2494 4765 sacro
2541 4692 2917 4764 universali
2969 4691 3399 4786 approbante
3449 4687 3741 4761 concilio
