4525 6031
1008 645 1130 708 660
2003 639 2433 701 munnam!
2482 637 2830 700 SECUNDl
3448 639 3611 721 [Anu.
3646 640 3825 704 1248.

1104 781 1326 871 Hujus
1363 764 1712 850 rei‘testes
1753 786 1915 849 sunt
1936 775 2352 850 „Manfredus
2394 774 2704 844 marchio
2740 775 3035 863 Lancea,
3069 772 3366 849 Iacobus
3391 774 3704 877 marchio
3741 775 3831 848 de

1007 906 1317 978 Carretto
1355 902 1648 975 dilectus
1686 922 1902 993 gener
1937 910 2198 989 noster,
2235 899 2476 968 Petrus
2507 897 2595 968 de
2626 895 2938 968 Calabria
2982 896 3384 968 marescalie
3415 907 3650 969 nostre
3682 919 3832 969 ma-

1006 1019 1248 1120 gister,
1282 1027 1527 1098 Petrus
1565 1026 1652 1097 de
1695 1025 1911 1096 Vinea
1957 1022 2113 1093 aule
2160 1031 2394 1092 nostre
2436 1019 2996 1115 prothonotarius
3030 1030 3101 1091 et
3131 1021 3326 1112 regni
3366 1021 3593 1092 Sicilie
3637 1021 3830 1114 logo-

1010 1150 1232 1238 theta,
1269 1149 1643 1221 Riccardus
1697 1149 1785 1220 de
1835 1146 2270 1237 Montenigro
2312 1165 2562 1236 magne
2609 1144 2798 1242 curie
2850 1153 3084 1216 nostre
3136 1144 3465 1236 magister
3509 1144 3823 1238 justicia-

1008 1271 1290 1369 rius(a),
1326 1273 1650 1364 magister
1681 1270 2073 1342 Gualterius
2101 1269 2188 1341 de
2221 1269 2398 1341 Ocra
2424 1268 2842 1341 venerabilis
2863 1268 3228 1363 Capuanus
3260 1269 3547 1360 electus,
3583 1266 3825 1340 fideles

946 1442 951 1447 -
1007 1397 1252 1486 nostri,
1286 1406 1358 1467 et
1382 1396 1497 1466 alii
1529 1394 2000 1489 quamplures.

1107 1521 1392 1613 Signum
1422 1519 1685 1616 domini
1718 1499 1936 1590 nostri
1968 1516 2297 1590 Friderici
2329 1516 2618 1589 secundi
2646 1516 2771 1588 Dei
2795 1515 3017 1606 gratia
3044 1514 3471 1586 invictissimi
3492 1516 3830 1587 Romano-

1010 1667 1162 1715 rum
1187 1643 1620 1738 imperatoris
1638 1663 1914 1736 semper
1932 1641 2235 1733 augusti,
2259 1641 2630 1711 Ierusalem
2655 1639 2724 1710 et
2751 1639 2978 1711 Sicilie
3012 1638 3217 1730 regis.
3250 1635 3828 1734 (Monam-amma.)

1104 1767 1281 1839 Acta
1306 1777 1471 1838 sunt
1495 1767 1625 1838 hec
1653 1788 1839 1838 anno
1867 1765 2214 1837 dominice
2250 1763 2739 1834 incarnationis
2765 1762 3131 1833 millesimo
3163 1762 3637 1834 ducentesimo
3664 1784 3832 1855 qua-

1008 1890 1397 1982 dragesimo
1460 1900 1745 1979 octavo,
1802 1910 2045 1962 mense
2104 1887 2540 1978 novembris,
2609 1886 2901 1981 septime
2951 1885 3384 1974 indictioniS,
3443 1885 3829 1980 imperante
3865 1931 3876 1942 ·

1009 2014 1292 2087 domino
1359 2024 1596 2087 nostro
1658 2013 2006 2085 Friderico
2070 2011 2195 2082 Dei
2257 2010 2481 2103 gratia
2541 2011 3008 2081 Romanorum
3081 2009 3494 2104 imperatore
3556 2029 3833 2103 semper

1008 2149 1338 2230 augusto,
1376 2139 1754 2210 Jerusalem
1791 2146 1862 2208 et
1904 2136 2129 2207 Sicilie
2181 2156 2386 2228 rege,-
2420 2133 2692 2228 imperii
2741 2133 2890 2225 ejus
2935 2154 3119 2230 anno
3167 2133 3493 2205 vicesimo
3541 2142 3824 2225 octav0,

1010 2263 1207 2357 regni
1237 2264 1623 2335 Jerusalem
1655 2260 1985 2335 vicesimo
2016 2260 2254 2351 tercie,
2293 2259 2490 2351 regni
2516 2279 2687 2330 vero
2722 2257 2950 2329 Sicilie
2982 2256 3583 2350 quinquagesimo,
3620 2256 3833 2329 felici·

1009 2396 1141 2459 ter.
1176 2386 1427 2458 Amen.
2383 2371 2396 2383 ⁶

1105 2511 1360 2582 Datum
1389 2510 1747 2598 VercelliS,
1782 2529 1996 2598 anno,
2031 2528 2300 2597 mense,
2340 2506 2717 2578 indictione
2743 2499 3165 2599 prescriptis.

659 3079 896 3176 gagg&
1117 3058 1539 3140 Fridericus
1559 3119 1582 3160 ,
1618 3056 2168 3138 'Romanorum
2238 3055 2679 3165 imperator,
2737 3052 3012 3171 comiti·
3054 3052 3462 3171 Thomasio
3528 3053 3626 3136 de
3683 3052 3835 3135 Sa-

1012 3190 1296 3274 baudia
1347 3200 1422 3272 et
1473 3189 1651 3270 filiis
1717 3188 1881 3297 ejus
1939 3187 2299 3298 legitimis
2365 3188 2761 3296 utriusque
2830 3211 3054 3268 sexus
3110 3186 3189 3266 in
3244 3196 3694 3295 perpetuum
3750 3185 3829 3266 in

1011 3334 1299 3407 rectum
1358 3321 1674 3404 feudum
1728 3322 2058 3405 Montem
2113 3319 2493 3407 Galerium
2554 3329 2630 3402 et
2685 3319 3036 3401 Castrum
3084 3319 3317 3401 Vetus
3363 3344 3539 3401 cum
3593 3318 3834 3425 ratio-

1013 3438 1242 3540 nibus
1289 3453 1647 3540 omnibus
1706 3463 1781 3537 et
1829 3453 2297 3564 pertinentiis
2343 3452 2722 3559 concedit,
2765 3450 2910 3535 sub
2944 3452 3096 3537 fide
3146 3451 3484 3562 homagii
3519 3451 3835 3562 imperio

1011 3590 1361 3673 faciendi.

1176 3800 1365 3879 (Edit.
1381 3816 1476 3876 ap.
1497 3799 1644 3859 Hist.
1668 3804 1836 3878 patr.
1872 3813 2155 3877 monum„
2186 3795 2401 3871 chart„
2423 3803 2470 3856 t.
2494 3795 2550 3874 1,
2578 3813 2641 3873 p.
2675 3802 3039 3869 13974399,
3063 3800 3309 3855 curante
3324 3794 3395 3854 P.
3423 3793 3691 3854 Dattaex
3712 3795 3832 3854 orl·

1252 3909 1376 3985 gin.
1405 3909 1471 3965 in
1507 3906 1670 3967 arch.
1701 3907 1970 3980 Taurin.‚
2000 3904 2143 3964 fasc.
2175 3905 2235 3976 1,
2269 3912 2335 3962 n⁰
2366 3911 2429 3963 11
2456 3920 2474 3980 ;
2504 3900 2664 3979 quod
2698 3901 2892 3960 denuo
2919 3900 3308 3961 transcribere
3333 3915 3830 3976 supervacaneum

1252 4013 1564 4081 duximus,
1596 4028 1734 4071 cum
1771 4011 2143 4088 privilegium
2171 4008 2434 4085 ejusdem
2466 4009 2685 4066 tenoris
2711 4023 2782 4066 ac
2815 4008 2879 4065 in
2911 4006 3293 4083 praecedente
3326 4005 3681 4065 documento
3718 4006 3828 4076 sit,
3880 3998 3889 4008 '

1251 4117 1603 4196 quibusdam
1628 4123 1862 4177 tanturn
1890 4110 2277 4192 mutatisque
2304 4119 2446 4174 sunt
2467 4115 2599 4187 ita.)
3753 4119 3764 4130 ·

1111 4307 1188 4375 In
1238 4304 1517 4376 nomine
1578 4315 1816 4375 sancte
1866 4312 1937 4374 et
1977 4301 2337 4375 individue
2387 4298 2773 4415 Trinitatis,
2807 4297 3215 4370 Fredericus
3257 4293 3640 4386 secundus,
3694 4304 3829 4392 etc.

1012 4429 1482 4500 Romanorum
1550 4426 1881 4521 principis
1957 4426 2319 4499 dexteram
2345 4476 2365 4514 ,
2440 4433 2551 4495 etc
2559 4472 3062 4494 .......
3126 4419 3199 4490 in
3240 4428 3446 4490 antea
3493 4416 3830 4510 gratiora,

1011 4551 1316 4623 Montem
1356 4549 1697 4621 Galerium
1718 4602 1738 4638 ,
1782 4559 2066 4644 pontem
2117 4549 2335 4645 ipsius
2378 4546 2591 4639 [cum]
2638 4544 3020 4618 munitione
3061 4553 3134 4616 et
3177 4553 3366 4615 turre
3407 4540 3721 4634 ejusdem
3767 4549 3840 4612 et

1004 4785 1018 4796 .
1100 4737 1183 4818 (a)
1230 4740 1301 4798 In
1329 4739 1617 4816 impresso
1638 4736 2057 4837 ‘qutiniamm
2082 4738 2212 4798 sine
2232 4735 2417 4798 dublo
2442 4752 2520 4797 ex
2546 4736 2926 4797 amanuensls
2945 4735 3277 4796 oscitantia.
