4525 6031
615 628 820 688 Iunior.
851 626 946 705 5.]
1506 621 1903 685 HISTORIA
1953 619 2551 686 DIPLOMATICA.
3321 622 3444 685 565

721 1184 1148 1272 Fridericus
1164 1247 1188 1293 ,
1234 1185 1760 1270 Romanorum
1802 1185 2250 1294 imperator,
2295 1185 2801 1270 Viterbienses
2854 1189 2954 1270 ad
3003 1174 3444 1271 fidelitatem

618 1341 841 1400 suam
875 1321 1279 1403 redeuntes
1316 1318 1395 1399 in
1436 1319 1682 1429 gratia
1719 1344 1859 1400 sua
1893 1318 2196 1427 recipit,
2236 1318 2494 1402 banna
2530 1318 2641 1402 eis
2680 1320 3009 1429 relaxat,
3050 1320 3447 1430 bonosque

616 1473 806 1533 usus
840 1459 916 1533 et
949 1451 1536 1536 consuetudines
1571 1449 2002 1534 confirmat.

781 1673 1049 1755 (Edlder.
1076 1677 1281 1751 Bussr,
1309 1675 1512 1738 Stoi-ia
1538 1674 1603 1737 dn·
1640 1673 1889 1751 viterbo,
1912 1676 2193 1755 append„
2214 1694 2277 1755 p.
2298 1686 2440 1740 407.
2462 1710 2544 1723 -
2564 1677 2746 1751 Lm,
2777 1678 3031 1740 Sanctae
3053 1675 3247 1740 eccles.
3274 1676 3438 1741 Flor.

854 1781 1150 1863 Monam„
1180 1790 1230 1847 t.
1254 1786 1307 1858 1,
1326 1802 1389 1862 p.
1413 1792 1553 1845 ⁴88.
1576 1783 1848 1844 —Bmu
1863 1790 1927 1844 et
1942 1783 2185 1858 Cmcr,
2204 1780 2505 1863 Suppkm.
2525 1782 2746 1846 discor.
2780 1784 2971 1864 Tota,
2992 1796 3037 1846 t.
3058 1786 3200 1860 ΧΠ,
3221 1803 3284 1863 p.
3311 1785 3441 1865 49.)

715 1982 794 2052 In
840 1982 1122 2055 nomine
1168 1992 1408 2055 sancte
1450 1993 1523 2056 et
1564 1981 1926 2054 individue
1965 1981 2340 2055 Trinitatis.
2382 1982 2772 2055 Fridericus
2818 1981 3170 2056 secundus
3210 1982 3450 2056 divina

616 2104 896 2177 favente
934 2106 1304 2179 clementia
1341 2108 1812 2178 Romanorum
1852 2105 2229 2202 imperator
2270 2128 2547 2201 semper
2568 2117 2932 2199 augustus,
2964 2108 3346 2180 Jerusalem
3379 2118 3451 2180 et

620 2227 848 2300 Sicilie
889 2251 1047 2301 rex.
1081 2230 1400 2302 Preclara
1440 2228 1659 2301 virtus
1701 2228 1774 2299 in
1814 2228 2130 2324 principe
2173 2230 2539 2302 consuevit
2576 2252 2854 2325 semper
2892 2252 3044 2303 esse
3084 2231 3450 2303 clementia

616 2352 818 2444 cujus
844 2351 1174 2425 instantia
1201 2352 1259 2423 si
1290 2352 1527 2425 divina
1554 2351 1867 2446 potentia
1880 2350 2604 2445 vincitur-,majoribus
2630 2353 2967 2425 celebrari
2991 2354 3247 2425 debeat
3267 2355 3453 2427 victa

620 2474 968 2568 preconiis
993 2496 1205 2567 quam
1237 2474 1296 2545 si
1324 2473 1584 2547 victrix
1614 2495 1966 2545 armorum
2000 2472 2396 2545 discrimine
2436 2474 2918 2569 triumpharet.
2956 2477 3136 2546 Sane
3175 2474 3311 2547 hoc
3345 2485 3452 2549 est

620 2597 826 2689 utile,
881 2598 1017 2670 hoc
1065 2599 1268 2670 civile
1330 2597 1516 2691 regis
1567 2597 1998 2692 prepotentis
2050 2597 2423 2693 imperium
2471 2606 2554 2668 ut
2598 2598 2849 2672 noxios
2902 2597 3216 2670 subditos
3273 2621 3450 2692 quos

618 2730 849 2816 potest
878 2722 1173 2795 dextera
1191 2722 1456 2794 viribus
1487 2723 1662 2792 fulta
1694 2730 2088 2811 conterere,
2104 2742 2230 2816 per
2247 2720 2454 2793 venie
2480 2721 2777 2813 gratiam
2801 2720 3129 2813 dignetur
3154 2721 3249 2793 ad
3273 2722 3452 2813 regi-

621 2866 783 2916 men
811 2846 919 2917 sui
951 2846 1273 2917 culminis
1300 2866 1654 2918 revocare.
1690 2845 1835 2917 Hec
1865 2854 2096 2916 tamen
2126 2844 2495 2915 clementia
2535 2843 2672 2914 illis
2703 2843 2918 2916 debet
2950 2865 3099 2915 esse
3141 2845 3446 2917 clemen·

623 2970 757 3044 tior
781 2971 902 3064 qui
936 2992 980 3044 a
1015 2970 1302 3045 dominii
1334 2970 1552 3044 nostri
1582 2969 1720 3043 fide
1748 2991 2132 3066 paucorum
2165 2967 2458 3065 perfidia
2489 2968 2721 3060 divisi,
2741 2989 2951 3063 quam
2973 2969 3272 3065 primum
3294 2991 3452 3065 pos-

623 3104 784 3167 sunt
798 3096 1047 3187 jugum
1075 3095 1310 3167 illicite
1334 3093 1695 3190 potestatis
1722 3103 2084 3184 excutere,
2108 3094 2199 3166 ad
2223 3095 2540 3165 naturale
2565 3092 2947 3166 dominium
2976 3103 3444 3167 revertuntur.

621 3222 753 3294 Per
776 3243 1064 3316 presens
1095 3222 1332 3314 itaque
1369 3220 1807 3315 privilegium
1841 3228 1982 3290 tam
2015 3240 2302 3313 presens
2332 3229 2482 3291 etas
2507 3219 2785 3292 noverit
2806 3241 3017 3312 quam
3049 3241 3453 3294 successura

622 3344 990 3437 posteritas
1033 3344 1225 3437 quod
1266 3364 1635 3416 commune
1667 3343 1957 3415 Viterbii
1998 3341 2242 3415 fideles
2275 3343 2494 3415 nostri
2525 3341 2647 3436 qui
2680 3342 3147 3435 quorumdam
3180 3342 3270 3413 de
3301 3342 3451 3438 ipsa

621 3466 904 3539 civitate
934 3467 1223 3539 Viterbii
1254 3477 1589 3562 operante
1626 3465 1964 3558 nequitia,
1997 3487 2140 3537 non
2177 3475 2410 3537 tamen
2450 3465 2868 3555 voluntarii,
2904 3465 3031 3538 sed
3075 3466 3295 3557 ignari
3337 3467 3450 3538 vel

622 3590 855 3685 pravis
884 3589 1155 3662 seducti
1186 3590 1490 3663 consiliis
1520 3613 1563 3662 a
1596 3587 1736 3663 fide
1766 3591 1987 3663 nostri
2017 3590 2318 3662 nominis
2349 3590 2724 3685 aliquando
2768 3588 3081 3662 deviasse
3121 3589 3453 3662 videban-

626 3724 766 3805 tur,
800 3715 892 3785 ab
936 3714 1190 3787 erroris
1232 3714 1503 3785 tramite
1543 3713 1951 3786 recedentes
1991 3722 2063 3785 et
2104 3713 2198 3786 ad
2237 3723 2426 3785 recta
2469 3713 2680 3786 corda
2722 3712 3039 3784 conversi
3083 3713 3337 3785 nostris
3376 3735 3449 3787 se

623 3836 970 3909 dederunt
999 3837 1455 3932 beneplacitis
1496 3847 1567 3908 et
1607 3837 1979 3930 preceptiS,
2014 3836 2268 3929 fugatis
2306 3847 2377 3909 et
2410 3836 2502 3906 ab
2546 3857 2788 3907 eorum
2820 3835 3309 3906 communione
3342 3859 3452 3907 re·

624 3961 842 4055 pulsis
873 3960 1007 4032 hiis
1037 3961 1160 4053 qui
1194 3981 1476 4031 causam
1525 3958 2088 4051 transgressionis
2120 3958 2384 4031 eisdem
2417 3957 2854 4029 suasionibus
2886 3957 3155 4029 callidis
3189 3958 3448 4029 tribue-

623 4093 815 4169 runt,
843 4083 1029 4176 ipsos
1060 4083 1130 4154 in
1161 4082 1703 4153 destructionem
1730 4083 2074 4155 bonorum
2104 4089 2175 4152 et
2202 4082 2409 4176 plene
2436 4079 2909 4151 subversionis
2927 4080 3270 4170 judicium
3296 4102 3452 4174 per·

624 4214 1021 4298 sequentes.
1061 4206 1205 4276 Nos
1254 4204 1790 4276 viterbiensium
1836 4204 2241 4278 eorumdem
2295 4204 2447 4275 zelo
2496 4200 2661 4275 fidei
2721 4201 3091 4294 diligenter
3141 4212 3442 4295 attento,

623 4328 913 4421 antique
945 4328 1336 4400 devotionis
1378 4328 1587 4400 etiam
1629 4349 1771 4401 non
1813 4328 2253 4400 immemores
2295 4326 2672 4398 existentes
2703 4347 2915 4419 quam
2945 4325 3039 4398 ad
3069 4327 3450 4419 majestatis

625 4463 861 4525 nostre
891 4473 1264 4548 personam
1306 4462 1378 4524 et
1406 4474 1682 4524 sacrum
1711 4452 2080 4547 imperium
2111 4451 2372 4524 diutius
2407 4450 2730 4523 habuisse
2777 4460 3160 4523 noscuntur
3192 4451 3264 4521 in
3312 4452 3448 4524 tui·

631 4575 816 4648 tione
861 4576 1080 4649 nostri
1113 4576 1431 4648 culminis
1462 4576 1916 4671 respirantes,
1953 4575 2284 4671 precipue
2315 4584 2558 4648 contra
2589 4596 2710 4647 eos
2740 4574 2860 4667 qui
2894 4595 3136 4646 eorum
3168 4576 3449 4667 sangui·

631 4718 788 4772 nem
821 4699 1131 4772 sitientes
1160 4699 1255 4771 ad
1284 4697 1566 4772 finalem
1592 4699 1902 4796 aspirant
1930 4699 2286 4773 interitum
2318 4699 2723 4771 eorumdem
2744 4750 2766 4790 ,
2801 4707 3045 4772 contra
3082 4719 3259 4791 quos
3302 4700 3453 4772 sola

790 4821 898 4884 v1.
939 4837 1045 4882 rm
1069 4839 1114 4881 π.
3052 4831 3127 4883 72

3522 1192 3832 1289 dam.

3567 1298 3757 1342 Parma

3576 1328 3787 1406 augustei
