4525 6031
715 686 918 747 bium.
947 682 1043 763 8.]
1617 677 2013 747 HISTORIA
2060 682 2658 750 mnostrum.
3429 684 3551 746 755

2426 946 3116 966 c—-fi———s-—n-——o-ffl

817 1194 1284 1283 Mutinenses
1353 1199 1690 1284 inierunt
1746 1201 2017 1284 foedus
2080 1226 2258 1285 cum
2320 1201 2922 1285 Bononiensibus
2983 1211 3059 1283 et
3117 1200 3554 1284 habuerunt
3614 1217 3664 1261 ¹⁸
3700 1216 3963 1262 demm-

714 1329 910 1414 duas
944 1341 1348 1441 potestates
1394 1342 1468 1416 et
1522 1345 2157 1442 recuperaverunt
2191 1358 2460 1418 omnes
2506 1352 2687 1418 suos
2738 1334 3111 1443 captivos,
3160 1342 3238 1417 et
3289 1350 3550 1444 regem

713 1461 795 1545 in
828 1463 1150 1548 vinculis
1186 1464 1668 1548 dimiserunt.
1712 1470 2017 1550 Memor.
2044 1480 2209 1577 pot.
2252 1466 2506 1577 Reqin.
2553 1494 2676 1577 ap.
2709 1464 3123 1573 Manuos„
3164 1467 3540 1577 scriptor.

714 1608 774 1679 t.
817 1595 1012 1702 VIII,
1051 1624 1132 1707 p.
1185 1600 1418 1680 1117.
1457 1594 1898 1682 -Interea
1934 1594 2394 1683 Mutinenses
2433 1600 2723 1712 absque
2757 1622 2937 1710 rege
2972 1596 3206 1682 Encio
3235 1600 3310 1682 et
3347 1599 3545 1683 Cre-

713 1738 1210 1844 monensibus
1253 1740 1387 1848 qui
1442 1740 1644 1848 capti
1699 1753 1918 1822 erant
1970 1766 2238 1823 eorum
2297 1741 2636 1836 servitio,
2706 1767 2883 1823 cum
2938 1736 3547 1825 Bononiensibus

712 1872 913 1980 pacti
950 1870 1263 1955 fuerunt
1297 1870 1451 1982 (1).
1498 1871 1844 1956 chronic.
1890 1876 1981 1954 de
2024 1874 2181 1956 reb.
2211 1874 2298 1955 in
2335 1876 2506 1955 Ital.
2548 1870 2801 1982 qestiS,
2836 1900 2914 1982 p.
2957 1868 3144 1955 221.

817 2396 1284 2504 Fridericus,
1333 2398 1853 2481 Romanorum
1907 2398 2347 2505 imperator,
2405 2397 2754 2480 Conrado
2806 2396 2964 2480 filio
3026 2421 3167 2479 suo
3238 2395 3540 2479 nuntiat
3659 2412 3884 2516 4333,

711 2529 1104 2613 victoriam
1166 2529 1247 2610 in
1295 2530 1632 2612 marchia
1677 2530 2152 2614 Anconitana
2212 2530 2312 2611 de
2360 2530 2581 2614 Petro
2638 2529 3003 2637 Capoccio
3064 2527 3540 2637 Apostolicae

713 2660 929 2746 Sedis
962 2662 1215 2771 legato
1249 2672 1326 2745 et
1357 2662 1811 2771 sequacibus
1845 2660 2012 2772 ejus
2049 2689 2097 2745 a
2127 2664 2288 2745 suis
2322 2672 2817 2771 reportatam,
2851 2686 3173 2744 monens
3200 2659 3537 2745 civitates

711 2792 944 2904 hujus
979 2794 1313 2904 regionis
1350 2796 1448 2876 ad
1487 2820 1715 2877 suum
1751 2795 2178 2878 dominium
2217 2820 2398 2877 mox
2431 2795 2835 2877 redituras.

873 2995 1120 3076 (Inedit.
1145 3013 1222 3058 ex
1249 2996 1383 3059 cod.
1409 2996 1564 3059 Bibl.
1594 2996 1789 3058 Cesar.
1822 2995 2080 3059 vindob.
2105 2991 2438 3079 Philoloqus
2464 2994 2648 3075 dicto,
2672 3004 2738 3056 n⁰
2762 3003 2903 3075 305,
2932 2992 3038 3057 fol.
3076 3001 3187 3056 159
3214 2991 3423 3072 recto.)

806 3164 1246 3257 FredericuS,
1284 3174 1453 3254 etc„
1504 3165 1825 3237 Cunrado
1856 3173 2023 3235 nato
2064 3187 2191 3237 suo
2215 3217 2234 3254 ,
2274 3174 2409 3236 etc.
2452 3164 2627 3248 Quia
2659 3173 2947 3260 paterna
2980 3161 3082 3260 (a)
3113 3162 3533 3259 prosperitas

668 3434 678 3443 ·
795 3352 876 3431 (a)
920 3354 1057 3416 Vox
1084 3355 1238 3415 male
1264 3363 1510 3416 exarata
1536 3355 1648 3416 sub
1673 3355 1784 3416 hac
1810 3355 2001 3415 forma
2017 3360 2253 3434 patras.
2282 3354 2535 3453 Restitui
2559 3372 2800 3433 quoque
2827 3361 3025 3434 posset
3039 3358 3259 3436 patris.

712 3616 881 3688 ⁴250,
919 3618 979 3671 44
1015 3615 1098 3689 (Ἰ)
1126 3616 1247 3673 idus
1274 3616 1563 3689 februarii,
1593 3618 1869 3675 Anconae.
1897 3619 2001 3675 Pro
2025 3616 2335 3674 hominibus
2357 3617 2553 3675 Montis
2579 3618 2784 3676 Cosari.

743 3742 817 3755 —
923 3714 958 3768 6
980 3728 1152 3770 nonas
1176 3714 1306 3771 maii
1335 3714 1389 3787 (2
1418 3715 1595 3787 maii),
1621 3714 1791 3772 Callii.
1819 3716 1921 3773 Pro
1947 3715 2257 3773 hominibus
2278 3714 2427 3773 Callii
2450 3715 2657 3790 (Cagli).

743 3837 818 3852 —
927 3812 997 3867 45
1023 3808 1272 3867 calendas
1289 3810 1427 3883 junii
1452 3811 1542 3884 (48
1570 3811 1738 3885 maii),
1764 3811 1992 3885 Cinguli,
2023 3813 2127 3870 Pro
2150 3813 2462 3870 hominibus
2488 3812 2687 3871 Montis
2711 3812 2873 3872 Uimi.

741 3935 817 3951 —
919 3907 957 3963 '7
981 3906 1330 3979 septembris,
1355 3907 1644 3965 Camerini.
1672 3909 1775 3966 Pro
1799 3908 2110 3967 hominibus
2133 3910 2314 3967 Sancti
2340 3910 2567 3968 Ginesii.

778 4029 856 4104 (4)
889 4029 1006 4088 Hoc
1030 4029 1261 4088 foederis
1280 4036 1500 4104 pactum
1522 4031 1612 4088 die
1641 4032 1889 4089 mercurii
1913 4032 2100 4106 quinto
2123 4032 2329 4090 decimo
2351 4030 2653 4089 decembris
2674 4033 2834 4100 4249,
2868 4029 3157 4087 indictione
3180 4029 3305 4097 vn,
3335 4030 3529 4087 initum

709 4127 977 4202 reperitur
1006 4144 1097 4203 ap.
1127 4129 1494 4200 Tmnoscm,
1524 4130 1755 4187 mmor.
1792 4128 2033 4201 Medon„
2061 4135 2106 4187 t.
2130 4130 2197 4199 V,
2224 4128 2348 4186 cod.
2378 4128 2621 4200 diplom„
2650 4145 2709 4201 p.
2737 4133 2836 4197 33,
2864 4127 3007 4185 unde
3033 4127 3209 4184 locum
3236 4128 3331 4200 qui
3363 4142 3523 4198 prae-

707 4225 867 4299 cipue
890 4224 959 4283 ad
985 4241 1101 4282 rem
1129 4233 1362 4283 nostram
1387 4226 1574 4283 attinet
1600 4225 1959 4297 extrahimus,
1989 4226 2094 4283 sub
2121 4225 2207 4283 his
2232 4225 2414 4282 verbis
2444 4241 2458 4280 ε
2483 4244 2510 4278 α
2532 4225 2667 4281 Item
2692 4224 2740 4281 si
2766 4224 3014 4281 dominus
3037 4223 3325 4281 Federicus
3354 4223 3529 4297 depo-

706 4322 842 4380 situs
868 4320 955 4379 vel
982 4321 1231 4378 dominus
1261 4321 1497 4378 marchio
1524 4322 1722 4379 Lancia
1752 4323 1836 4378 vel
1873 4321 2121 4379 dominus
2148 4322 2364 4378 Icilinus
2391 4321 2460 4377 de
2492 4321 2734 4377 Romano
2761 4320 2847 4376 vel
2874 4318 3073 4391 aliquis
3108 4319 3248 4377 alius
3273 4319 3342 4376 de
3373 4325 3527 4392 parte

708 4418 835 4477 dicti
864 4417 1065 4476 domini
1098 4417 1336 4475 Foderici
1362 4418 1445 4476 vel
1474 4418 1862 4476 Cremonenses
1894 4419 1979 4478 vel
2004 4419 2294 4492 Papienses
2337 4418 2392 4474 in
2424 4422 2593 4474 totum
2636 4416 2722 4473 vel
2758 4432 2858 4490 pro
2899 4421 3053 4490 parte
3093 4416 3337 4472 venirent
3377 4415 3524 4489 apud

708 4515 932 4587 Regium
954 4515 1043 4570 vel
1071 4515 1437 4589 episcopatum
1455 4514 1722 4588 Reginum
1747 4514 1834 4572 vel
1861 4516 1917 4572 in
1945 4515 2308 4590 episcopatum
2335 4514 2696 4571 Mutinensem
2720 4513 2806 4570 vel
2828 4513 2883 4568 in
2907 4512 3069 4572 alium
3095 4511 3293 4581 locum,
3321 4510 3392 4569 de
3417 4528 3526 4587 quo

707 4611 1047 4669 dubitaretur
1072 4619 1136 4668 ut
1160 4612 1404 4669 venirent
1426 4627 1525 4685 pro
1552 4611 1769 4669 civitate
1791 4611 1993 4669 Mutine
2026 4613 2394 4684 recuperanda
2417 4611 2506 4670 vel
2531 4611 2874 4686 ingredienda
2889 4654 2905 4680 ,
2941 4609 3028 4666 ille
3055 4623 3313 4667 numerus
3339 4608 3525 4667 homi-

708 4725 842 4766 num
864 4709 1100 4767 Mutinae
1123 4708 1194 4766 de
1220 4724 1328 4782 quo
1359 4708 1628 4765 videbitur
1661 4707 1878 4765 domino
1904 4708 2161 4766 cardinali
2191 4708 2486 4766 Octaviano
2528 4750 2541 4765 .
2568 4748 2584 4765 .
2608 4749 2623 4765 .
2663 4713 2913 4766 teneatur
2938 4706 3121 4764 venire
3155 4705 3225 4763 ad
3251 4705 3521 4764 civitatem

706 4805 980 4865 Bononiae
1003 4805 1090 4864 vel
1117 4806 1440 4880 districtum,
1470 4806 1723 4880 expensis
1741 4805 2041 4865 communis
2065 4807 2325 4878 Mutinae,
2354 4814 2459 4864 etc.
2486 4825 2513 4860 υ
