4525 6031
1018 580 1140 643 822
2062 581 2429 645 commun
2476 580 2780 657 QUARTI
3445 579 3611 659 [Anu.
3648 580 3823 643 1241.

1020 706 1469 789 monialium
1522 706 2034 790 Cisterciensis
2076 709 2368 791 ordinis
2418 711 2622 818 apud
2672 707 2951 790 Baindt
2986 732 3032 788 a
3081 705 3428 788 Conrado
3470 707 3828 815 pincerna

1017 839 1114 924 de
1147 839 1712 922 Winterstetten
1751 839 2090 949 ejusdem
2138 840 2538 925 fundatore
2571 866 2967 924 concessas
3003 839 3439 946 confirmat,
3480 839 3830 949 idemque

1017 983 1092 1055 et
1126 972 1434 1081 praedia
1471 972 1636 1081 ejus
1671 971 1769 1054 ab
1794 972 2000 1054 omni
2041 972 2215 1082 jure
2252 974 2684 1057 advocatiae
2718 972 3005 1055 eximit.

1181 1186 1477 1264 (Extract.
1493 1191 1687 1263 potius
1705 1204 1884 1264 quam
1906 1188 2130 1248 editum
2149 1190 2209 1247 ln
2228 1185 2464 1269 Beilaqe
2489 1205 2625 1247 zum
2647 1184 2856 1246 Archiv
2866 1184 2985 1266 fin·
3002 1182 3212 1246 [funde
3233 1190 3437 1245 δεεστ.
3466 1182 3690 1264 Gen-lt„
3713 1186 3829 1247 No-

1257 1300 1593 1374 tlzenblatt,
1639 1311 1705 1358 n⁰
1746 1309 1847 1375 20,
1893 1309 2070 1379 1851,
2107 1320 2167 1377 p.
2218 1310 2364 1375 306,
2404 1318 2478 1361 ex
2516 1309 2887 1379 transumpto
2926 1302 3070 1360 anni
3112 1309 3283 1361 1727.
3327 1301 3630 1378 Integrum
3672 1317 3830 1361 nunc

1254 1406 1483 1466 edimus
1513 1423 1586 1465 ex
1616 1405 1889 1482 originali
1915 1406 2072 1482 apud
2093 1407 2332 1482 Baindt,
2364 1410 2535 1484 cujus
2560 1408 2788 1482 coptam
2816 1406 3127 1468 nobiscum
3154 1406 3470 1467 liberaliter
3501 1407 3828 1466 communi·

1257 1513 1416 1570 cavit
1441 1512 1532 1568 vir
1559 1510 1823 1569 eruditus
1849 1508 2147 1588 Kausler.)

1114 1697 1469 1771 Conradus
1512 1697 1657 1769 divi
1686 1696 1962 1789 augusti
1995 1697 2428 1791 imperatoris
2458 1698 2783 1770 Friderici
2822 1698 3004 1771 filius
3028 1752 3049 1788 ,
3088 1698 3212 1769 Dei
3245 1697 3466 1790 gratia
3496 1699 3832 1770 Romano·

1019 1845 1172 1893 rum
1207 1822 1280 1891 in
1310 1842 1547 1911 regem
1571 1821 1832 1892 electus
1859 1842 2133 1914 semper
2160 1833 2497 1912 augustus
2522 1832 2593 1893 et
2614 1821 2816 1893 heres
2848 1823 3043 1914 regni
3061 1821 3466 1910 Jerusalem,
3492 1820 3832 1892 universis

1015 1945 1287 2039 imperii
1347 1943 1668 2015 fidelibus
1714 1965 1997 2039 presens
2054 1944 2381 2039 scriptum
2443 1945 2872 2017 intuentibus
2919 1947 3211 2038 gratiam
3266 1968 3460 2017 suam
3514 1953 3585 2015 et
3627 1964 3831 2015 omne

1016 2068 1304 2141 bonum.
1356 2069 1566 2160 Regia
1599 2068 1985 2139 sublimitas
2036 2078 2199 2139 tunc
2248 2068 2620 2163 praecipue
2667 2069 2772 2139 sui
2820 2069 3118 2140 nominis
3166 2069 3399 2140 titulos
3443 2069 3729 2163 ampliat
3765 2077 3834 2139 et

1020 2193 1319 2281 extollit,
1355 2214 1512 2262 cum
1547 2191 1616 2260 in
1640 2191 1897 2262 virtute
1918 2191 2044 2262 Dei
2077 2212 2203 2285 per
2233 2213 2440 2284 quem
2479 2192 2846 2264 sublimata
2879 2202 2986 2263 est
3020 2213 3351 2288 personas
3378 2191 3732 2283 religiosas
3766 2200 3836 2262 et

1019 2316 1173 2387 loca
1218 2315 1454 2387 divino
1495 2315 1711 2386 cultui
1757 2315 2146 2410 mancipata
2185 2315 2301 2410 pia
2352 2317 2602 2387 mentis
2634 2316 2994 2388 affectione
3030 2316 3330 2413 protegit
3373 2337 3455 2387 ac
3501 2325 3733 2386 tuetur
3765 2327 3836 2386 et

1021 2459 1262 2511 eorum
1337 2438 1538 2530 justis
1601 2439 2049 2533 petitionibus
2099 2461 2172 2510 se
2224 2440 2533 2511 inclinat.
2594 2439 3032 2535 Quapropter
3114 2439 3544 2511 universitati
3602 2448 3831 2509 vestre

1018 2563 1306 2655 dignum
1338 2562 1668 2634 duximus
1698 2562 2197 2635 declarandum
2235 2562 2426 2655 quod
2458 2585 2615 2633 cum
2649 2563 3004 2636 Conradus
3036 2564 3365 2657 pincerna
3412 2563 3500 2634 de
3527 2563 3827 2634 Winter-

1018 2696 1269 2775 steten,
1304 2685 1655 2757 familiaris
1683 2696 1752 2757 et
1784 2684 2006 2756 fidelis
2039 2694 2303 2774 noster,
2337 2686 2425 2757 ad
2460 2686 2705 2758 laudes
2734 2687 2857 2757 Dei
2886 2686 3027 2757 vivi
3051 2688 3182 2757 sub
3210 2688 3402 2757 cultu
3418 2696 3483 2756 et
3502 2685 3829 2777 religione

1016 2809 1483 2883 Cisterciensis
1532 2808 1791 2879 ordinis
1835 2809 2211 2879 claustrum
2264 2808 2664 2880 monialium
2723 2810 2794 2879 in
2848 2809 3063 2881 fundo
3114 2810 3552 2903 proprietatis
3595 2830 3718 2879 sue
3760 2808 3829 2878 in

1018 2934 1185 3005 villa
1212 2932 1481 3003 Biunde
1502 2985 1521 3022 ,
1565 2930 1653 3002 de
1688 2930 1948 3002 domini
1982 2941 2053 3002 et
2096 2931 2308 3026 patris
2337 2932 2551 3003 nostri
2587 2932 2910 3005 Friderici
2943 2933 3085 3004 divi
3112 2933 3578 3004 Romanorum
3612 2933 3829 3028 impe·

1018 3059 1262 3128 ratoris
1296 3055 1586 3129 secundi
1622 3055 1992 3127 donatione
2023 3065 2093 3126 et
2124 3077 2493 3146 consensu,
2527 3057 2704 3128 sicut
2734 3057 2806 3127 in
2849 3059 2998 3148 ejus
3034 3056 3279 3128 litteris
3308 3058 3575 3151 plenius
3614 3056 3830 3129 conti·

1016 3192 1249 3269 netur,
1290 3190 1361 3250 et
1396 3201 1489 3249 ex
1519 3190 1755 3249 nostra
1788 3179 2063 3250 licentia
2101 3179 2394 3250 feliciter
2425 3180 2791 3267 erexisset,
2828 3181 3072 3275 petivit
3104 3203 3146 3252 a
3172 3181 3371 3252 nobis
3401 3190 3480 3251 ut
3510 3181 3830 3252 eumdem

1016 3303 1246 3373 locum
1280 3302 1734 3396 personaliter
1768 3300 2142 3372 adiremus.
2188 3301 2341 3385 Quo
2388 3302 2555 3373 dum
2592 3325 2902 3375 essemus
2943 3304 3014 3375 in
3062 3305 3247 3395 loco,
3286 3305 3470 3376 idem
3508 3304 3831 3398 pincerna

1013 3434 1434 3519 protestatus
1487 3424 1616 3494 fuit
1679 3425 2030 3516 quomodo
2073 3425 2256 3496 idem
2315 3428 2688 3498 claustrum
2740 3429 3097 3500 constituit
3143 3430 3437 3500 liberum
3483 3439 3623 3499 tam
3668 3449 3711 3499 a
3758 3448 3830 3499 se

1012 3570 1220 3642 quam
1255 3548 1343 3619 ab
1381 3548 1571 3619 omni
1608 3569 1733 3617 sua
1768 3548 2164 3641 posteritate
2190 3603 2209 3639 ,
2259 3572 2392 3621 nec
2429 3551 2497 3620 in
2539 3552 2785 3623 eodem
2826 3552 3003 3645 juris
3044 3553 3177 3624 sibi
3219 3553 3578 3648 quippiam
3611 3573 3829 3622 reser-

1010 3670 1242 3758 vavit,
1306 3669 1484 3740 sicut
1543 3677 1733 3764 patet
1785 3680 2021 3763 aperte
2076 3693 2199 3765 per
2255 3674 2406 3763 ejus
2449 3672 2890 3767 privilegium
2930 3696 3069 3767 quo
3114 3674 3412 3746 munivit
3462 3674 3828 3746 cenobium

1009 3794 1445 3889 prelibatum.
1476 3793 1903 3887 Supplicavit
1928 3805 2159 3865 autem
2184 3795 2385 3866 nobis
2414 3795 2765 3868 humiliter
2789 3807 2858 3868 et
2884 3798 3137 3869 devote
3165 3808 3244 3868 ut
3267 3797 3450 3868 idem
3480 3806 3827 3867 monaste-

1009 3920 1190 3990 rium
1240 3926 1671 4012 assumptum
1712 3917 1844 3988 sub
1891 3928 2127 3989 nostre
2174 3927 2245 3989 et
2279 3918 2548 4013 imperii
2587 3920 3013 3991 defensionis
3065 3920 3443 4015 presidium
3482 3920 3780 4014 speciale
3804 3971 3824 4009 ,

1009 4054 1419 4134 sanctasque
1449 4040 1574 4111 Dei
1602 4042 1894 4111 famulas
1923 4041 1992 4112 in
2028 4063 2112 4113 eo
2145 4043 2444 4114 Domino
2480 4043 2893 4114 famulantes
2930 4043 3162 4136 aliquo
3196 4043 3533 4114 libertatis
3575 4044 3828 4138 scripto

1008 4167 1341 4261 ampliare
1383 4164 1471 4236 de
1500 4173 1735 4235 nostra
1766 4165 1987 4256 gratia
2020 4165 2489 4259 dignaremur.
2535 4165 2994 4238 Attendentes
3027 4188 3193 4259 ergo
3224 4163 3436 4239 fidem
3465 4188 3709 4261 puram
3755 4167 3827 4238 in

1008 4311 1146 4383 qua
1176 4289 1402 4360 dictus
1438 4287 1767 4381 pincerna
1795 4288 1997 4359 nobis
2029 4298 2100 4360 et
2135 4289 2426 4383 imperio
2455 4310 2731 4384 semper
2755 4289 3027 4362 adhesit
3057 4289 3357 4361 fideliter
3392 4298 3462 4361 et
3497 4299 3828 4362 constan-

1008 4423 1142 4502 ter,
1190 4412 1405 4507 ipsius
1452 4410 1523 4480 in
1564 4410 1693 4480 hac
1737 4420 1934 4505 parte
1982 4412 2074 4483 ad
2111 4411 2447 4483 honorem
2487 4413 2613 4484 Dei
2648 4413 2973 4507 precibus
3007 4412 3458 4484 annuendum
3500 4412 3829 4484 duximus

1009 4539 1246 4609 favore
1285 4536 1535 4629 plen0,
1575 4533 1983 4604 auctoritate
2025 4534 2215 4625 regia
2259 4545 2641 4607 statuentes
2681 4547 2787 4626 ut,
2821 4536 3000 4608 sicut
3026 4535 3199 4608 ordo
3242 4535 3712 4607 Cisterciensis
3736 4535 3828 4607 ab

1011 4658 1300 4733 exordio
1328 4678 1451 4728 sue
1491 4654 1938 4726 institutionis
1969 4656 2178 4727 nullis
2207 4678 2517 4750 unquam
2550 4658 2680 4728 fuit
2706 4659 3054 4731 obnoxius
3079 4658 3472 4751 advocatiS,
3507 4658 3609 4731 sic
3640 4658 3826 4731 idem
