4525 6031
992 627 1115 690 954
1907 618 2159 679 INDEX
2208 613 2906 679 nocutffllv'roltnu.

1017 824 1247 903 1244

1843 947 2086 1007 mandat
2112 952 2181 1006 ut
2206 946 2282 1006 de
2309 951 2568 1006 mercato
2593 944 2671 1004 ab
2700 944 3044 1005 hominihus
3070 946 3247 1004 castri
3274 943 3573 1005 Arcidossi
3609 945 3673 1004 in
3706 943 3837 1006 loco

1843 1044 2134 1105 Malacdia
2171 1046 2445 1103 instituto
2479 1046 2540 1102 in
2584 1042 3008 1119 praejudicium
3049 1043 3290 1101 mercati
3329 1041 3492 1117 quod
3535 1048 3838 1102 monaste-

1844 1143 1998 1201 rium
2044 1141 2245 1202 Sancti
2290 1139 2613 1200 salvatoris
2651 1138 2727 1199 de
2771 1140 2975 1200 Monte
3011 1139 3249 1199 Amiato
3285 1138 3445 1215 apud
3481 1136 3720 1198 Plebem
3760 1138 3836 1199 de

1845 1238 2056 1299 Amole
2082 1239 2410 1315 antiquitus
2434 1237 2646 1313 habet,
2675 1238 3119 1312 inquisitionem
3144 1234 3273 1296 fleri
3301 1236 3501 1296 faciat.
3717 1244 3835 1296 154

1008 1349 1246 1424 januar,
1379 1332 1665 1395 Grosseti.
1766 1367 1844 1380 —
1885 1336 2219 1396 Manneiem
2248 1334 2426 1395 Guidi
2455 1334 2675 1395 Bussae
2701 1334 3020 1394 Senensem
3048 1333 3349 1410 publicum
3377 1333 3609 1409 imperii
3643 1333 3836 1394 tabel-

1844 1432 2058 1492 lionem
2093 1433 2432 1507 constituit,
2474 1437 2536 1492 et
2570 1432 2812 1492 mandat
2847 1437 2918 1492 ut
2951 1446 3155 1492 omnes
3189 1430 3276 1491 illi
3296 1432 3360 1491 in
3393 1429 3507 1490 boc
3533 1429 3732 1491 officio
3758 1430 3834 1491 de

1844 1535 2037 1589 cetero
2064 1529 2394 1589 intendant.
3717 1536 3835 1588 156

1029 1640 1267 1715 januar,
1380 1622 1666 1685 Grosseti.
1766 1657 1847 1672 —
1886 1627 2001 1686 Pro
2030 1626 2148 1686 ilde
2176 1634 2234 1686 et
2259 1625 2572 1685 devotione
2607 1625 3121 1698 Cremonensium,
3152 1630 3343 1685 ratam
3378 1624 3558 1685 babet
3594 1630 3656 1685 et
3688 1640 3832 1685 con-

1843 1724 2041 1788 firmat
2068 1726 2503 1785 concessionem
2529 1729 2721 1782 terrae
2756 1724 3067 1783 Roncaroli
3096 1739 3277 1801 quam
3301 1721 3462 1783 filius
3492 1737 3638 1783 suus
3664 1723 3831 1782 Hen-

1844 1823 2001 1881 ricus
2044 1838 2148 1881 rex
2196 1821 2499 1883 Sardiniae
2540 1822 2769 1896 imperii
2814 1820 3041 1897 legatus
3079 1822 3143 1880 in
3187 1820 3397 1898 Italia,
3443 1818 3667 1880 eisdem
3706 1822 3831 1896 ‚iam

1843 1916 2005 1977 fecit.
3711 1922 3829 1975 909

1009 2022 1266 2101 [januar.
1365 2006 1677 2083 Grosseti.]
1762 2044 1844 2058 —
1884 2016 2083 2075 Novas
2109 2014 2559 2074 constitutiones
2587 2012 2926 2090 promulgat
2951 2011 3025 2073 de
3057 2010 3252 2072 ofsscio
3279 2013 3547 2091 magistri
3566 2013 3829 2089 justitia·

1842 2110 1914 2169 rii
1954 2115 2014 2168 et
2051 2108 2323 2186 judicum
2365 2123 2614 2185 magnae
2656 2108 2886 2185 curiae,
2926 2107 3002 2166 de
3048 2107 3258 2166 litteris
3298 2105 3375 2166 ab
3416 2106 3623 2167 eadem
3666 2108 3833 2167 curia

1843 2207 2258 2284 impetrandis,
2289 2205 2363 2266 de
2393 2206 2868 2282 pronuntiatione
2896 2207 3220 2265 sententiae
3250 2205 3407 2265 infra
3432 2205 3636 2265 decem
3670 2205 3829 2282 dies,

1843 2304 1918 2363 de
1958 2304 2368 2363 emendatione
2393 2303 2841 2379 oppressionum
2868 2308 2930 2362 et
2953 2302 3030 2362 de
3057 2301 3245 2362 forma
3271 2318 3448 2379 super
3472 2302 3683 2363 debitis
3709 2318 3831 2363 cu-

1842 2405 1964 2463 riae
1988 2401 2377 2462 observanda.
3713 2408 3828 2461 156

1009 2505 1267 2569 februar,
1380 2491 1663 2555 Grosseti.
1764 2529 1846 2546 —·
1883 2500 2160 2559 Heinrico
2182 2497 2597 2576 Bambergensi
2621 2499 2807 2559 electo
2833 2502 3079 2576 ejusque
3101 2498 3378 2560 ecclesiae
3400 2498 3552 2558 hanc
3574 2499 3827 2575 gratiam

1363 2586 1370 2595 ’
1843 2596 1922 2656 ab
1947 2598 2195 2672 antiquo
2221 2595 2514 2654 indultam
2544 2594 2855 2656 confirmat
2882 2601 2954 2655 ut
2977 2610 3183 2654 omnes
3211 2594 3676 2672 argentifodinae
3701 2596 3828 2654 sive

1843 2675 2103 2752 decimae
2140 2690 2551 2751 subterraneae
2584 2708 2738 2768 quae
2775 2691 2839 2750 in
2879 2692 3049 2750 terris
3082 2690 3358 2751 ecclesiae
3396 2697 3658 2767 repertae
3691 2690 3824 2750 fue-

1844 2791 1994 2864 rint,
2024 2787 2100 2848 ad
2128 2787 2391 2864 ejusdem
2417 2787 2694 2847 ecclesiae
2718 2787 3031 2846 utilitatem
3061 2786 3297 2847 cedant.
3715 2795 3825 2847 162

1007 2890 1264 2953 februar.
1375 2878 1656 2942 Grosseti.
1765 2915 1841 2929 —
1883 2883 2008 2945 Sub
2048 2898 2158 2942 sua
2200 2888 2260 2940 et
2298 2883 2525 2957 imperii
2563 2882 2924 2957 protectione
2969 2883 3175 2958 recipit
3219 2880 3535 2941 Girardum
3576 2880 3827 2942 Galfridi

1842 2982 1917 3042 de
1946 2981 2118 3041 Prata
2144 2986 2203 3040 et
2228 2985 2526 3041 consortes
2548 2982 2678 3056 ejus
2700 2977 2903 3040 fideles
2929 2994 3093 3052 suos,
3123 2980 3326 3057 eisque
3351 2977 3665 3040 confirmat
3690 2994 3827 3040 cas-

1841 3081 2000 3134 trum
2028 3074 2101 3134 de
2135 3076 2346 3153 Prata,
2374 3080 2588 3146 terras,
2615 3073 3078 3152 argentifodinas
3104 3078 3166 3133 et
3200 3079 3387 3133 terras
3419 3072 3524 3133 ubi
3564 3075 3823 3151 argenti·

1843 3172 2077 3232 fodinae
2100 3176 2264 3232 sunt.
3710 3177 3823 3232 16²

1008 3275 1262 3338 februar.
1374 3267 1658 3330 Grosseti.
1767 3301 1842 3315 -
1881 3268 2232 3329 Hominibus
2258 3268 2437 3328 castri
2471 3267 2691 3328 Montis
2722 3266 3001 3327 Politiani
3040 3265 3385 3328 franchisias
3418 3265 3637 3343 quibus
3668 3271 3824 3329 tem-

1839 3382 1979 3442 pore
2013 3365 2522 3441 praedecessorum
2565 3380 2810 3425 suorum
2850 3367 2938 3426 uti
2983 3370 3415 3425 consueverunt
3438 3365 3739 3441 coneedit,
3763 3373 3827 3427 et

1841 3463 2165 3535 specialiter
2193 3461 2531 3522 facultatem
2558 3463 2948 3541 cognoscendi
2981 3462 3057 3524 de
3078 3461 3379 3523 maleficiis
3408 3463 3473 3521 in
3510 3468 3669 3523 terra
3693 3464 3824 3539 ipsa

1841 3560 2186 3620 commissis.
3708 3568 3821 3621 164

989 3658 1262 3741 [februar.
1362 3651 1670 3732 Grosseti]
1758 3686 1840 3703 —·
1881 3655 2260 3733 Priviiegium
2288 3654 2564 3716 Friderici
2591 3656 2622 3715 1
2649 3656 2750 3716 avi
2775 3656 2871 3716 sni
2895 3654 3104 3716 datum
3147 3655 3385 3734 251ulii
3417 3663 3443 3715 1
3459 3662 3571 3716 185
3598 3654 3819 3717 conflr-

1838 3760 1963 3813 mat
1978 3795 1996 3827 ,
2046 3769 2165 3829 quo
2205 3752 2539 3813 Morianum
2576 3760 2637 3812 et
2680 3753 2794 3813 alia
2822 3754 2950 3813 loca
2974 3751 3052 3812 ad
3089 3754 3489 3829 episcopatum
3513 3752 3821 3813 Lucanum

1837 3852 2184 3927 pertinentia
2211 3848 2324 3910 sub
2352 3852 2712 3925 protectione
2736 3852 2965 3926 imperii
2992 3851 3375 3926 recipiuntur,
3404 3855 3516 3911 etc.
3704 3858 3819 3912 166

1007 3952 1241 4012 murno.
1423 3942 1600 4020 Apud
1759 3978 1841 3993 —
1876 3946 2170 4007 coenobio
2211 3945 2640 4008 Monticellensi
2681 3949 2744 4008 in
2792 3947 3007 4008 Tuscia
3050 3949 3421 4026 privilegium
3467 3947 3748 4010 Friderici
3786 3950 3819 4011 1

1324 4039 1705 4118 Aquampen-
1836 4044 1936 4104 avi
1969 4044 2093 4114 sui,
2133 4042 2343 4102 datum
2377 4041 2709 4103 Florentiae
2742 4052 2800 4103 1·
2824 4046 3061 4121 augusti
3094 4052 3246 4105 118⁵
3272 4050 3333 4105 et
3355 4050 3560 4121 postea
3595 4061 3632 4104 a
3652 4051 3819 4124 patre

1380 4137 1642 4198 dentem.
1836 4156 1946 4201 sno
1972 4140 2226 4201 Henrico
2253 4138 2338 4199 VI
2364 4138 2801 4215 confirmatum,
2829 4142 2957 4217 ipse
2978 4157 3217 4219 quoque
3238 4140 3571 4203 confirmat.
3700 4151 3817 4203 166

1006 4240 1243 4300 martio.
1421 4232 1602 4311 Apud
1755 4271 1836 4283 -
1871 4238 2202 4297 Iohannem
2234 4235 2427 4297 filium
2472 4236 2772 4314 quondam
2809 4236 3166 4299 Bonconsilii
3206 4237 3280 4298 de
3322 4237 3581 4300 Cortona
3618 4239 3816 4316 publi·

1318 4329 1700 4485 Διὲιθιὲἓῗη-
1832 4350 1970 4395 cum
1999 4335 2229 4409 imperii
2259 4332 2634 4393 tabellionem
2665 4335 2991 4394 constituit.
3701 4342 3812 4396 167

1005 4524 1238 4605 [martio
1297 4561 1581 4583 .....
1620 4465 1655 4581 ο.
1706 4561 1724 4580 .
1752 4557 1836 4573 -
1875 4528 2373 4587 wormatiensem
2399 4527 2736 4604 episcopum
2759 4532 2959 4587 monet
2984 4528 3145 4604 quod
3169 4543 3307 4589 cum
3332 4544 3538 4606 pacem
3564 4530 3717 4589 inter
3748 4545 3813 4591 se

984 4617 1264 4704 ineunte]
1833 4630 1893 4683 et
1917 4623 2238 4683 Ecclesiam
2259 4625 2324 4682 in
2350 4625 2619 4699 proximo
2647 4639 3049 4684 successuram
3084 4632 3306 4701 speret,
3343 4628 3568 4686 curiam
3595 4626 3812 4685 solem-

1834 4734 1970 4779 nem
2005 4719 2164 4796 apud
2198 4719 2493 4780 Veronam
2523 4720 2781 4781 indicere
2816 4722 3120 4797 proponit,
3163 4738 3284 4799 quo
3328 4723 3453 4800 ipse
3495 4737 3633 4785 cum
3678 4722 3811 4782 aliis
