4525 6031
1073 650 1201 712 794
2074 651 2508 713 ramulum
2559 650 2907 714 SECUNDI
3515 650 3679 731 [Ans.
3716 649 3892 713 1250.

1072 787 1165 859 ad
1205 787 1426 881 pedes
1458 796 1730 859 nostros
1765 786 2248 877 advenerunt,
2294 787 2838 860 misericordiam
2871 797 2943 859 et
2981 786 3274 880 gratiam
3310 796 3620 858 nostram
3655 788 3898 883 implo-

1075 921 1332 984 rantes,
1378 911 1571 982 Circa
1593 921 1828 982 autem
1856 911 2150 1005 primam
2186 912 2575 1006 praesentis
2610 911 3021 1006 septembris
3043 911 3228 983 diem
3257 911 3629 984 duodecim
3658 912 3898 1004 galeae

1074 1044 1353 1106 nostrae
1386 1055 1560 1126 quas
1588 1034 1679 1106 ad
1711 1035 2008 1106 Saonam
2043 1047 2332 1130 propter
2357 1035 2562 1128 hujus
2595 1036 2726 1108 loci
2753 1035 3139 1108 custodiam
3162 1035 3606 1125 miseramus,
3643 1035 3716 1105 in
3744 1036 3897 1129 qui-

1075 1157 1209 1228 bus
1240 1167 1392 1228 erat
1416 1159 1659 1229 Petrus
1700 1159 2140 1230 exstallerius
2170 1159 2452 1232 Gaietae
2497 1156 2599 1254 (a)
2626 1213 2646 1250 ‚
2689 1158 2914 1230 fidelis
2954 1169 3219 1248 noster,
3260 1157 3566 1229 sedecim
3606 1159 3902 1231 lanuen-

1079 1284 1255 1350 sium
1293 1280 1675 1352 infidelium
1711 1294 2105 1354 nostrorum
2137 1284 2410 1374 navigia
2446 1296 2820 1378 ceperunt,
2862 1294 2932 1352 et
2962 1304 3204 1352 omnes
3230 1284 3348 1374 qui
3386 1284 3454 1352 in
3486 1284 3584 1352 eis
3612 1284 3902 1354 aderant

1079 1426 1315 1476 carcer
1367 1416 1603 1476 noster
1651 1406 1965 1476 includit.
2019 1408 2211 1490 Quae
2265 1408 2494 1478 omnia
2554 1408 2823 1478 sincero
2866 1408 3140 1476 affectui
3186 1406 3564 1496 majestatis
3612 1418 3770 1476 tuae
3812 1406 3902 1478 ad

1079 1532 1371 1620 gratiam
1413 1530 1847 1600 deducimus,
1903 1532 2203 1602 Favente
2247 1544 2479 1601 autem
2518 1532 2780 1600 auxilio
2820 1530 3134 1618 Domini,
3174 1530 3393 1620 magis
3434 1530 3640 1600 etiam
3684 1532 3898 1600 laeta-

1081 1654 1315 1726 bunda
1353 1656 1475 1726 tibi
1514 1676 1681 1726 mox
1715 1656 2131 1745 scribemus,
2169 1656 2257 1726 de
2295 1656 2548 1726 nostris
2592 1656 2904 1724 felicibus
2946 1652 3378 1724 successibus
3406 1652 3896 1744 congaudenti.

685 2142 1017 2250 „pssffiffim
1193 2144 1671 2244 FridericuS,
1765 2142 2281 2220 Romanorum
2370 2138 2820 2244 imperator,
2906 2134 3334 2242 congaudet
3414 2134 3510 2212 de
3594 2132 3904 2214 victoria

1087 2302 1321 2384 quam
1373 2276 1801 2380 ConradUS‚
1865 2272 2386 2354 Romanorum
2452 2298 2622 2370 rex,
2670 2268 2874 2348 filius
2936 2292 3166 2372 quS,
3222 2266 3316 2346 de
3372 2264 3644 2346 comite
3702 2264 3900 2346 Hol-

1089 2410 1387 2492 landiae
1423 2421 1497 2490 et
1533 2408 1699 2516 ejus
1741 2406 2193 2514 sequacibus
2231 2402 2674 2510 reportavit,
2718 2426 2912 2508 quos
2948 2410 3122 2480 ante
3152 2398 3420 2480 faciem
3461 2422 3678 2478 suam
3718 2424 3906 2504 pro—

1087 2544 1403 2652 fugavit.

1251 2758 1496 2832 (lnedit.
1529 2772 1601 2814 ex
1633 2754 1765 2814 cod.
1799 2754 1949 2812 Bibl.
1981 2748 2532 2814 cesanvindobon.
2566 2744 2896 2826 Philoloqus
2928 2746 3200 2822 dict0‚n⁰
3234 2754 3370 2814 305,
3402 2744 3506 2804 fol.
3548 2752 3656 2804 156
3688 2744 3902 2820 verso.)

1187 2943 1625 3028 FredericuS‚
1663 2950 1799 3010 etc.
1837 2940 2045 3008 Grata
2079 2937 2462 3006 litterarum
2512 2946 2782 3004 tuarum
2822 2934 3034 3002 series
3070 2954 3280 3024 quam
3314 2932 3520 3002 valde
3554 2940 3904 3022 gratanter

1091 3069 1505 3163 recepimUS,
1541 3077 1731 3137 tanto
1747 3065 2051 3135 uberiori
2073 3062 2378 3131 animum
2402 3071 2714 3131 nostrum
2736 3058 2990 3149 gaudio
3020 3056 3446 3147 fecundavit,
3470 3069 3660 3127 tanto
3678 3056 3904 3151 copio-

1091 3195 1341 3263 siorem
1367 3193 1559 3261 cordi
1589 3199 1827 3259 nostro
1867 3189 2161 3257 leticiam
2193 3187 2632 3271 ministravit,
2664 3195 2926 3275 quanto
2956 3183 3256 3273 gratiora
3284 3181 3486 3251 nobis
3524 3181 3906 3271 nostrisque

1091 3317 1311 3405 magis
1361 3315 1681 3385 affectata
1725 3311 2083 3381 desideriis
2135 3311 2221 3379 de
2267 3307 2798 3403 triumphalibus
2848 3307 3278 3375 successibus
3322 3305 3456 3373 tuis
3488 3315 3910 3375 nostrorum-

1093 3461 1229 3531 que
1291 3435 1811 3507 conculcatione
1871 3433 2215 3521 hostium‚
2265 3433 2592 3503 videlicet
2640 3431 2908 3501 comitis
2954 3429 3320 3499 Hollandie
3382 3439 3452 3498 et
3512 3427 3908 3519 sequacium

1093 3585 1379 3633 suorum
1425 3583 1599 3653 quos
1643 3569 1801 3627 ante
1847 3558 2089 3627 faciem
2139 3567 2326 3625 tuam
2370 3557 2716 3649 dispersos
2766 3565 2836 3623 ct
2890 3553 3224 3623 contritos
3274 3551 3696 3623 dedecorose
3752 3551 3910 3641 fuge

1097 3685 1391 3757 salvavit
1423 3683 1799 3777 presidium
1839 3681 1971 3775 (l),
2009 3679 2434 3749 continebat.
2472 3679 2610 3749 Nec
2646 3687 2878 3771 posset
2910 3687 3244 3769 augustus
3274 3685 3472 3770 pater
3504 3683 3908 3767 conceptam

1179 3863 1265 3941 (a)
1311 3863 1381 3921 In
1417 3863 1615 3921 codice
1655 3859 1857 3941 Πέτρος
1891 3861 1985 3929 τῆς
2022 3859 2189 3937 λεριος
2221 3859 2316 3925 τῆς
2348 3855 2576 3923 Γαέτας.
2618 3857 2770 3915 Cum
2808 3855 2962 3913 adsit
3010 3857 3070 3911 in
3108 3869 3462 3931 pergamena
3492 3855 3668 3929 juxta
3710 3865 3910 3909 vocem

1096 3971 1263 4053 λεριος
1299 3969 1587 4045 quaedam
1627 3967 1875 4043 plicam,
1923 3963 2203 4023 Wollflus
2245 3979 2476 4021 comma
2526 3963 2752 4019 latitare
2796 3963 3124 4035 suspicatus
3162 3959 3302 4035 legit
3344 3955 3550 4037 Λείριος
3590 3973 3604 4017 :
3646 3955 3804 4033 quod
3840 3953 3910 4013 de

1097 4077 1439 4153 Gai-ignauo
1465 4075 1733 4149 flumine,
1755 4071 2056 4149 quondam
2087 4071 2229 4145 Liri,
2249 4071 2668 4143 interpretatus
2694 4073 2805 4125 est.
2838 4065 3064 4123 Nomen
3096 4083 3234 4123 vero
3274 4065 3576 4139 proprium
3616 4061 3910 4139 quoddam

1103 4197 1255 4251 esse,
1297 4175 1629 4247 Taeter-ius,
1661 4179 1747 4235 vel
1777 4180 1973 4251 potius
1999 4175 2177 4234 offleii
2209 4175 2444 4233 titulum
2484 4167 2878 4239 exstalterius,
2906 4169 3180 4227 libentius
3206 4167 3572 4227 crediderim.

1175 4469 1245 4541 (l)
1283 4469 1473 4539 Agitur
1501 4467 1567 4521 de
1595 4465 1925 4537 expeditione
1959 4479 2119 4535 quam
2145 4469 2328 4519 contra
2360 4463 2688 4517 willelmum,
2714 4461 2782 4517 de
2812 4459 3088 4515 Hollandia
3114 4459 3204 4531 qui
3246 4463 3372 4513 tunc
3406 4457 3552 4529 apud
3590 4455 3914 4527 Maguntiam

1103 4581 1163 4621 se
1187 4567 1451 4620 inclusum
1483 4565 1717 4631 tenebat,
1748 4567 1803 4615 et
1825 4567 2011 4613 contra
2043 4561 2279 4615 fautores
2306 4563 2424 4629 ejus
2452 4559 2520 4613 ad
2552 4559 2710 4613 Dalen
2740 4565 2794 4613 et
2824 4557 2862 4613 F
2868 4555 3094 4611 louheim
3112 4595 3126 4619 ,
3160 4571 3282 4611 cum
3310 4555 3510 4611 auxilio
3534 4553 3908 4609 wormacien-

1103 4663 1243 4719 sium
1281 4679 1375 4717 rex
1413 4659 1687 4715 Conradus
1725 4663 1955 4713 exeunte
1994 4655 2127 4727 julio
2171 4661 2225 4711 et
2265 4657 2480 4709 ineunte
2526 4663 2746 4725 augusto
2792 4653 3080 4709 direxerat.
3122 4651 3200 4707 Cf.
3246 4649 3444 4707 Annul.
3498 4651 3776 4719 Wonnat„
3820 4663 3911 4719 ap.

1103 4761 1393 4827 Boenasa,
1427 4759 1635 4823 Fontes,
1667 4763 1705 4811 t.
1735 4755 1799 4823 11,
1829 4771 1883 4825 p.
1915 4755 2159 4807 tamea.
