4525 6031
700 623 905 687 lnmcr.
938 620 1032 699 6.]
1207 614 1212 619 ’
1593 615 1993 683 HISTORIA
2040 613 2637 684 DIPLOMA'rch.
3412 605 3531 679 571

654 776 675 801 ‘
704 766 939 830 tenete
990 753 1184 849 quod
1238 752 1328 826 de
1386 752 1874 827 Parmensibus
1930 750 2259 846 predictis
2315 749 2494 827 infra
2551 747 2862 843 spacium
2917 743 3152 823 brevis
3205 740 3537 836 temporis

701 880 988 954 obtenta
1018 878 1412 952 indubitata
1438 876 1728 951 victoria
1751 928 1772 964 ,
1808 895 1946 967 que
1976 873 2192 949 titulis
2218 872 2474 944 nostris
2498 890 2838 945 summam
2866 867 3227 947 victoriam
3244 918 3264 955 ‚
3300 864 3533 945 oneri-

699 1004 835 1078 bus
886 1002 1136 1077 vestris
1184 1000 1423 1090 finem,
1472 1021 1556 1073 ac
1605 998 2207 1093 expectationibus
2254 995 2743 1081 communibus
2787 992 3169 1071 adventum
3221 996 3536 1068 nostrum

706 1127 1261 1203 indubitabiliter
1298 1124 1692 1220 pollicetur,
1724 1122 1983 1197 mutuis
2024 1120 2387 1192 affectibus
2424 1119 2852 1193 delectantes
2888 1136 3016 1189 vos
3058 1115 3131 1189 in
3165 1112 3536 1191 serenitate

704 1252 944 1323 vultus
970 1250 1190 1322 nostri
1222 1249 1624 1322 continuate
1664 1245 2089 1335 fovebimus,
2126 1265 2304 1339 quos
2338 1264 2527 1322 nunc
2559 1242 2690 1319 sub
2717 1237 3276 1334 interpellatione
3312 1234 3529 1316 literis

702 1375 1251 1470 permulcemus.

808 1972 1134 2057 lacobus
1186 1974 1285 2057 de
1336 1973 1633 2059 Sanctis
1693 1972 1792 2055 de
1847 1971 2138 2081 Capua,
2169 1970 2585 2080 imperialis
2647 1969 3014 2080 magister
3072 1970 3536 2052 camerarius
3586 2038 3641 2082 ω
3663 1981 3947 2091 ffifflsss..

702 2103 1177 2214 Principatus
1206 2116 1284 2188 et
1320 2117 1563 2189 terrae
1609 2104 2209 2209 Beneventanae,
2246 2103 2465 2213 juxta
2509 2115 2850 2186 tenorem
2903 2104 3532 2186 constitutionum

704 2234 1215 2344 imperialium
1231 2299 1255 2345 ‚
1311 2237 1884 2346 inquisitionem
1936 2235 2097 2318 fieri
2141 2236 2363 2345 jubet
2409 2263 2567 2346 qua
2620 2235 2987 2345 probetur
3037 2262 3139 2317 an
3194 2236 3534 2319 decimae

702 2367 1130 2476 platearum
1188 2368 1481 2452 Salerni
1548 2370 1646 2452 ad
1701 2370 2252 2453 monasterium
2314 2370 2651 2453 Cavense
2710 2370 3050 2480 legitimo
3106 2368 3281 2479 jure
3340 2395 3533 2478 per-

705 2501 1021 2583 tineant.

862 2740 1113 2820 (Inedit.
1144 2759 1219 2804 ex
1246 2744 1461 2822 origin.
1492 2744 1556 2803 in
1577 2743 1744 2804 arch.
1770 2759 1934 2803 mon.
1966 2741 2272 2815 cavensis,
2303 2759 2439 2803 arca
2465 2742 2741 2817 LXVIII,
2771 2752 2839 2803 n⁰
2868 2742 3030 2821 137.)

803 2957 880 3029 In
904 2957 1183 3030 nomine
1212 2956 1492 3032 Domini
1522 2956 1648 3029 Dei
1684 2956 1906 3029 eterni
1931 2966 2002 3028 et
2032 2956 2410 3029 Salvatoris
2438 2957 2660 3028 nostri
2694 2959 2855 3030 Jesu
2893 2956 3162 3031 Christi.
3194 2956 3399 3029 Anno
3442 2957 3534 3040 ab

704 3079 1183 3153 incarnatione
1226 3082 1378 3172 ejus
1427 3080 1796 3154 millesimo
1829 3081 2308 3152 ducentesimo
2335 3081 2874 3173 quadragesimo
2911 3081 3206 3176 septimo
3241 3092 3311 3153 et
3341 3081 3531 3154 vice·

703 3204 879 3276 simo
911 3204 1207 3299 septimo
1236 3226 1423 3276 anno
1458 3204 1731 3298 imperii
1763 3204 2025 3276 domini
2054 3204 2274 3276 nostri
2303 3204 2630 3276 Friderici
2674 3205 3152 3296 gloriosissimi
3189 3206 3536 3278 Romano-

702 3349 861 3400 rum
893 3328 1332 3422 imperatoris
1363 3349 1639 3423 semper
1664 3328 1970 3421 augusti,
2000 3328 2384 3399 Jerusalem
2408 3338 2480 3400 et
2503 3329 2732 3401 Sicilie
2753 3330 2963 3422 regis,
2985 3330 3102 3401 die
3119 3331 3305 3422 jovis
3333 3331 3536 3404 tertio

702 3450 960 3522 mensis
990 3451 1330 3542 octubriS‚
1356 3461 1561 3524 sexte
1590 3450 2016 3540 indictioniS,
2038 3452 2228 3545 apud
2257 3453 2653 3541 Salernum,
2685 3461 2851 3523 ante
2880 3473 3008 3524 nos
3033 3453 3417 3526 Mattheum
3445 3454 3536 3540 de

701 3574 1034 3646 Iudicissa
1063 3575 1302 3667 judice
1344 3575 1611 3650 Salerni
1657 3585 1728 3648 et
1760 3574 2143 3648 Mattheum
2174 3576 2266 3648 de
2297 3577 2550 3648 Sancta
2581 3577 2797 3649 Maria
2838 3577 3194 3671 puplicum
3221 3578 3535 3669 ejusdem

702 3697 997 3770 civitatis
1022 3700 1401 3790 notarium,
1435 3700 1901 3800 presentibus.
1965 3751 1984 3771 .
2044 3752 2065 3770 γ.
2129 3751 2148 3771 .
2214 3755 2230 3771 .
2294 3752 2312 3770 .
2352 3700 2442 3771 de
2480 3702 2735 3773 Sancta
2770 3701 3010 3790 Maria,
3041 3701 3349 3774 Mattheo
3374 3704 3534 3774 Ras-

702 3821 877 3910 aica‚
927 3823 1257 3915 magistro
1306 3824 1509 3897 Petro
1557 3824 1862 3896 Comello
1909 3833 1982 3894 et
2021 3823 2279 3896 Iacobo
2326 3825 2905 3920 Venarepulliaro
2957 3825 3226 3897 civibus
3270 3826 3537 3897 Salerni

700 3943 971 4017 civibus
991 3947 1539 4035 subscribendiS,
1571 3947 1664 4018 ad
1690 3947 1827 4018 hoc
1849 3947 2241 4042 specialiter
2268 3947 2533 4020 vocatis
2562 3956 2634 4020 et
2660 3948 2945 4040 rogatiS‚
2968 3950 3164 4020 venit
3197 3951 3539 4023 Bonusao-

701 4088 946 4138 cursus
978 4070 1350 4163 presbyter
1379 4069 1666 4141 ecclesie
1701 4070 1950 4141 Sancte
1984 4070 2195 4142 Marie
2228 4070 2318 4142 de
2358 4070 2670 4165 dompno
2699 4070 2787 4142 de
2815 4073 3103 4143 Salerno
3141 4082 3211 4143 et
3242 4095 3528 4167 presen-

702 4190 875 4262 tavit
902 4189 1069 4261 mihi
1097 4192 1413 4287 predicto
1438 4191 1717 4266 Matheo
1741 4192 1961 4285 judici
1994 4193 2252 4264 litteras
2280 4193 2534 4265 nobilis
2561 4193 2687 4265 viri
2717 4192 2978 4264 domini
3009 4195 3263 4285 judicis
3298 4197 3535 4270 Jacobi

701 4312 790 4386 de
833 4316 1105 4387 Sanctis
1150 4316 1240 4387 de
1277 4317 1509 4412 Capua
1538 4317 1912 4411 imperialis
1953 4316 2261 4410 magistri
2300 4338 2574 4388 camere
2618 4317 3048 4411 Principatus
3095 4328 3163 4390 et
3207 4322 3540 4393 terre‘Be·

697 4449 1092 4511 neventane
1120 4462 1323 4513 cereo
1352 4441 1576 4533 sigillo
1595 4441 1810 4535 ipsius
1838 4440 2102 4512 domini
2126 4440 2438 4534 magistri
2468 4463 2741 4513 camere
2777 4442 3136 4535 sigillataS,
3170 4466 3306 4536 que
3344 4445 3533 4516 omni

701 4559 886 4631 vicio
930 4572 1001 4634 et
1040 4563 1432 4658 suspicione
1473 4565 1806 4636 carebant
1848 4573 1920 4634 et
1964 4574 2162 4636 erant
2210 4566 2634 4638 continentie
2688 4566 2914 4637 taliter
2949 4596 2967 4638 ε
3008 4567 3338 4639 Prudenti
3382 4569 3534 4643 viro

687 4681 907 4772 judici
928 4686 1208 4758 Matheo
1233 4689 1477 4760 Donne
1500 4688 1782 4780 J'udecte
1812 4687 1901 4759 de
1921 4689 2209 4761 Salerno
2240 4690 2463 4761 amico
2492 4711 2619 4761 suo
2644 4689 2871 4781 judex
2897 4691 3193 4763 Iacobus
3216 4693 3304 4765 de
3327 4695 3535 4766 Sanc-
