4525 6031
1068 629 1186 691 708
2067 604 2489 700 ramnum
2538 637 2886 701 saeuum
3498 643 3663 722 [Anu.
3700 646 3876 708 1249.

719 1184 946 1244 ¹“““⁰·¹
1167 1199 1635 1308 FridericuS,
1691 1200 2215 1285 Romanorum
2294 1202 2734 1312 imperator,
2813 1203 3126 1285 mandat
3195 1204 3586 1313 capitaneo
3662 1209 3876 1315 regni

1061 1336 1271 1444 quod
1305 1334 1664 1444 procedat
1710 1334 1806 1416 ad
1843 1334 2255 1418 vindictam
2305 1334 2503 1418 Petri
2538 1337 2635 1419 de
2670 1334 2906 1418 Vinea
2936 1337 3340 1445 proditoris
3366 1399 3390 1444 ,
3440 1339 3570 1449 qui
3612 1340 3877 1422 mortis

1056 1469 1420 1553 haustum
1473 1468 1619 1551 sibi
1665 1469 1957 1552 studuit
1999 1471 2405 1579 propinare
2469 1480 2545 1554 et
2586 1470 2667 1551 in
2721 1496 3046 1580 regnum
3117 1470 3442 1554 mittitur
3518 1473 3873 1557 ultimum

1058 1602 1514 1712 supplicium
1551 1601 1972 1686 subiturus·

1219 1817 1411 1898 (nait.
1443 1821 1506 1879 in
1535 1819 1701 1880 Pom·
1722 1816 1792 1878 ιιι
1832 1818 1960 1879 Vin.
1985 1820 2178 1899 episc„
2205 1818 2312 1879 nb.
2335 1795 2413 1896 v',
2447 1834 2579 1895 cap.
2610 1816 2704 1896 1¹3
2736 1818 2874 1894 con.
2901 1835 3038 1879 enm
3066 1819 3316 1880 comem.
3349 1819 3500 1879 mhi.
3532 1821 3727 1883 cesar.
3759 1824 3870 1883 ra-

1292 1923 1624 2003 r18.,sondae
1652 1924 2127 1987 saint-German
2147 1922 2396 2004 Har-lay,
2426 1933 2495 1984 n⁶
2528 1933 2669 1997 455,
2699 1931 2761 1986 et
2769 1922 2956 2003 sends
2985 1926 3399 2005 Nom-Dama,
3432 1938 3502 1986 n⁰
3532 1935 3672 2006 202,
3700 1944 3870 2005 prae·

1291 2035 1604 2111 cipuevero
1629 2050 1766 2094 cum
1794 2034 1928 2094 cod.
1957 2041 2138 2106 86³0,
2170 2033 2276 2093 fol.
2316 2041 2381 2092 12
2411 2048 2603 2104 verso,
2651 2049 2787 2091 ane.
2799 2029 2984 2111 sends
3012 2029 3182 2108 Ζαεὶη,
3211 2033 3316 2094 ubl
3344 2033 3584 2094 rubrica
3615 2036 3701 2094 lta
3725 2050 3867 2095 exa-

1292 2147 1460 2201 ratur
1495 2156 1510 2200 :
1548 2140 1621 2201 Ut
1639 2137 1992 2219 procedatur
2012 2136 2097 2200 ad
2119 2136 2438 2200 vinnaicum
2464 2138 2632 2198 Petri
2659 2136 2729 2198 de
2767 2137 3007 2216 Vincis.)

1148 2330 1253 2402 Ne
1289 2328 1526 2402 divino
1556 2329 1885 2400 instinctu
1918 2328 2317 2423 precognita
2343 2349 2457 2399 ars
2487 2348 2659 2399 ausu
2691 2326 3007 2423 precipiti
3042 2327 3297 2399 furiosa
3325 2325 3413 2399 de
3443 2349 3568 2400 suo
3600 2327 3870 2401 irratio·

1052 2453 1378 2527 nabiliter
1417 2453 1801 2527 facinoroso
1838 2452 2217 2548 triumphet
2241 2462 2508 2540 autore,
2531 2452 2809 2523 Petrum
2823 2449 2924 2547 (a)
2955 2451 3097 2522 lese
3131 2451 3510 2543 majestatis
3535 2463 3770 2524 nostre
3799 2453 3868 2524 in

1050 2579 1338 2652 crimine
1372 2578 1883 2674 deprehensum
1904 2631 1924 2669 ,
1964 2586 2122 2672 post
2152 2578 2371 2647 multa
2411 2575 2744 2669 variaque
2779 2584 3158 2665 tormenta,
3188 2584 3269 2647 ut
3300 2575 3506 2646 unius
3544 2598 3751 2671 poena
3785 2577 3874 2649 sit

1048 2704 1316 2777 timoris
1344 2703 1644 2776 incussio
1671 2704 2127 2798 plurimorum
2154 2754 2175 2793 ,
2206 2721 2488 2797 poenam
2523 2699 2753 2772 subire
2785 2699 3222 2773 decrevimus
3260 2700 3650 2795 capitalem.
3693 2703 3873 2774 Sane

1045 2830 1234 2926 quod
1268 2827 1485 2901 nostri
1527 2828 1876 2919 regnicole
1900 2879 1920 2916 ,
1957 2825 2378 2922 precognitis
2407 2824 2720 2918 undique
2752 2823 3113 2919 stipendiis
3141 2824 3571 2917 meritorum,
3605 2826 3874 2919 majori-

1046 2964 1258 3028 tatem
1291 2974 1588 3050 persone
1634 2952 1705 3024 in
1748 2950 2214 3025 meditationis
2268 2949 2524 3022 trutina
2567 2969 2728 3022 cum
2773 2947 3079 3020 criminis
3122 2949 3532 3023 enormitate
3578 2972 3869 3046 suspen·

1043 3080 1240 3170 dant,
1279 3077 1644 3172 magnifica
1683 3075 2022 3149 beneficia
2062 3075 2192 3147 sibi
2243 3096 2287 3147 a
2340 3082 2578 3147 nostra
2630 3074 2988 3166 majestate
3035 3073 3286 3146 collata
3334 3094 3606 3146 necnon
3653 3075 3872 3171 ipsius

1044 3204 1472 3278 enormitatis
1505 3224 1834 3274 excessus
1874 3200 1967 3272 ad
2004 3200 2330 3273 noticiam
2359 3197 2645 3294 perferri
2675 3199 2999 3270 volumus
3027 3197 3481 3290 singulorum.
3513 3198 3726 3271 Porro
3758 3198 3871 3272 hic

1041 3338 1149 3402 est
1197 3329 1317 3423 qui
1363 3329 1452 3400 de
1503 3337 1689 3399 terra
1734 3323 2102 3397 fertilitatis
2124 3321 2223 3419 (b)
2251 3322 2581 3412 eductus,
2629 3322 3046 3394 caducarum
3102 3344 3333 3393 rerum
3378 3322 3728 3417 opulentia
3777 3325 3870 3397 ad

1039 3463 1281 3529 votum
1327 3461 1398 3524 et
1427 3452 1610 3523 ultra
1647 3450 1877 3522 extitit
1922 3447 2359 3520 fecundatus.
2417 3449 2646 3533 Quare
2687 3446 3143 3519 immoderate
3179 3445 3544 3550 lasciviens
3588 3447 3862 3540 animo,

1038 3580 1159 3673 qui
1198 3579 1609 3674 plerumque
1655 3573 2017 3648 consuevit
2053 3573 2260 3644 rebus
2311 3571 2665 3643 luxuriare
2712 3569 3060 3660 secundiS,
3097 3570 3460 3643 ministerii
3502 3574 3866 3646 occasione

1036 3702 1313 3776 latentis
1353 3700 1671 3790 sedulae,
1709 3698 1800 3772 de
1850 3706 2315 3794 preconcepto
2368 3693 2928 3788 transgressionis
2959 3694 3231 3783 fomite,
3267 3696 3507 3768 mortis
3539 3690 3864 3769 haustum

1035 3827 1101 3900 ei
1149 3825 1415 3899 studuit
1455 3823 1851 3920 propinare,
1916 3842 1959 3893 a
1995 3840 2136 3913 quo
2176 3820 2553 3889 multorum
2603 3819 2788 3889 salus
2833 3827 2904 3888 et
2938 3817 3375 3889 incolumitas
3422 3830 3858 3913 procuratur,

1033 3953 1275 4035 volens
1308 3972 1468 4022 cum
1495 3945 1899 4035 homicidio,
1931 3944 2145 4015 immo
2182 3942 2413 4037 potius
2442 3963 2601 4013 cum
2632 3940 3018 4013 homicidiis
3046 3939 3356 4012 omnium
3382 3942 3657 4015 illorum
3687 3965 3863 4037 quo·

1031 4101 1187 4152 rum
1212 4077 1357 4150 vita
1394 4072 1746 4171 dependet
1776 4092 1817 4143 a
1846 4078 2108 4157 nostra,
2145 4069 2289 4140 lese
2322 4067 2584 4138 crimen
2618 4064 2994 4158 majestatis
3031 4066 3489 4138 committere.
3525 4068 3722 4141 Unde
3749 4089 3861 4141 sa-

1029 4202 1246 4275 lubris
1269 4198 1685 4296 provisionis
1713 4195 2032 4284 consilio,
2048 4191 2359 4286 nequitie
2384 4212 2625 4285 passus
2648 4188 3000 4260 metiendo
3026 4210 3184 4259 cum
3213 4190 3530 4285 passibus
3555 4192 3858 4287 pietatiS,

1036 4326 1229 4421 quod
1286 4324 1720 4421 proditorum
1784 4322 2053 4394 deleret
2100 4315 2446 4411 genimina
2502 4324 2574 4385 et
2626 4314 3005 4385 factionum
3071 4313 3358 4385 fluvium
3433 4316 3856 4410 desiccaret,

1028 4450 1255 4525 edixit
1287 4472 1449 4521 cum
1485 4447 1773 4522 consilio
1812 4463 2178 4541 procerum
2209 4439 2449 4513 divino
2485 4449 2997 4534 programmate
3027 4437 3402 4533 imperialis
3449 4442 3860 4515 excellentie

1108 4651 1193 4732 (a)
1236 4636 1309 4711 In
1334 4650 1625 4725 impresso
1657 4643 1726 4704 C.
1755 4659 1943 4704 reum.

1105 4758 1189 4840 (b)
1235 4756 1471 4820 Scilicet
1499 4753 1575 4813 de
1599 4746 1883 4830 Capuajln
1907 4748 2229 4826 Campania
2254 4747 2445 4808 felice·
2477 4748 2548 4808 In
2574 4743 2711 4808 cod.
2747 4761 2885 4807 vero
2919 4751 3042 4807 202
3065 4745 3281 4824 legitur
3301 4740 3652 4807 sterilitatis.
