4525 6031
687 661 893 721 lamet.
927 657 1020 743 9.]
1569 655 1969 719 HISTORIA
2017 654 2618 719 mPLOMATch.
3390 654 3511 716 795

684 796 773 870 de
817 795 1080 868 virtute
1113 814 1198 867 ac
1229 792 1711 886 magnitudine
1760 793 2037 884 augusti
2067 791 2192 863 filii
2233 793 2524 864 letitiam
2557 792 2737 863 intra
2769 793 2953 865 sores
2992 795 3292 888 pectoris
3331 796 3510 866 ulla-

590 1005 601 1018 ·
687 930 890 991 tenus
920 919 1252 990 obserare
1291 914 1439 1013 (a),
1470 915 1641 1009 quin
1670 916 1856 986 foras
1882 915 1955 986 in
1983 918 2285 987 clamore
2311 916 2539 1007 jubilo
2568 915 2911 986 violenter
2947 937 3086 987 non
3119 929 3515 1012 erumperet

682 1042 1036 1116 communi
1068 1041 1425 1114 alacritate
1463 1060 1595 1110 nec
1628 1038 2082 1133 perfunderet
2105 1037 2419 1112 fidelium
2449 1038 2815 1134 precordia
2846 1038 3352 1130 subjectorum,
3393 1042 3514 1112 ubi

683 1175 788 1239 tot
835 1166 1224 1259 magnalia,
1284 1173 1388 1237 tot
1426 1171 1625 1256 gesta
1664 1162 2034 1257 magnifica
2082 1173 2155 1237 et
2192 1185 2677 1260 supremarum
2713 1162 2928 1256 digna
2968 1162 3257 1235 laudum
3300 1164 3514 1235 titulis

684 1288 774 1361 de
818 1288 1085 1360 victore
1127 1298 1200 1360 et
1230 1287 1458 1384 perito
1494 1286 1696 1359 bellis
1730 1285 1874 1358 filio
1916 1296 2058 1359 tam
2090 1287 2421 1359 continue
2463 1287 2905 1359 nunciantur.
2955 1287 3225 1359 Exerce
3269 1288 3509 1381 igitur,

683 1409 784 1484 fili
837 1410 1236 1501 karissime,
1293 1411 1550 1482 nobilis
1610 1410 1711 1482 tui
1762 1410 2095 1483 virtutem
2136 1411 2380 1501 animi,
2421 1421 2493 1482 et
2531 1409 2943 1483 honorando
2971 1422 3042 1482 et
3069 1411 3512 1484 sublimando

685 1534 892 1606 nobis
940 1544 1012 1605 et
1060 1533 1182 1605 tibi
1227 1532 1529 1605 fideliter
1579 1533 1997 1625 servienteS,
2051 1534 2611 1606 adversariorum
2654 1543 3051 1605 nostrorum
3104 1556 3369 1606 cornua
3415 1536 3514 1607 sic

686 1656 1046 1750 confringe
1096 1677 1479 1749 eorumque
1520 1669 1920 1750 protervam
1971 1657 2371 1752 superbiam
2403 1658 2502 1729 sic
2546 1668 2908 1751 prosterne
2959 1657 3151 1750 quod
3202 1679 3326 1753 pre
3379 1660 3516 1729 tuis

689 1780 969 1853 contriti
1021 1780 1345 1852 manibus
1402 1780 1675 1852 discant
1721 1790 2062 1873 quantum
2122 1780 2213 1851 sit
2265 1781 2520 1853 durum
2591 1790 2834 1852 contra
2888 1780 3246 1852 stimulum
3303 1780 3513 1854 calci-

692 1911 902 1976 trare.

802 2322 1017 2406 Cives
1057 2322 1376 2405 Parmae
1433 2322 1991 2429 potentiores...
2009 2384 2026 2403 .
2070 2348 2247 2405 cum
2305 2332 2553 2406 castra
2591 2325 2690 2406 ad
2742 2324 3064 2409 civitatis
3119 2331 3515 2414 tuitionem

693 2455 772 2537 in
810 2443 1158 2538 confiniis
1197 2455 1356 2537 suis
1392 2464 1827 2537 constructa
1865 2455 2107 2536 securi
2153 2466 2227 2537 et
2269 2456 2595 2538 inermes
2638 2458 3266 2569 perlustrassent,
3307 2463 3513 2545 insi-

694 2586 992 2670 diantes
1031 2586 1284 2669 subito
1320 2588 1415 2668 de
1459 2585 1795 2668 latibulis
1841 2588 2000 2668 suis
2038 2587 2134 2668 ad
2173 2614 2512 2698 unguem
2554 2591 2826 2672 armati
2865 2591 3159 2674 aditum
3196 2595 3515 2678 civitatis

692 2719 1269 2828 praecluserunt
1317 2718 1777 2824 immunitiS,
1827 2744 2246 2829 omnesque
2301 2721 2499 2805 cives
2546 2721 2854 2804 illosm.
2918 2726 3126 2809 velut
3180 2728 3514 2811 aviculas

695 2863 1055 2960 ceperunt
1099 2850 1560 2933 irretitas...
1606 2852 1967 2956 [Quidam
2004 2853 2232 2933 etiam
2284 2855 2381 2935 de
2435 2855 2742 2962 populo]
2788 2884 2986 2966 quae
3039 2861 3247 2966 pacis
3300 2878 3516 2946 erant

695 2983 1087 3067 humiliter
1121 2983 1652 3093 postulabant,
1686 2995 1762 3066 et
1796 2984 2017 3066 multi
2055 2996 2413 3068 exeuntes
2449 2987 2629 3068 data
2665 3014 2820 3072 non
2861 2991 3160 3075 modica
3196 2997 3515 3102 pecunia

696 3118 1003 3200 dextras
1057 3119 1431 3199 dederunt
1484 3117 1878 3199 Frederico
1934 3143 2163 3200 suum
2223 3118 2622 3201 arbitrium
2670 3121 2995 3204 subituri
3004 3187 3201 3206 ......
3254 3128 3518 3211 Bono-

699 3249 999 3331 nienses
1049 3260 1304 3332 autem
1342 3249 1530 3331 haec
1576 3250 2006 3351 audienteS,
2049 3250 2306 3332 missis
2353 3251 2452 3332 ad
2496 3252 2749 3360 ipsum
2786 3255 3266 3340 Fredericum
3308 3287 3521 3343 nun-

700 3382 864 3486 tiis,
913 3382 1225 3490 pacifica
1260 3407 1439 3464 cum
1485 3382 1916 3464 humilitate
1964 3393 2037 3464 et
2084 3382 2435 3490 precibus
2485 3386 2959 3494 rogitabant3
2984 3402 2989 3410 ’
3014 3417 3210 3498 quos
3261 3402 3517 3476 tamen

699 3513 861 3623 ipse
923 3513 1365 3597 Fredericus
1439 3512 1736 3596 distulit
1805 3515 2226 3597 exaudireae
2273 3516 2642 3624 Tempore
2707 3519 2853 3601 sub
2924 3523 3192 3605 eodem
3266 3527 3520 3610 missis

701 3645 1052 3729 fidelibus
1108 3648 1267 3728 suis
1304 3648 1404 3729 ad
1442 3647 1892 3729 Avinionem
1939 3659 2016 3729 et
2061 3648 2326 3729 Arlam
2380 3648 2555 3759 (sic)
2608 3651 2945 3736 civitates
3001 3656 3520 3741 nobilissimas

701 3804 840 3861 nec
883 3778 1215 3861 multum
1265 3806 1311 3861 a
1359 3779 1739 3887 Lugduno
1789 3777 2214 3885 distantes„
2245 3781 2526 3863 civium
2577 3783 2912 3890 ipsarum
2971 3789 3300 3896 suscepit
3342 3817 3519 3872 cum

697 3909 1150 4018 juramentis
1203 3910 1673 3994 fidelitatem.
1728 3910 1968 3994 ΜΑΤΤ.
2013 3911 2298 4017 Pinus,
2348 3912 2538 3993 Hist.
2589 3915 2773 4020 maj.
2815 3920 3159 4024 Astylon,
3200 3946 3279 4027 p.
3325 3924 3510 4001 528.

810 4409 1221 4492 Riccardus
1266 4411 1362 4492 de
1405 4410 1688 4513 Rocca,
1729 4407 2142 4516 imperialis
2183 4407 2643 4517 justitiarius
2683 4414 3206 4527 Capitanatae,
3259 4422 3518 4532 vigore

707 4543 1118 4652 imperialis
1167 4543 1509 4625 mandati
1553 4542 1774 4651 cujus
1828 4552 2047 4624 tenor
2101 4541 2485 4650 inseritur,
2548 4546 2827 4632 Jacobo
2878 4553 2974 4634 de
3020 4554 3394 4662 Rigniano
3446 4569 3521 4639 et

795 4729 877 4810 (a)
922 4731 991 4792 In
1021 4733 1219 4795 codice
1245 4730 1538 4795 licentiam
1562 4733 1726 4794 intra
1734 4729 1932 4811 sortes
1937 4773 2114 4794 .......
2143 4730 2460 4808 observare,
2491 4737 2665 4797 male.

3653 2347 3849 2398 [Octobri

3648 2401 3857 2456 circiter.)

3618 4419 3864 4516 „aa

3611 4527 3665 4570 ιι
3689 4503 3899 4570 cumbri-2
