4525 6031
1024 669 1154 733 706
2026 672 2456 735 rmnmucl
2506 669 2854 735 sncnnm
3467 667 3628 754 [Anu.
3664 671 3842 734 1249.

1026 805 1202 879 ordo
1245 805 1564 898 vertitur,
1605 809 1909 901 vulgaris
1944 808 2179 905 opinio
2219 808 2477 881 fallitur
2508 819 2579 881 et
2623 813 2975 903 pastorum
3021 805 3325 878 officium
3371 808 3848 902 prophanatur

1027 931 1140 1002 vel
1182 938 1551 1004 execratur
1590 929 1782 1030 (sic),
1835 931 2003 1006 dum
2043 933 2207 1007 inde
2244 929 2560 1030 procedit
2601 933 2791 1003 fraus
2837 939 2908 1002 et
2941 927 3245 1026 nephas,
3310 930 3475 1004 inde
3520 930 3845 1025 iniquitas

1026 1053 1470 1147 detestanda,
1520 1056 1681 1130 inde
1712 1058 2174 1154 perniciosum
2209 1057 2609 1152 exemplum
2635 1054 2823 1127 unde
2861 1056 3048 1126 salus
3086 1054 3398 1128 omnium
3457 1055 3844 1127 animarum

1025 1190 1097 1252 et
1127 1200 1497 1275 corporum
1524 1184 1957 1277 sperabatur.
1990 1182 2344 1256 Libentius
2369 1181 2609 1277 utique
2638 1177 2794 1277 (scit
2822 1178 3040 1276 Deus)
3077 1200 3215 1272 que
3246 1188 3482 1251 nostra
3509 1179 3843 1251 serenitas

1022 1303 1332 1398 loquitur
1363 1306 1838 1398 tacuissemus,
1877 1308 2009 1380 nisi
2058 1310 2247 1402 quod
2301 1317 2442 1380 tam
2488 1317 2694 1379 atrox
2736 1304 2946 1398 hujus
2993 1305 3331 1376 sermonis
3376 1305 3662 1377 materia
3703 1325 3841 1401 que

1020 1426 1334 1522 nequivit
1369 1450 1510 1502 non
1545 1451 1697 1503 esse
1729 1433 2025 1524 notoria,
2061 1433 2119 1505 si
2156 1433 2503 1529 profundo
2537 1441 2775 1503 nostro
2813 1428 2882 1500 in
2920 1438 3202 1526 pectore
3235 1428 3677 1522 meditamur,
3711 1430 3843 1502 sub

1020 1553 1247 1646 sigillo
1274 1554 1527 1626 silentii
1574 1578 1715 1629 non
1742 1557 1986 1629 debuit
2011 1557 2376 1630 contineri.
2400 1559 2639 1652 Nuper
2670 1555 2884 1646 enim,
2908 1554 3093 1649 quod
3128 1555 3198 1626 in
3228 1554 3633 1626 turbacione
3658 1573 3843 1626 asse-

1020 1678 1234 1749 rimus
1262 1679 1430 1751 etin
1459 1681 1836 1752 assertione
1864 1682 2247 1772 turbamur,
2287 1681 2414 1752 iste
2447 1680 2770 1753 sacerdos
2801 1679 3062 1751 scilicet
3100 1701 3389 1772 magnus
3417 1680 3677 1775 presul,
3713 1701 3840 1774 pa·

1019 1799 1255 1872 cificus
1282 1798 1444 1873 fidei
1475 1813 1709 1875 nostre
1738 1813 1991 1894 rector,
2033 1825 2177 1876 non
2203 1813 2569 1878 contentus
2597 1802 3016 1874 molimentis
3047 1780 3427 1874 innumeris
3454 1812 3525 1873 et
3555 1802 3841 1875 seditio-

1018 1923 1226 1996 nibus
1256 1924 1636 1998 inhonestis
1668 1927 1946 2021 quibus,
1978 1938 2058 1999 ut
2087 1927 2392 2000 mundus
2424 1926 2762 2019 agnoscit,
2800 1940 3032 2022 preter
3061 1925 3323 1998 ordinis
3353 1925 3461 1997 sui
3499 1927 3838 2018 regulam,

1017 2068 1184 2144 ymo
1210 2049 1419 2122 etiam
1458 2060 1701 2124 contra
1735 2053 1960 2124 Deum
1988 2052 2060 2123 in
2094 2051 2389 2125 diversis
2425 2051 2737 2147 partibus
2767 2050 3000 2123 verbis
3043 2058 3116 2123 et
3157 2071 3370 2148 opere
3403 2050 3679 2146 publice
3710 2071 3839 2122 nos

1018 2174 1332 2268 infestat,
1364 2180 1735 2274 temptavit
1766 2175 1981 2272 (proh
2023 2176 2282 2275 pudor)
2323 2177 2613 2250 occultis
2647 2176 2914 2249 insidiis
2941 2175 3235 2272 perdere
3276 2175 3492 2247 vitam
3531 2184 3837 2249 nostram

1018 2307 1273 2373 etcum
1282 2352 1627 2373 .....
1684 2301 1955 2374 medico
2001 2311 2242 2374 nostro
2288 2302 2409 2395 qui
2449 2303 2694 2374 Parme
2739 2300 3009 2399 pridem
3044 2300 3116 2371 in
3156 2321 3432 2372 carcere
3475 2301 3840 2373 tenebatur

1015 2444 1144 2520 per
1184 2425 1489 2517 legatum
1530 2447 1734 2497 suum
1778 2426 1898 2520 qui
1946 2426 2038 2498 ad
2087 2436 2455 2498 tractatum
2505 2423 2902 2519 hujusmodi
2950 2421 3225 2496 medius
3266 2424 3674 2517 intervenit,
3710 2425 3841 2497 fuit

1014 2545 1483 2621 inhumaniter
1525 2559 1596 2621 et
1637 2546 1971 2646 nepharie
2017 2547 2453 2623 machinatus
2508 2550 2699 2645 quod
2741 2557 2898 2646 post
2944 2549 3097 2642 ejus
3136 2550 3228 2621 ad
3273 2571 3402 2621 nos
3447 2572 3837 2645 regressum

1013 2682 1252 2746 nostro
1288 2696 1636 2745 venenum
1686 2673 1963 2745 haustui
2006 2674 2405 2771 propinaret
2444 2676 2573 2746 sub
2616 2674 2846 2770 specie
2903 2672 3225 2769 potionis.
3277 2672 3585 2768 Cumque
3647 2681 3835 2774 post-

1016 2798 1302 2871 modum
1347 2798 1532 2871 idem
1576 2798 1889 2871 medicus
1925 2820 2054 2894 pro
2091 2799 2396 2893 quodam
2441 2799 2658 2872 nobili
2701 2800 2853 2872 cive
2889 2800 3132 2871 Parme
3167 2816 3373 2891 quem
3407 2797 3480 2870 in
3514 2799 3837 2895 redemp-

1017 2924 1203 2996 tione
1246 2924 1459 3019 ipsius
1500 2925 1590 2996 de
1632 2946 1910 2996 carcere
1951 2935 2186 2998 nostro
2231 2924 2648 3012 laxavimuS,
2710 2926 2976 2996 solutus
3031 2922 3327 2994 vinculis
3380 2921 3471 2993 ad
3527 2933 3834 2995 nostram

1014 3049 1434 3144 presentiam
1470 3049 1821 3140 rediisset,
1863 3071 1945 3127 ac
1987 3049 2222 3121 multis
2268 3059 2573 3121 armatus
2614 3047 3170 3140 suggestionibus
3216 3058 3287 3118 et
3331 3048 3635 3140 pollutus
3683 3051 3832 3143 pol·

1015 3172 1217 3244 licitis
1251 3174 1464 3245 vellet
1497 3173 1769 3244 efficere
1808 3174 1996 3267 quod
2029 3173 2499 3269 spoponderat
2534 3182 2606 3244 et
2630 3174 2925 3264 jurarat,
2956 3192 3210 3266 parans
3252 3171 3452 3242 nobis
3495 3172 3833 3244 letiferam

1009 3316 1156 3368 non
1201 3296 1525 3370 letificam
1571 3297 2023 3389 medicinam,
2056 3298 2350 3370 dextera
2394 3296 2671 3369 Domini
2719 3296 2881 3368 fecit
2914 3297 3269 3384 virtutem,
3315 3305 3389 3367 et
3425 3293 3575 3367 fien‘
3603 3295 3838 3390 potuit

1013 3421 1205 3513 quod
1232 3442 1275 3492 a
1306 3421 1507 3494 nobis
1538 3421 1806 3493 transiit
1832 3421 2015 3493 calix
2041 3422 2156 3493 ille
2183 3423 2354 3515 quin
2382 3422 2532 3514 ejus
2556 3419 3087 3492 amaritudinem
3104 3419 3501 3492 biberemus
3529 3418 3589 3516 (⁴
3603 3418 3662 3516 ).
3691 3421 3834 3493 Hec

1010 3546 1324 3639 profecto
1356 3545 1628 3639 singula
1663 3553 1803 3617 tam
1832 3568 1958 3643 per
1985 3568 2144 3617 eum
2173 3546 2292 3639 qui
2327 3552 2646 3641 patenter
2668 3544 2738 3616 in
2768 3545 3071 3616 facinore
3100 3542 3831 3639 deprehensuseanon

1008 3668 1234 3765 potuit
1265 3668 1587 3761 diffiteri,
1633 3691 1844 3763 quam
1892 3670 2099 3742 etiam
2132 3692 2255 3765 per
2295 3670 2560 3742 litteras
2609 3669 3028 3763 interceptas
3072 3667 3509 3739 continentes
3541 3680 3831 3762 expres·

1009 3815 1155 3885 sam
1192 3792 1404 3888 hujus
1448 3794 1846 3867 commercii
1881 3796 2301 3868 mentionem
2336 3791 2576 3884 nobiS‚
2624 3805 2696 3865 et
2743 3790 2982 3864 multis
3022 3791 3488 3884 magnatibus*
3518 3791 3588 3863 in
3641 3792 3830 3865 curia

1007 3925 1243 3989 nostra
1288 3914 1726 4012 presentibus
1771 3915 2033 4013 liquide
2082 3917 2564 3990 constiterunt.
2602 3914 2780 3988 Ecce
2827 3911 3180 4009 quomodo
3221 3936 3349 3985 nos
3382 3914 3662 3991 amabat
3703 3914 3832 3986 iste

1007 4038 1405 4112 karissimus
1431 4052 1633 4136 pater
1663 4051 1926 4132 noster,
1950 4030 2111 4114 ecce
2136 4043 2326 4113 zelus
2355 4040 2719 4112 laudabilis
2746 4048 2816 4111 et
2843 4036 3200 4130 diligentia
3230 4033 3628 4133 pastoralisl
3653 4036 3830 4110 Ecce

1004 4163 1298 4251 honesta
1327 4186 1541 4262 opera
1566 4165 1897 4262 principis
1932 4160 2408 4238 sacerdotuml
2445 4164 2504 4235 O
2539 4172 2843 4257 quantus
2877 4162 3266 4234 exhuberat
3297 4161 3369 4232 in
3401 4160 3654 4233 nostris
3688 4160 3829 4233 vis·

1070 4514 1146 4587 (ι)
1181 4513 1347 4584 Quasi
1370 4512 1684 4588 paniapom
1709 4512 1874 4587 hujus
1903 4512 2126 4570 sceleris
2150 4467 2369 4570 renam
2396 4511 2468 4570 do
2495 4511 2665 4570 wasa
2694 4516 2827 4569 tuno
2849 4515 3070 4585 mptum
3103 4515 3165 4569 οι
3189 4521 3315 4567 mox
3349 4508 3537 4566 ummo
3568 4508 3827 4582 mppucio

996 4611 1316 4669 damnatum
1337 4610 1580 4669 fuisseeo
1602 4610 1860 4669 libentius
1881 4610 2220 4683 crediderim,
2247 4610 2394 4684 quod
2417 4625 2535 4667 rem
2558 4609 2632 4666 ita
2651 4615 2833 4667 narret
2853 4608 3154 4667 Matthaeus
3169 4606 3501 4677 Parisiensis,
3512 4612 3831 4665 coaetaneus

999 4709 1247 4784 scriptor.
1279 4708 1361 4768 Cf.
1393 4710 1541 4767 Hist.
1568 4709 1701 4787 maj.
1733 4709 1982 4786 Ανιςὶονη
2008 4727 2080 4787 p.
2124 4712 2260 4784 5⁴⁴,
2296 4715 2354 4766 et
2388 4707 2708 4770 senteutiam
2747 4706 2805 4768 in
2840 4708 3091 4767 eumdem
3123 4707 3342 4765 Petrum
3368 4705 3657 4781 prolatam,
3685 4720 3826 4779 quae
