4525 6031
691 651 891 708 mmm.
922 645 1021 727 7.]
1580 644 1975 708 fflsronm
2024 645 2618 712 mrLoMA‘rtcA.
3395 648 3513 710 737

697 792 954 874 tuaque
1004 779 1350 874 probitate
1392 780 1697 873 pensatis
1728 833 1747 871 ,
1785 783 2105 856 volentes
2136 802 2504 879 personam
2544 791 2736 851 tuam
2774 780 3090 874 specialis
3136 782 3323 855 dono
3354 805 3513 876 gra-

694 905 787 976 tie
812 904 1189 992 honorare,
1227 901 1351 973 tibi
1374 902 1666 993 fructuS‚
1691 904 2006 977 redditus
2034 918 2102 978 et
2134 915 2514 1000 proventus
2541 903 2764 974 omnis
2789 901 3141 996 judicatus
3169 904 3509 1002 Arboree,

691 1047 901 1099 censu
951 1026 1073 1119 qui
1117 1047 1247 1120 pro
1286 1047 1372 1098 eo
1410 1025 1718 1098 Romane
1749 1029 2059 1102 Ecclesie
2107 1029 2404 1102 debetur
2444 1035 2775 1120 excepto,
2823 1026 3305 1121 percipiendos
3356 1052 3398 1101 a
3446 1041 3514 1108 te

689 1171 816 1245 per
845 1150 1039 1222 illum
1071 1151 1187 1222 vel
1229 1150 1384 1222 illos
1430 1170 1608 1243 quos
1639 1151 1730 1222 ad
1771 1151 1907 1224 boc
1938 1152 2350 1224 duxerimus
2375 1149 2849 1245 deputandOS,
2892 1149 3125 1242 quoad
3151 1151 3411 1224 vixeris
3445 1165 3516 1226 et

688 1294 911 1366 usque
937 1272 1030 1344 ad
1062 1282 1298 1344 nostre
1325 1272 1839 1368 beneplacitum
1865 1275 2272 1365 voluntatis,
2294 1273 2626 1348 duximus
2652 1274 3059 1348 auctoritate
3088 1276 3512 1371 presentium

689 1396 1203 1469 concedendos

784 1520 1036 1591 Datum
1060 1518 1421 1612 Lugduni,
1460 1519 1520 1594 11
1553 1540 1776 1592 nonas
1793 1519 2016 1613 junii,
2053 1541 2241 1594 anno
2271 1521 2389 1593 Vl.

792 2118 1256 2226 FridericuS,
1293 2118 1816 2202 Romanorum
1859 2117 2300 2227 imperator,
2344 2116 2603 2200 scribit
2644 2115 3249 2200 Bononiensibus
3294 2119 3502 2225 quod
3643 2124 3835 2179 um...]

684 2276 838 2334 non
864 2251 1167 2334 elevent
1213 2277 1296 2334 se
1335 2251 1414 2332 in
1466 2250 1901 2359 superbiam
1950 2259 2256 2361 propter
2306 2249 2697 2334 victoriam
2747 2248 3089 2332 habitam
3138 2250 3235 2332 de
3273 2250 3498 2336 Hen-

681 2381 839 2467 rico
874 2382 1031 2466 filio
1068 2408 1211 2466 suo
1228 2442 1253 2488 ,
1301 2390 1377 2465 et
1410 2382 1621 2491 quod
1656 2381 2149 2464 incontinenti
2184 2380 2505 2465 liberent
2546 2405 2761 2488 eum,
2800 2406 2979 2463 cum
3018 2380 3497 2466 Cremonen-

684 2515 922 2618 sibus,
962 2514 1518 2601 Mutinensibus
1552 2523 1629 2597 et
1666 2513 1838 2596 aliis
1871 2540 2070 2623 quos
2104 2523 2490 2624 ceperunt.

843 2781 1034 2861 (Edit.
1068 2784 1132 2842 in
1154 2778 1412 2842 Paride
1445 2780 1578 2841 Vin.
1607 2781 1801 2861 epist„
1834 2780 1941 2843 ub.
1972 2781 2056 2854 11,
2080 2798 2213 2859 cap.
2242 2780 2563 2854 xxxmn
2596 2780 2733 2842 coll.
2774 2796 2911 2844 cum
2946 2782 3080 2844 eod.
3109 2781 3264 2844 Bibl.
3296 2781 3494 2847 Cesar.

920 2889 1135 2960 Paris„
1147 2884 1332 2966 fonde
1355 2887 1770 2960 Nota-Dama,
1801 2897 1868 2948 n⁰
1896 2884 2068 2966 202.)

774 3128 1018 3201 Varios
1071 3139 1366 3201 eventus
1412 3149 1564 3201 esse
1617 3129 1893 3201 fortune
1939 3126 2231 3202 diversis
2270 3127 2523 3220 legitur
2562 3127 2637 3199 in
2668 3126 3025 3223 scripturis
3048 3180 3070 3218 ,
3131 3148 3267 3222 que
3303 3150 3500 3203 ‚nunc

678 3250 1004 3347 deprimit
1037 3250 1426 3341 hominem,
1464 3274 1654 3324 nunc
1703 3252 2005 3343 exaltat,
2057 3259 2128 3324 et
2159 3272 2326 3347 sepe
2370 3249 2729 3324 blanditur
2766 3250 3038 3344 aliquos
3074 3250 3451 3324 exaltando
3473 3304 3495 3344 ,

680 3396 855 3469 quos
896 3375 1178 3449 demum
1228 3376 1688 3471 deprimendo
1734 3374 2099 3449 insanabili
2133 3375 2428 3447 vulnere
2477 3374 2877 3470 frequenter
2916 3375 3216 3471 percutit
3264 3384 3337 3447 et
3374 3375 3498 3448 fla·

677 3500 913 3593 gellat.
972 3500 1041 3571 Si
1080 3521 1209 3572 vos
1259 3500 1470 3593 igitur
1513 3501 1792 3572 fortuna
1831 3500 2142 3574 serenior
2184 3500 2574 3594 respexisse
2604 3498 2885 3572 videtur
2917 3497 3028 3569 his
3073 3498 3502 3595 temporibus

676 3622 863 3696 claro
907 3624 1108 3696 vultu
1137 3676 1158 3714 ‚
1210 3644 1354 3696 non
1401 3624 1747 3696 deberetis
1771 3675 1793 3714 ‚
1847 3624 1906 3695 si
1958 3624 2308 3718 sapientes
2359 3623 2602 3695 essetis
2623 3676 2644 3714 ‚
2697 3622 2770 3695 in
2814 3621 3049 3715 aliquo
3092 3622 3452 3717 superbire
3476 3673 3498 3712 ‚

676 3746 839 3840 quia
887 3746 1121 3841 sepius
1172 3747 1244 3817 in
1294 3748 1516 3818 altum
1566 3747 1723 3840 quis
1761 3748 2045 3837 tollitur,
2099 3756 2178 3818 ut
2214 3767 2425 3817 ruens
2461 3746 2704 3818 fortius
2752 3756 3276 3838 conquassetur.
3327 3745 3502 3816 Nam

677 3890 842 3964 sepe
900 3871 1176 3942 fortuna
1234 3869 1517 3943 videtur
1571 3871 1640 3941 in
1692 3870 2032 3966 principio
2086 3891 2420 3965 prospera
2476 3869 2809 3941 nunciare
2829 3920 2851 3960 ,
2908 3869 3032 3941 sed
3083 3869 3392 3942 medium
3432 3878 3504 3940 et

673 3989 886 4065 finem
950 3992 1187 4063 multis
1251 3993 1477 4087 replet
1536 3993 2071 4065 adversitatibus
2125 4008 2198 4064 et
2254 3991 2631 4064 concludit.
2697 3992 3013 4062 Relatum
3073 4002 3179 4063 est
3241 3992 3501 4064 etenim

677 4112 1185 4208 magnificentie
1234 4124 1468 4189 nostre
1510 4114 1701 4210 quod
1745 4115 1818 4188 in
1847 4115 2138 4191 victoria
2168 4114 2371 4187 vobis
2399 4114 2565 4187 data
2581 4166 2603 4204 ,
2644 4112 2902 4185 fecistis
2943 4133 3204 4187 cornua
3238 4113 3459 4185 ferrea
3475 4166 3497 4205 ,

680 4259 841 4312 oum
874 4239 1128 4334 quibus
1161 4248 1380 4310 totum
1409 4240 1650 4311 orbem
1682 4239 1965 4312 creditis
1989 4239 2369 4328 ventilare,
2411 4247 2483 4308 et
2508 4236 2759 4309 elevati
2792 4236 2865 4306 in
2893 4236 3218 4331 superbia
3247 4257 3499 4335 magna

680 4361 887 4434 valde
909 4415 929 4453 ,
964 4360 1372 4433 Lombardis
1402 4362 1728 4435 fratribus
1762 4363 2010 4436 vestris
2044 4360 2434 4453 arrogantie
2477 4380 2769 4431 munera
2795 4358 3262 4431 transmisistis
3282 4412 3304 4451 ‚
3342 4381 3505 4432 cum

682 4485 783 4559 eis
828 4485 1302 4557 solemnitates
1357 4495 1428 4557 et
1474 4507 1728 4578 magna
1766 4486 2020 4580 gaudia
2077 4485 2537 4557 celebrantes.
2588 4482 2728 4555 Sed
2773 4483 2905 4554 nisi
2949 4483 3086 4555 cito
3136 4484 3505 4558 elationem

679 4617 985 4681 vestram
1018 4607 1111 4679 ad
1139 4609 1745 4683 mansuetudinem
1778 4608 2234 4701 convertam,
2270 4627 2531 4679 cornua
2560 4607 2785 4679 ferrea
2812 4628 2950 4706 que
2984 4608 3239 4680 fecistis
3275 4608 3508 4682 subito

679 4733 943 4828 impetu
992 4732 1518 4827 confringentur
1565 4759 1585 4805 z
1631 4734 1808 4805 risus
1840 4742 2076 4804 vester
2123 4730 2364 4805 dolore
2406 4731 2806 4809 miscebitur
2827 4784 2848 4822 ‚
2881 4740 2959 4809 et
2991 4730 3322 4825 gaudium
3352 4753 3510 4804 ves-
