4525 6031
743 611 745 614 ⁴
789 652 993 711 mm.
1024 648 1116 731 6.]
1452 634 1463 639 “
1679 644 2076 707 ms'ronm
2124 645 2722 709 mrnousrch.
3500 641 3624 706 569

792 784 1124 882 expensis
1166 785 1351 855 ultra
1392 781 1639 875 viginti
1690 780 1949 854 solidos
1983 781 2428 854 Ravennates
2464 783 2579 854 vel
2616 780 3068 853 Anconenses
3111 781 3382 853 solvere
3427 780 3624 852 nullo

791 911 1006 984 modo
1040 917 1439 997 teneantur,
1470 915 1813 1002 potestate
1849 906 1963 978 vel
1998 907 2311 1000 quolibet
2353 907 2490 980 alio
2533 906 2653 1000 qui
2684 915 2927 979 contra
2974 927 3260 1002 presens
3289 915 3626 1003 statutum

792 1043 1110 1108 nostrum
1144 1031 1386 1105 venire
1413 1029 1914 1125 presumpserit
1937 1030 2486 1122 indignationem
2516 1031 2733 1103 nostri
2766 1030 3085 1102 culminis
3112 1029 3504 1102 incursuro.

889 1160 1145 1230 Datum
1174 1156 1247 1226 in
1278 1154 1523 1228 castris
1553 1153 1625 1225 in
1658 1153 2021 1226 obsidione
2049 1153 2321 1244 Parme,
2354 1154 2450 1225 IX
2480 1153 2920 1250 septembris,
2951 1153 3041 1224 VI
3067 1152 3473 1225 indictione.

892 1280 1036 1352 Hec
1067 1280 1294 1350 littera
1326 1279 1532 1368 lecta,
1560 1278 1897 1348 ascultata
1922 1285 1994 1348 et
2016 1278 2414 1372 exemplata
2441 1275 2573 1347 fuit
2595 1276 2667 1347 in
2692 1275 3041 1372 presentia
3074 1276 3338 1348 domini
3375 1275 3629 1348 Zelocti

788 1403 1045 1496 judicis
1098 1400 1488 1475 communis
1540 1399 1863 1491 Auximi,
1903 1400 2199 1473 Victoris
2249 1399 2718 1472 Bartholomei
2736 1454 2757 1490 ,
2795 1398 2948 1471 Ade
2980 1398 3218 1471 Jacobi
3236 1452 3257 1488 ‚
3295 1397 3632 1492 Stephani

797 1527 1093 1622 Philippi
1137 1524 1484 1598 Armarini
1502 1577 1522 1613 ,
1562 1524 1845 1597 Andree
1896 1522 2351 1615 Marchesini,
2392 1522 2677 1597 Matthei
2722 1522 3015 1613 notarii,
3053 1522 3317 1595 Thome
3363 1522 3630 1594 Alberti

799 1648 1053 1722 notarii
1085 1657 1157 1721 et
1189 1645 1507 1721 Rainaldi
1538 1646 1775 1719 Jacobi
1809 1646 2098 1735 notarii,
2140 1646 2213 1717 in
2247 1646 2505 1742 palatio
2538 1646 2926 1718 communis
2962 1645 3210 1741 prefati
3230 1699 3251 1736 ,
3283 1646 3414 1717 sub
3446 1666 3633 1718 anno

803 1772 1067 1846 domini
1086 1773 1181 1846 M.
1197 1766 1527 1869 CC.[X]L.
1543 1770 1686 1860 VII,
1710 1768 1824 1841 die
1846 1770 1972 1841 XV
1995 1769 2298 1841 intrante
2322 1790 2560 1842 mense
2586 1770 3014 1862 novembris,
3034 1771 3095 1844 V
3111 1768 3485 1842 indictione
3496 1766 3629 1864 (a),

808 1907 1116 1992 tempore
1149 1894 1412 1969 domini
1445 1893 1752 1966 Federici
1783 1895 2254 1966 Romanorum
2286 1892 2746 1990 imperatoris.

912 2430 1338 2514 Fridericus
1362 2492 1386 2538 ,
1455 2431 1977 2514 Romanorum
2048 2429 2501 2540 imperator,
2578 2432 2991 2542 capitaneis
3064 2435 3278 2545 regni
3339 2435 3639 2520 Siciliae

809 2563 1069 2647 scribit
1103 2565 1200 2646 de
1233 2562 1580 2671 captione
1613 2562 1965 2668 Breselli,
2007 2564 2461 2673 nuntiatque
2498 2565 2690 2655 dum
2725 2566 3134 2647 cardinalis
3174 2567 3639 2652 Octavianus

807 2696 941 2803 qui
1006 2696 1105 2777 ad
1164 2720 1614 2778 succursum
1670 2694 1989 2777 Parmae
2039 2696 2446 2778 advenerat
2509 2706 2688 2779 vota
2739 2696 3230 2781 obsessorum
3303 2698 3639 2783 frustra-

805 2827 1035 2935 verit,
1074 2829 1170 2910 de
1195 2828 1419 2910 celeri
1454 2828 1670 2911 urbis
1706 2826 2087 2910 deditione
2121 2853 2278 2911 non
2315 2853 2481 2911 esse
2515 2827 3059 2911 dubitandum.

974 3042 1164 3122 (Edit.
1206 3060 1305 3121 ap.
1350 3042 1521 3102 Petri
1564 3039 1633 3102 de
1674 3041 1808 3101 Vin.
1850 3042 2049 3121 epist„
2078 3041 2182 3102 lib.
2214 3041 2308 3118 11,
2348 3058 2483 3119 cap.
2526 3042 2849 3120 XXXVII3
2888 3044 3025 3105 coll.
3065 3060 3204 3105 cum
3248 3047 3429 3107 variis
3469 3046 3637 3108 codi-

1048 3150 1244 3227 cibus,
1271 3152 1585 3227 praecipue
1610 3151 1674 3210 in
1699 3148 1857 3210 Bibl.
1888 3153 2086 3210 Cesar.
2119 3150 2337 3226 Paris„
2349 3146 2535 3227 fonds
2559 3150 2975 3230 Nota-Dama,
3005 3160 3074 3211 n⁰
3105 3150 3272 3231 202.)

905 3339 1089 3409 Dum
1124 3336 1395 3432 imperii
1434 3336 1653 3408 nostri
1697 3337 1948 3431 pelago
1991 3336 2391 3428 navigando
2436 3336 2729 3409 feliciter
2774 3339 3145 3429 longevam
3191 3339 3386 3432 regni
3417 3343 3640 3414 nostri

808 3459 1215 3534 fidelitatem
1241 3459 1695 3549 advertimuS‚
1730 3459 1900 3531 dum
1932 3459 2175 3532 sedula
2207 3480 2600 3552 magnaque
2632 3470 2864 3533 vestra
2895 3470 2968 3533 et
2997 3462 3292 3534 aliorum
3324 3463 3637 3556 ejusdem

808 3585 1005 3679 regni
1051 3584 1328 3657 servitia
1374 3584 1955 3678 contemplamur,
1986 3583 2170 3655 inter
2212 3583 2448 3681 quiete
2489 3585 2681 3679 pacis
2728 3594 2962 3658 nostre
3002 3585 3322 3678 delicias,
3354 3610 3528 3681 quas
3562 3590 3636 3661 in

809 3708 1231 3781 hereditario
1268 3727 1486 3799 regno
1531 3716 1768 3779 nostro
1812 3706 2042 3778 Sicilie
2089 3707 2372 3802 proprio
2415 3707 2650 3779 labore
2684 3708 3147 3801 quesivimus,
3185 3721 3278 3790 ets
3299 3710 3532 3783 adhuc
3561 3711 3636 3783 in

809 3833 1023 3929 ipsius
1051 3831 1580 3905 conservatione
1612 3830 2043 3926 persistimus
2059 3883 2081 3921 ,
2118 3830 2432 3902 debitum
2471 3832 2671 3904 vobis
2715 3831 3232 3926 quodammodo
3263 3835 3631 3926 solvimuS,

811 3957 980 4029 dum
1033 3955 1435 4027 felicitatem
1487 3953 1710 4027 nostri
1771 3953 2092 4025 culminis
2151 3954 2591 4025 nunciamuS.
2649 3956 2813 4026 Post
2866 3956 3285 4050 descriptam
3334 3958 3635 4051 denique

809 4081 1011 4152 vobis
1036 4078 1467 4151 obsidionem
1499 4077 1943 4149 Parmensem
1970 4098 2098 4170 per
2122 4077 2297 4149 alios
2326 4076 2545 4149 nostri
2572 4078 2892 4149 culminis
2918 4080 3175 4172 apiceS,
3208 4101 3291 4151 ac
3327 4080 3635 4153 debella·

813 4203 1072 4276 tionem
1098 4211 1168 4274 et
1195 4201 1587 4296 captionem
1615 4200 1925 4296 ipsorum
1961 4200 2035 4270 in
2079 4219 2221 4271 non
2249 4199 2525 4271 modica
2551 4200 2964 4293 quantitate,
2992 4211 3228 4295 preter
3246 4203 3381 4273 alia
3412 4213 3636 4277 castra

812 4336 882 4399 et
903 4328 1056 4399 loca
1086 4346 1299 4419 quam
1330 4323 1631 4419 plurima
1660 4324 2080 4418 permunita,
2117 4345 2244 4418 per
2270 4322 2603 4395 dilectum
2633 4320 2851 4393 filium
2885 4334 3196 4396 nostrum
3231 4327 3630 4419 Henricum,

810 4451 1149 4522 illustrem
1177 4469 1414 4540 regem
1440 4447 1757 4520 Sardinie
1800 4458 1873 4520 et
1906 4447 2083 4520 sacri
2118 4447 2390 4543 imperii
2425 4447 2498 4518 in
2531 4447 2726 4519 Italia
2754 4449 3151 4539 generalem
3181 4450 3523 4541 legatum,
3564 4462 3636 4524 et

810 4574 1170 4647 Ezelinum
1210 4572 1298 4644 de
1330 4572 1642 4645 Romano
1686 4572 2017 4644 dilectum
2055 4569 2336 4644 fidelem
2367 4580 2679 4643 nostrum
2698 4624 2719 4661 ,
2756 4571 2876 4666 qui
2906 4572 3221 4668 predicta
3250 4574 3325 4646 iu
3357 4575 3634 4648 nomine

898 4749 980 4829 (a)
1025 4749 1097 4811 Id
1123 4756 1216 4811 est
1229 4745 1593 4829 pontificalis
1619 4749 1890 4810 indictio.

3739 2444 4004 2497 [septembri

3759 2498 3983 2554 exenta]
