4525 6031
1619 646 1874 706 INDEX
1922 647 2629 709 DOCUMENTORUM.
3411 647 3539 709 985

3206 814 3535 824 *—

725 850 954 927 1248

722 988 796 1040 30
825 995 964 1057 aug.
1071 974 1378 1053 Lugduni.
1474 1006 1555 1018 —
1594 973 1659 1035 S.
1686 973 1935 1036 Sanctae
1959 976 2182 1036 Mariae
2206 981 2371 1036 trans
2398 975 2659 1037 Tiberim
2685 975 3028 1053 presbytero
3057 976 3339 1036 cardinali
3367 992 3538 1036 man-

1555 1072 1662 1132 dat
1684 1072 1844 1149 quod
1872 1076 1935 1132 in
1961 1073 2143 1145 Urbe,
2163 1073 2486 1150 Campania
2507 1081 2567 1133 et
2594 1074 2890 1133 Maritima
2916 1089 3151 1133 crucem
3171 1080 3379 1132 contra
3405 1075 3537 1134 Fri-

1554 1168 1818 1229 dericum
1862 1170 2146 1246 publicari
2192 1171 2400 1248 faciat,
2442 1177 2753 1248 totumque
2799 1187 3046 1248 regnum
3088 1171 3320 1231 Siciliae
3347 1173 3539 1231 moni·

1554 1269 1717 1326 tione
1749 1270 1982 1343 praevia
2009 1276 2308 1345 supponat
2334 1270 2646 1329 interdicto
2663 1313 2682 1347 ,
2712 1276 2825 1328 etc.
3420 1276 3538 1328 646

732 1386 790 1438 1⁰
817 1385 962 1455 πμ,
1081 1376 1377 1455 Lugduni,
1476 1395 1559 1407 —
1596 1363 2050 1441 Archiepiscopo
2103 1364 2348 1426 Barensi
2390 1373 2651 1427 castrum
2702 1367 2925 1426 Bitricti
2986 1366 3061 1426 ad
3120 1367 3539 1443 proprietatem

1556 1462 1830 1522 Bal-ensis
1867 1464 2143 1523 ecclesiae
2187 1467 2483 1540 pertinens
2536 1466 2697 1540 quod
2752 1465 3087 1524 Fridericus
3134 1465 3210 1525 G.
3256 1465 3539 1525 Francico

1556 1561 1906 1629 contulerat,
1937 1576 2124 1637 quum
2146 1577 2397 1638 regnum
2424 1560 2655 1621 Siciliae
2679 1578 2840 1621 nunc
2867 1578 3004 1639 rege
3028 1567 3254 1639 careat,
3286 1564 3543 1622 restituit

1555 1663 1614 1717 et
1640 1657 1716 1716 de
1740 1674 1896 1717 novo
1924 1660 2214 1719 concedit.
3424 1667 3534 1718 651

706 1775 780 1825 14
809 1773 956 1844 sept,
1076 1769 1377 1847 Lugduni,
1477 1755 1933 1838 —·Her1nanno
1978 1758 2307 1817 marchioni
2352 1757 2427 1817 de
2462 1759 2660 1818 Baden
2700 1758 2979 1818 ducatum
3007 1755 3281 1816 Austriae
3306 1759 3408 1833 qui
3439 1774 3543 1832 per

1554 1851 1926 1912 donationem
1973 1853 2047 1913 G.
2103 1854 2372 1914 ducissae
2416 1852 2688 1914 Austriae
2736 1856 2936 1922 uxoris
2975 1856 3105 1928 ejus
3147 1855 3259 1929 ipsi
3284 1854 3543 1929 legitime

1553 1948 1865 2010 devolutus
1890 1950 2126 2023 dicitur,
2157 1953 2506 2011 auctoritate
2534 1950 2853 2027 apostolica
2879 1947 3210 2009 confirmat.
3423 1958 3538 2010 653

703 2064 780 2117 24
808 2062 957 2133 sept,
1074 2059 1374 2139 Lagnum,
1473 2078 1554 2089 —
1593 2047 1881 2122 Episcopo
1908 2047 2255 2106 Taurinensi
2284 2047 2529 2106 mandat
2563 2047 2723 2124 quod
2751 2047 3244 2115 Mediolanenses,
3275 2046 3540 2106 Januen-

1552 2160 1645 2202 ses
1692 2150 1753 2202 et
1787 2144 2159 2203 Placentinos
2196 2151 2370 2220 cogat
2411 2145 2488 2204 ad
2529 2145 2851 2204 mittendos
2884 2144 3186 2203 Bonisacio
3212 2144 3540 2205 marchioni

1551 2242 1976 2301 Montisferrati
2017 2243 2229 2301 milites
2266 2249 2327 2303 et
2359 2242 2690 2302 balistarios
2734 2258 2887 2318 quos
2922 2243 3035 2300 iste
3080 2240 3294 2300 nobilis
3339 2243 3539 2319 requi-

1551 2343 1650 2400 rit.
3420 2346 3537 2398 936

743 2457 774 2507 7
804 2446 937 2508 (ιω,
1072 2450 1373 2528 Lugduni,
1471 2469 1553 2484 -
1593 2437 1984 2496 Miserabilem
2003 2437 2166 2513 regni
2185 2435 2417 2496 Sicillae
2439 2441 2661 2495 statum
2686 2435 2818 2494 fuse
2842 2433 3143 2508 describit,
3169 2440 3229 2493 et
3252 2435 3537 2495 reforma-

1554 2536 1698 2593 tioni
1733 2533 2021 2592 Ecclesiae
2063 2548 2242 2609 quam
2296 2531 2632 2591 reformatio
2687 2533 2853 2607 regni
2907 2531 3092 2607 ipsius
3146 2530 3539 2606 subsequetur

1553 2631 1851 2708 providet,
1915 2631 2193 2689 universa
2239 2636 2464 2689 statuta
2508 2632 2572 2688 in
2628 2627 3051 2704 praejudicium
3110 2628 3538 2689 ecclesiasticae

1552 2728 1840 2788 libertatis
1865 2726 2023 2786 edita
2057 2727 2224 2785 irrita
2249 2726 2641 2795 decernendo,
2663 2733 2777 2784 etc.
3421 2733 3536 2785 676

739 2844 776 2895 a
801 2835 933 2898 dee,
1071 2841 1373 2919 Lugdum,
1473 2861 1554 2871 -
1593 2828 1765 2887 Cives
1785 2825 2090 2910 Aquenses
2127 2824 2503 2883 commendat
2534 2823 2696 2900 quod
2732 2823 2810 2882 ad
2844 2823 3215 2882 devotionem
3246 2823 3539 2882 Ecclesiae

1552 2927 1671 2985 sint
1706 2925 1925 2984 reversl
1945 2966 1963 2992 ‚
2011 2928 2324 2998 monetque
2369 2938 2432 2981 se
2474 2924 2823 2981 senientiam
2851 2927 3057 2980 contra
3084 2920 3448 2981 Fridericum
3479 2928 3541 2981 et

1552 3022 1887 3083 conradum
1920 3020 2110 3080 filium
2138 3022 2266 3096 ejus
2294 3021 2358 3077 in
2386 3021 2629 3079 concilio
2656 3018 3038 3095 Lugdunensi
3066 3019 3245 3078 latam
3278 3020 3532 3078 inviola—

1552 3120 1749 3180 biliter
1772 3118 2243 3179 observaturum.
3417 3125 3526 3176 681

742 3232 777 3282 9
805 3224 933 3285 dec.
1071 3232 1372 3310 Lugduni,
1475 3250 1553 3262 —
1594 3216 2041 3292 Archiepiscopo
2086 3214 2434 3289 Maguntino
2466 3219 2527 3272 et
2559 3213 2745 3273 electo
2780 3215 3041 3290 Spirensi
3084 3214 3329 3273 mandat
3374 3214 3537 3290 quod

1550 3314 1889 3371 vicesimam
1920 3312 2444 3370 ecclesiasticorum
2475 3318 2865 3386 proventuum
2894 3312 3108 3372 Terrae
3132 3312 3383 3372 Sanctae
3401 3310 3538 3370 sub-

1549 3409 1700 3468 sidio
1754 3409 2096 3485 deputatam
2132 3424 2236 3482 per
2275 3408 2688 3467 Alemanniam
2742 3408 3054 3486 colligant,
3104 3414 3162 3468 et
3215 3408 3361 3467 nulli
3406 3424 3536 3467 eam

1548 3509 1851 3581 assignent
1877 3508 2006 3566 sine
2032 3522 2141 3564 sua
2171 3507 2404 3565 licentia
2431 3508 2690 3581 speciali.
3419 3514 3533 3566 682

722 3618 795 3671 23
818 3610 948 3671 dee,
1071 3618 1369 3696 Lugdum,
1470 3634 1549 3646 -—
1589 3603 1662 3662 Ο.
1684 3603 1934 3663 Sanctae
1959 3601 2180 3661 Mariae
2202 3604 2262 3660 in
2284 3604 2394 3662 Via
2413 3603 2557 3662 Lata
2571 3603 2820 3662 diacono
2839 3602 3144 3673 cardinali,
3168 3602 3538 3677 Apostolicae

1546 3698 1716 3758 Sedis
1751 3700 1973 3775 legato,
2019 3699 2260 3758 mandat
2301 3699 2459 3775 quod
2488 3699 2983 3775 dispensationem
3027 3698 3104 3757 de
3143 3700 3318 3757 tertio
3349 3699 3535 3775 gradu

1547 3796 2077 3871 consanguinitatis
2124 3798 2276 3854 inter
2325 3795 2594 3855 Ulricum
2630 3801 2832 3855 natum
2888 3795 3050 3853 ducis
3101 3793 3436 3853 carinthiae
3472 3802 3533 3857 et

726 3844 950 3921 1249
1548 3891 1835 3967 Agnetem
1853 3898 2088 3967 neptem
2112 3892 2476 3968 patriarchae
2493 3893 2907 3968 Aquilegensis
2929 3891 3173 3963 tribuat,
3196 3898 3303 3950 etc.
3416 3901 3531 3951 683

746 3993 779 4042 5
806 3989 930 4061 jan.
1068 3984 1369 4064 Lugduni.
1470 4021 1548 4033 -
1588 3990 1655 4047 ln
1687 3988 1922 4049 Petrum
1950 3990 2172 4049 dictum
2204 3990 2535 4049 Bicherium
2563 3990 2638 4049 de
2665 3991 2944 4050 Vercellis
2969 3989 3225 4061 invehit,
3257 3992 3361 4065 qui
3389 3989 3535 4049 dum

1548 4083 1727 4144 fuerit
1752 4085 2047 4145 exaltatus
2083 4086 2156 4144 de
2188 4085 2359 4143 bonis
2402 4087 2729 4164 Ecclesiae,
2758 4087 3057 4146 Friderico
3083 4086 3386 4163 quondam
3415 4088 3532 4145 im-

1548 4182 1802 4256 peratori
1831 4180 2201 4256 impudenter
2228 4181 2525 4240 adhaeret.
3167 4190 3308 4258 683,
3339 4187 3460 4240 not.
3500 4191 3525 4241 1

721 4284 788 4334 31
822 4277 949 4351 jan.
1080 4275 1373 4356 Lugduni.
1469 4309 1549 4320 —
1589 4276 1891 4335 Willelmo
1934 4279 2057 4353 regi
2096 4277 2499 4336 Romanorum
2541 4276 2744 4336 scribit
2774 4276 2934 4354 quod
2962 4279 3137 4337 uxori
3175 4277 3535 4337 marchionis

1550 4373 1625 4432 de
1649 4373 1878 4451 Baden,
1907 4389 2093 4449 quum
2118 4375 2227 4432 iste
2255 4373 2469 4433 nobilis
2495 4390 2729 4434 crucem
2757 4381 2962 4433 contra
2983 4374 3347 4433 Fridericum
3367 4391 3532 4433 assu·

1551 4485 1712 4529 mere
1755 4473 1833 4529 sit
1877 4477 2151 4546 paratus,
2192 4471 2475 4531 ducatum
2515 4474 2786 4531 Austriae
2821 4478 2880 4530 et
2918 4473 3118 4530 omnia
3159 4470 3333 4530 feoda
3366 4471 3533 4530 ducis

1549 4567 1835 4626 Friderici
1867 4567 2130 4643 ejusdem
2160 4566 2432 4626 dominae
2460 4570 2685 4643 patrui,
2717 4567 2979 4627 conferre
3007 4566 3169 4627 velit.
3413 4575 3530 4625 690

727 4669 762 4720 6
792 4660 946 4721 febr.
1071 4662 1374 4741 Lugduni.
1470 4696 1550 4708 —
1588 4664 1875 4740 Episcopo
1918 4666 2324 4740 Ratisponensi
2368 4665 2610 4724 mandat
2655 4672 2723 4724 ut
2757 4665 2965 4724 ducem
3008 4666 3293 4723 Bavariae
3323 4670 3532 4724 contra

1540 4765 1941 4839 juramentum
1967 4778 2142 4822 suum
2183 4763 2482 4824 Friderico
2517 4763 2752 4823 assidue
2780 4762 3197 4823 adhaerentem
3223 4767 3282 4821 et
3310 4765 3362 4839 ej
3372 4779 3438 4821 us
3469 4766 3530 4822 in
