4525 6031
733 678 932 740 Iunior.
965 680 1057 756 7.]
1624 677 2019 742 HISTORIA
2066 679 2661 742 ntPLOMAthA.
3431 682 3554 743 685

735 809 895 891 lum
932 809 1012 890 in
1050 810 1638 893 destructionem
1675 812 2019 893 omnium
2057 813 2489 921 principum
2511 874 2533 919 ,
2582 813 2713 895 sed
2750 813 2979 895 etiam
3020 813 3096 894 in
3139 838 3321 897 suae
3357 814 3555 900 vitae

734 942 1221 1054 naufragium
1294 944 1766 1052 conspirent,
1848 944 2180 1027 felicitati
2250 945 2732 1027 orientalium
2804 955 3260 1056 potestatum
3337 947 3550 1031 invi-

732 1075 920 1156 dens
968 1101 1165 1186 quae
1201 1076 1389 1159 tales
1427 1075 1992 1159 adinventiones
2028 1103 2181 1160 non
2219 1088 2599 1161 verentur.

893 1323 1140 1404 (Inedtt.
1172 1343 1243 1386 ex
1272 1326 1405 1387 cod.
1439 1324 1593 1387 Bibl.
1624 1325 1821 1387 Cesar.
1853 1328 2189 1390 vindobon.
2224 1326 2560 1409 Philoloque
2584 1329 2767 1407 dicto,
2797 1341 2863 1389 11⁰
2895 1339 3042 1406 305,
3066 1329 3172 1390 fol.
3211 1338 3320 1390 128
3355 1347 3549 1410 verso,

973 1440 1086 1492 129
1113 1435 1296 1508 recto,
1326 1436 1646 1495 incorrecte
1663 1439 1862 1494 tamen
1889 1441 1957 1495 ut
1983 1435 2133 1496 solet
2157 1442 2422 1496 exarato.
2453 1436 2702 1497 Mendes
2727 1436 3113 1498 evidentiores
3134 1436 3551 1516 correximus.)

823 1671 1210 1744 Fridericus
1240 1672 1575 1763 Battaci0,
1608 1682 1744 1746 etc.
1775 1673 1845 1746 Si
1878 1682 2214 1767 quantum
2244 1675 2427 1748 votis
2457 1675 2711 1748 nostris
2742 1675 3162 1770 applauditis
3188 1674 3259 1745 in
3284 1683 3552 1747 vestro-

729 1818 879 1867 rum
919 1796 1282 1889 magnifica
1304 1797 1746 1874 nuntiatione
1783 1820 2224 1871 successuum
2255 1798 2595 1871 industria
2625 1809 2857 1872 vestra
2886 1799 3205 1890 sentiret,
3244 1801 3555 1894 profecto

728 1922 1043 2014 palparet
1069 1931 1462 1992 nostrarum
1500 1920 1773 1992 aurium
1808 1922 2043 2016 sepius
2076 1923 2451 1995 insinuatio
2476 1934 2708 1996 vestra
2717 1975 3546 1997 ...........

727 2044 816 2115 ad
859 2054 1209 2116 extremas
1241 2067 1461 2139 usque
1494 2045 1768 2116 virtutis
1794 2056 1868 2118 -et
1896 2047 2208 2141 potentie
2237 2056 2459 2119 metas
2492 2047 2832 2119 currentis
2863 2049 3137 2119 fortune
3173 2047 3556 2119 calcaribus

730 2168 1057 2240 intaxetis
1091 2167 1245 2266 (sic)
1282 2169 1512 2241 adhuc
1549 2169 1756 2241 etiam
1789 2170 2160 2262 grandiora
2204 2173 2640 2263 magnalibus
2682 2172 3146 2263 inculcantes,
3183 2183 3264 2244 ut
3297 2172 3390 2244 ad
3425 2192 3555 2244 nos

727 2293 1071 2365 felicitatis
1108 2304 1339 2366 vestre
1388 2294 1752 2366 fecundius
1790 2306 1861 2367 et
1903 2305 2133 2367 vestre
2172 2296 2623 2387 jocunditatis
2664 2295 2950 2368 hilarius
3003 2296 3254 2392 pagina
3300 2296 3555 2369 noticie

723 2417 1141 2511 perveniret.
1194 2419 1415 2510 Hujus
1456 2420 1963 2515 expectationis
1994 2429 2067 2492 et
2097 2420 2422 2493 desiderii
2456 2420 2674 2492 nostri
2716 2441 2997 2493 causam
3031 2442 3171 2492 non
3214 2422 3360 2493 sola
3393 2442 3552 2516 pre-

724 2541 1048 2613 cordialis
1073 2541 1349 2614 affectio
1376 2564 1588 2636 quam
1616 2544 1707 2616 ad
1738 2565 2106 2638 personam
2141 2555 2446 2618 vestram
2482 2544 2821 2616 habemus
2853 2544 3148 2634 inducit,
3179 2545 3306 2617 sed
3334 2565 3553 2637 gene-

723 2667 887 2738 ralis
922 2675 994 2739 et
1025 2688 1242 2762 purus
1272 2665 1781 2758 magnificentie
1814 2678 2049 2740 nostre
2076 2670 2265 2741 zelus
2294 2689 2436 2763 quo
2462 2667 2879 2740 secularium
2911 2668 3222 2740 omnium
3248 2675 3553 2762 potesta-

725 2802 907 2881 tum,
944 2791 1414 2883 quorumlibet
1444 2812 1686 2883 regum
1727 2801 1798 2864 et
1834 2792 2264 2888 principum,
2302 2793 2730 2865 incrementa
2769 2791 3122 2884 diligimus
3158 2800 3230 2863 et
3262 2791 3556 2863 libenter

723 2915 1075 3005 audimuS,
1111 2915 1290 2987 adeo
1340 2916 1534 3009 quod
1568 2938 1712 2988 non
1757 2917 1980 2989 solum
2025 2916 2119 2988 ad
2163 2937 2285 2988 eos
2335 2937 2511 3010 quos
2557 2915 2759 2988 nobis
2808 2917 3092 3010 antiqua
3136 2915 3391 2988 noticia
3440 2916 3553 2987 vel

723 3041 1003 3113 dilectio
1035 3040 1352 3135 specialis
1385 3039 1637 3129 innuit,
1668 3041 1793 3114 sed
1826 3042 1919 3115 ad
1955 3042 2302 3137 quoslibet
2329 3042 2598 3114 nobiles
2626 3062 2964 3135 generosa
2997 3041 3304 3137 preditos
3335 3040 3558 3132 digni-

726 3174 893 3255 tate,
934 3165 1135 3238 nobis
1168 3165 1376 3237 etiam
1405 3187 1689 3259 prorsus
1726 3166 2024 3257 ignotOS,
2055 3175 2294 3238 votum
2324 3164 2723 3258 hujusmodi
2755 3186 3220 3261 propagemus
3242 3175 3311 3237 et
3337 3186 3554 3257 gene-

725 3290 961 3360 raliter
1038 3288 1439 3361 affectemus
1509 3288 1795 3362 eosdem
1867 3290 2388 3385 progenitorum
2448 3311 2731 3362 suorum
2794 3289 3097 3383 antiquis
3172 3288 3552 3360 honoribus

727 3414 984 3508 perfrui
1014 3424 1084 3485 et
1113 3412 1365 3485 votivis
1399 3414 1973 3508 prosperitatibus
2011 3414 2332 3486 exaltari.
2388 3415 2534 3486 Nec
2577 3413 2740 3485 facit
2776 3413 2909 3486 boc
2953 3423 3222 3485 tantum
3263 3413 3552 3484 Cesaree

724 3541 998 3610 fortune
1027 3537 1404 3629 fastigium,
1440 3538 1630 3630 quod
1658 3539 1851 3611 velut
1878 3559 2200 3632 supreme
2230 3537 2572 3611 felicitatis
2608 3547 2682 3610 et
2712 3537 2989 3634 proprie
3023 3537 3228 3609 sortis
3261 3547 3553 3610 conten-

726 3658 870 3735 tum
903 3661 1043 3734 vite
1076 3684 1216 3734 non
1245 3662 1513 3734 invidet
1538 3661 1793 3752 aliene,
1820 3661 1943 3734 sed
1972 3663 2274 3755 quedam
2305 3663 2575 3733 occulta
2605 3661 2980 3733 necessitas
3000 3682 3212 3755 quam
3238 3660 3555 3734 attende-

725 3796 883 3859 rent
911 3785 1371 3858 necessariam
1412 3787 1564 3876 alii,
1612 3786 1790 3858 sicut
1836 3807 1966 3858 nos
2013 3787 2141 3882 ipsi
2186 3785 2643 3882 prospicimus
2689 3793 2760 3856 et
2805 3786 3164 3857 sentimus,
3202 3786 3553 3859 Habemus

724 3911 908 3981 enim
968 3931 1212 3982 omnes
1272 3932 1473 4003 reges
1518 3910 1707 3981 orbis
1752 3922 1823 3982 et
1881 3910 2227 4006 principes
2250 3964 2270 4001 ,
2332 3909 2694 4004 presertim
2753 3909 3142 3982 orthodoxe
3202 3909 3553 4002 religionis

724 4045 793 4105 et
825 4033 985 4106 fidei
1013 4036 1372 4126 zelatoreS,
1396 4034 1632 4106 odium
1666 4035 2019 4129 publicum
2050 4044 2121 4106 et
2141 4054 2510 4106 commune
2535 4055 2694 4104 cum
2720 4033 3002 4127 prelatis
3026 4043 3097 4104 et
3120 4054 3278 4103 cum
3308 4034 3550 4105 Eccle-

720 4159 820 4229 sie
853 4169 1087 4230 nostre
1116 4159 1527 4254 primatibus
1554 4161 1854 4254 speciale
1888 4159 2276 4247 dissidium,
2316 4158 2442 4229 sed
2470 4158 2844 4229 occultum.
2885 4157 2989 4228 Illi
3013 4156 3295 4251 quidem
3334 4157 3549 4251 pesti-

722 4283 866 4354 fere
899 4284 1238 4355 libertatis
1269 4285 1563 4355 abusum
1601 4285 1941 4372 ambiunt,
1985 4284 2094 4355 isti
2137 4305 2264 4378 per
2302 4283 2596 4353 latentes
2636 4281 2920 4352 insidias
2953 4279 3154 4351 bonis
3194 4279 3446 4352 nostris
3479 4291 3551 4354 et

723 4406 939 4477 titulis
980 4407 1425 4480 detrahentes
1455 4429 1498 4479 a
1533 4409 1685 4480 vice
1725 4407 2124 4480 devocionis
2163 4416 2399 4478 nostre
2440 4405 2795 4478 beneficiis
2833 4406 3243 4495 abutuntur,
3276 4413 3348 4476 et
3378 4404 3548 4477 dum

721 4532 791 4602 in
833 4543 1071 4604 nostra
1112 4533 1479 4627 dispendia
1526 4556 1654 4628 per
1693 4555 1768 4605 se
1820 4535 1996 4605 forte
2043 4532 2515 4625 quorumlibet
2557 4540 2975 4603 nocumenta
3024 4551 3166 4602 non
3214 4540 3541 4624 prosunt,

719 4675 915 4726 arma
942 4658 1334 4728 communia
1366 4658 1649 4752 capiunt
1682 4667 1752 4729 et
1786 4659 2057 4729 occulte
2096 4657 2463 4749 conjurant
2494 4655 2667 4727 utin
2696 4654 2910 4750 ipsius
2936 4653 3078 4726 vite
3108 4664 3341 4726 nostre
3371 4675 3546 4725 nau-

718 4780 1014 4871 fragium
1048 4802 1243 4853 sacra
1290 4782 1649 4875 sacrilegia
1685 4782 2133 4872 misceantur,
2163 4790 2382 4874 utque
2410 4779 2788 4852 seditiones
2818 4787 2890 4851 et
2917 4777 3328 4851 calliditates
3359 4777 3545 4873 ipso-

875 4904 984 4966 vl.
1026 4919 1137 4963 Pu·
1156 4921 1201 4964 a.
3149 4910 3224 4962 87
