4525 6031
548 607 755 668 lsmcr.
785 606 876 683 6.]
1447 605 1845 666 HISTORIA
1895 606 2491 670 mPLOMA'rch.
3262 604 3386 664 619

556 742 717 814 dam
761 738 1172 835 imperatori
1211 738 1592 811 adhereant
1636 740 2073 814 immemores
2106 764 2232 814 sue
2278 742 2546 830 salutis,
2572 763 2702 814 nos
2731 742 3050 813 nolentes
3079 738 3212 811 hec
3252 739 3387 811 sub

556 866 997 939 simulatione
1028 864 1347 956 transire,
1370 886 1461 936 ne
1493 865 1684 959 quod
1706 866 1886 937 absit
1911 878 2270 939 assumant
2297 869 2699 962 exemplum
2729 865 2983 938 exinde
3011 865 3385 955 convicini,

558 989 977 1062 mandamus
1009 998 1356 1082 quatenus
1381 988 1727 1060 Frederici
1759 987 1939 1061 filios
1974 999 2046 1061 et
2078 1001 2372 1086 nepotes
2403 991 2800 1063 nominibus
2828 1011 3069 1062 eorum
3100 1008 3391 1083 expres-

560 1113 652 1184 sis
679 1134 813 1184 nec
838 1133 982 1184 non
1005 1111 1479 1201 marchiones,
1519 1114 1807 1184 comites
1834 1124 1903 1184 et
1925 1114 2223 1186 barones
2245 1167 2265 1204 ,
2293 1117 2598 1209 prelatos
2626 1114 2834 1186 etiam
2864 1124 2936 1185 et
2957 1112 3246 1184 clericos
3273 1133 3393 1183 cu·

551 1238 969 1329 juscumque
1003 1236 1260 1307 fuerint
1285 1235 1641 1328 dignitatis
1668 1238 1781 1307 vel
1811 1238 2099 1329 ordiniS‚
2117 1248 2188 1309 et
2209 1239 2381 1310 alios
2402 1260 2646 1310 omnes
2667 1239 2787 1330 qui
2808 1237 3034 1307 eidem
3048 1238 3124 1308 F.
3138 1235 3386 1329 quovis

563 1361 774 1433 modo
804 1361 1038 1431 favere
1063 1370 1469 1455 presumant
1492 1369 1615 1431 aut
1637 1360 1728 1432 ad
1752 1361 2014 1432 curiam
2044 1362 2195 1453 ejus
2227 1383 2351 1433 seu
2388 1372 2720 1457 nepotum
2748 1362 2860 1433 vel
2884 1360 3182 1433 filiorum
3213 1361 3395 1451 ejusa-

565 1484 724 1556 dem
766 1484 996 1556 vocati
1037 1485 1153 1555 vel
1205 1506 1346 1556 non
1389 1484 1617 1556 vocati
1658 1485 1921 1557 vadant
1955 1487 2065 1556 vel
2112 1486 2423 1576 mittant,
2467 1484 3202 1557 excommunicationis
3235 1506 3392 1554 mu-

566 1629 776 1679 crone
833 1608 1207 1701 percellaS‚
1258 1607 1582 1702 ipsosque
1629 1611 2271 1682 excommunicatos
2319 1610 2594 1704 publice
2647 1610 2926 1680 nunties
2977 1618 3049 1680 et
3091 1607 3395 1679 nuntiari

568 1732 775 1803 facias
811 1753 939 1826 per
973 1732 1125 1803 loca
1162 1733 1232 1802 in
1276 1732 1530 1823 quibus
1576 1732 1911 1827 expedire
1952 1733 2237 1825 videriS,
2277 1734 2567 1829 pulsatis
2598 1734 2953 1827 campanis
2987 1742 3057 1803 et
3088 1731 3396 1804 candelis

566 1856 875 1928 accensis
913 1855 1201 1947 singulis
1247 1855 1494 1927 diebus
1541 1856 1905 1928 dominicis
1950 1866 2022 1927 et
2068 1858 2356 1929 festivis,
2396 1858 2721 1929 Civitates
2770 1879 3086 1951 quoque,
3129 1866 3388 1946 castra,

567 1980 767 2051 villas
809 1990 880 2050 et
920 1981 1072 2050 loca
1113 1978 1303 2051 dicto
1346 1980 1420 2049 F.
1464 1979 1873 2051 adherentia
1919 1980 2329 2052 nominatim
2374 1982 2680 2053 Ecclesie
2722 1981 3090 2051 interdicto
3135 2001 3395 2075 suppo-

568 2125 777 2194 nens,
810 2103 1044 2198 prives
1088 2123 1172 2173 ea
1217 2114 1289 2173 et
1318 2102 1592 2196 judices
1632 2125 1716 2175 ac
1758 2104 2167 2175 tabelliones
2207 2125 2448 2176 eorum
2490 2114 2562 2175 et
2600 2106 2903 2199 prefatos
2932 2125 3176 2175 omnes
3206 2103 3399 2174 omni

570 2227 869 2315 honore,
911 2226 1227 2318 quolibet
1254 2225 1509 2317 officio,
1532 2227 1781 2319 quavis
1824 2227 2160 2320 dignitate
2199 2240 2271 2299 et
2304 2228 2730 2321 quibuslibet
2765 2228 2896 2298 nisi
2939 2228 3285 2300 duntaxat
3324 2228 3398 2298 in

574 2372 737 2423 casu
766 2372 809 2421 a
833 2352 995 2443 jure
1025 2370 1357 2422 concesso
1381 2350 1864 2422 ecclesiasticis
1895 2352 2373 2441 sacramentis,
2410 2351 2823 2446 baptismate
2855 2349 3306 2446 parvulorum
3330 2362 3402 2423 et

574 2474 974 2570 penitentiis
1007 2473 1452 2546 morientium
1482 2475 1707 2545 solum
1740 2475 2086 2569 exceptis,
2126 2475 2381 2567 quibus
2409 2475 2579 2545 nulli
2611 2497 2896 2568 prorsus
2934 2485 3303 2546 teneantur
3326 2476 3402 2544 in

568 2599 831 2692 judicio
876 2597 1324 2692 respondere.
1365 2598 1745 2669 Interdicas
1797 2598 2006 2669 etiam
2052 2597 2444 2692 specialiter
2483 2610 2563 2669 ut
2605 2599 2840 2669 nullus
2882 2621 2975 2669 ex
3013 2598 3404 2669 fautoribus

575 2722 822 2818 prefati
867 2721 1212 2794 Frederici
1245 2722 1317 2791 in
1356 2729 1770 2816 potestatem
1816 2736 1938 2793 aut
1984 2732 2322 2793 rectorem
2357 2722 2465 2793 vel
2501 2721 2594 2794 ad
2628 2722 2894 2815 aliquid
2933 2722 3235 2793 officium
3277 2742 3406 2793 seu

578 2846 985 2938 dignitatem
1015 2845 1177 2939 eligi
1205 2846 1436 2916 valeat
1465 2846 1579 2916 vel
1607 2846 1893 2935 assumi,
1926 2846 2664 2918 excommunicationis
2701 2846 2770 2915 in
2818 2846 2975 2916 illos
3009 2845 3129 2937 qui
3162 2855 3404 2916 contra

579 2970 868 3043 fecerint
917 2968 1263 3041 sententia
1313 2970 1785 3065 promulgata3
1841 2980 1912 3042 et
1968 2970 2134 3065 quia
2184 2969 2505 3042 Ezeliuus
2561 2969 2649 3042 de
2704 2970 3014 3041 Romano
3072 2978 3403 3062 tanquam

581 3094 970 3167 membrum
1009 3093 1268 3165 diaboli
1312 3103 1384 3165 et
1424 3093 1806 3188 iniquitatis
1839 3094 2289 3185 vasciculum,
2314 3104 2558 3165 contra
2594 3094 2971 3165 Ecclesiam
3017 3094 3108 3166 ad
3157 3094 3408 3188 prefati

580 3217 1043 3314 persecutoris
1073 3216 1410 3309 obsequia
1445 3216 1932 3288 damnabiliter
1958 3223 2032 3288 s'e
2069 3215 2392 3307 devovit,
2426 3228 2668 3289 contra
2701 3217 3026 3289 eumdem
3052 3218 3409 3290 Ezelinum

586 3351 654 3413 et
688 3343 993 3413 fautores
1035 3341 1188 3432 ejus
1225 3339 1433 3410 simili
1479 3340 1689 3411 modo
1733 3349 1812 3410 ut
1854 3339 2238 3435 predictum
2281 3350 2386 3411 est
2419 3341 2799 3435 procedere
2827 3363 2970 3412 non
2999 3352 3405 3436 postponas,

586 3475 824 3537 contra
857 3485 1035 3557 quos
1066 3484 1313 3535 omnes
1347 3463 1422 3532 in
1454 3462 1657 3534 terris
1690 3472 1807 3534 tue
1846 3464 2210 3554 legationis
2242 3486 2522 3536 crucem
2555 3465 2874 3560 predices
2903 3476 2975 3537 et
3006 3466 3217 3538 facias
3248 3487 3411 3560 pre-

588 3586 835 3678 dicari,
875 3587 1066 3657 illam
1104 3586 1380 3677 signum
1411 3586 1638 3657 crucis
1677 3586 2015 3658 adversus
2050 3588 2400 3681 predictos
2429 3589 2940 3660 assumentibus
2966 3600 3414 3684 peccatorum

591 3706 872 3783 suoru'm
901 3710 1209 3800 veniam,
1248 3710 1713 3805 protectiones
1760 3720 1831 3781 et
1872 3711 2234 3805 privilegia
2270 3732 2725 3784 concessurus
2762 3734 2899 3804 que
2936 3713 3414 3785 conceduntur

593 3833 1088 3928 crucesignatis
1120 3834 1723 3906 transfretantibus
1754 3834 1827 3906 in
1859 3834 2244 3906 subsidium
2272 3835 2480 3905 Terre
2510 3845 2772 3906 sancte.

691 3959 949 4029 Datum
978 3956 1327 4049 Lugduni,
1357 3958 1419 4028 V
1444 3957 1783 4030 kalendas
1811 3958 2005 4049 maii,
2024 3979 2211 4030 anno
2242 3958 2514 4050 quinto.

709 4546 1162 4634 Guillelmus
1198 4550 1294 4633 de
1336 4550 1631 4634 Parisio
1683 4561 1759 4632 et
1791 4550 2370 4634 Bartholomeus
2407 4552 2501 4633 de
2537 4549 2950 4659 Turgusio,
2993 4547 3424 4658 imperiales

598 4677 889 4787 judioes
942 4693 1470 4776 contractuum
1522 4684 1604 4765 in
1652 4683 1979 4766 Tarento
1992 4745 2017 4791 ,
2065 4683 2165 4766 ad
2213 4682 2782 4793 requisitionem
2840 4682 3180 4793 Gregorii
3230 4705 3418 4765 mo-

3527 4559 3786 4614 Cremonae,

3526 4614 3582 4657 ³0
3608 4612 3778 4666 aprilis.
