4525 6031
1030 565 1154 628 860
2071 566 2445 630 nonnam
2493 565 2796 641 Quam-1
3468 561 3633 644 [An.
3669 562 3849 625 1245.

1032 724 1202 781 cam
1252 724 1392 807 pro
1441 699 1614 808 jure
1657 699 1991 809 capellae
2055 726 2239 784 suae
2256 760 2279 796 ‚
2336 700 2532 782 sicut
2572 710 2649 782 et
2703 696 2831 780 alii
2888 693 3432 803 archiepiscopi
3475 693 3855 803 principes

1032 832 1370 940 imperii,
1421 832 1712 916 solvere
1747 843 2071 916 tenetur.

1195 1045 1527 1126 (Ineditum
1547 1065 1619 1108 ex
1641 1048 1867 1109 collect.
1891 1047 2083 1126 Daoz,
2111 1046 2267 1109 Tur.
2294 1044 2364 1106 de
2387 1039 2587 1107 rav-cla.
2609 1043 2679 1105 de
2697 1045 3015 1119 Besanfon,
3046 1041 3192 1104 ibtd.
3222 1048 3291 1105 ut
3317 1057 3519 1120 supra,
3548 1039 3654 1102 tol.
3681 1040 3853 1119 445.)

1129 1234 1523 1323 Conradus,
1575 1235 1721 1306 divi
1759 1236 2037 1328 augusti
2086 1234 2524 1330 imperatoris
2566 1232 2892 1305 Friderici
2939 1230 3161 1320 filius,
3196 1229 3320 1302 Dei
3351 1229 3574 1322 gratia
3597 1228 3855 1302 Roma-

1033 1379 1283 1431 norum
1338 1359 1410 1429 in
1471 1380 1708 1449 regem
1758 1360 2057 1449 electus,
2110 1381 2387 1454 semper
2433 1369 2772 1451 augustus
2827 1366 2899 1429 et
2948 1356 3153 1428 heres
3197 1354 3394 1447 regni
3434 1352 3851 1444 Jerusalem,

1032 1481 1374 1553 universis
1424 1491 1782 1576 presentes
1819 1482 2081 1553 litteras
2116 1481 2854 1578 intuentibusimperii
2885 1479 3206 1556 fidelibus
3235 1478 3531 1572 gratiam
3557 1497 3756 1548 suam
3786 1485 3860 1548 et

1032 1626 1239 1677 omne
1274 1605 1564 1677 bonum.
1629 1589 2054 1678 Constitutus
2093 1628 2328 1679 coram
2358 1605 2562 1678 nobis
2586 1606 3010 1694 WillelmuS,
3058 1602 3476 1706 venerabilis
3515 1600 3858 1696 archiepi-

1032 1748 1284 1822 scopus
1333 1729 1870 1822 Bisuntinensiffi
1893 1729 2200 1832 ‘dilectus
2231 1731 2553 1826 princeps
2591 1738 2856 1819 noster,
2887 1749 3047 1814 cum
3073 1747 3117 1797 a
3142 1725 3342 1798 nobis
3373 1725 3855 1798 investituram

1034 1852 1370 1943 regalium
1399 1853 1809 1946 recepisset,
1847 1853 2208 1947 proposuit
2242 1852 2436 1946 quod
2463 1874 2767 1926 marcam
2795 1851 2947 1923 auri
2983 1872 3110 1945 pro
3130 1851 3291 1942 jure
3318 1850 3585 1943 capelle
3620 1857 3857 1920 nostre
3952 1903 3967 1914 .

1031 1975 1305 2047 solvere
1338 1996 1478 2046 non
1517 1975 1832 2047 deberet.
1875 1976 2046 2048 Cum
2076 1976 2287 2068 igitur
2322 1976 2506 2048 idem
2539 1974 3101 2071 archiepiscopus
3130 1973 3455 2069 princeps
3477 1971 3856 2066 sitimperii

1034 2107 1106 2170 et
1139 2097 1383 2169 civitas
1427 2099 1784 2170 Bisuntina
1822 2098 2222 2171 immediate
2273 2098 2365 2170 ad
2410 2099 2776 2193 imperium
2808 2097 3157 2193 pertinere
3183 2104 3535 2185 noscatur,
3574 2104 3853 2167 senten·

1035 2221 1277 2292 tiatum
1307 2223 1536 2293 extitit
1566 2221 1757 2317 quod
1784 2222 1932 2317 ipse
1969 2223 2226 2295 dictam
2262 2223 2414 2294 auri
2461 2244 2765 2294 marcam
2787 2275 2808 2312 ,
2860 2222 3039 2293 sicut
3075 2230 3148 2292 et
3188 2221 3306 2292 alii
3355 2218 3856 2314 archiepiscopi

1033 2344 1424 2439 principeS,
1476 2367 1602 2439 pro
1639 2348 1797 2438 jure
1832 2347 2097 2442 capelle
2143 2357 2378 2417 nostre
2420 2346 2691 2418 solvere
2738 2355 3057 2418 teneatur
3098 2344 3423 2437 dictoque
3482 2343 3856 2438 capellario

1032 2478 1270 2539 nostro
1329 2469 1508 2539 sicut
1557 2469 1799 2541 debuit
1848 2470 2268 2541 satisfacere.
2325 2468 2438 2541 Ad
2493 2469 2701 2561 hujus
2754 2453 2989 2562 itaque
3052 2468 3394 2540 sententie
3451 2445 3855 2540 memoriam

1031 2604 1390 2686 presentes
1423 2595 1685 2666 litteras
1717 2593 1866 2665 fieri
1898 2595 2189 2666 fecimus
2217 2605 2289 2667 et
2310 2595 2514 2688 sigini
2541 2595 2759 2667 nostri
2785 2596 3143 2666 karactere
3170 2594 3506 2667 roborari.

1128 2716 1380 2788 Datum
1412 2717 1925 2809 Nuremberch,
1965 2720 2117 2791 XVI
2146 2719 2309 2791 maii
2330 2772 2351 2808 ,
2389 2719 2586 2791 tertie
2619 2710 3039 2791 indictionis·

3241 2998 3393 3008 -—--—-

1142 3271 1544 3355 Conradus
1561 3332 1585 3378 ,
1639 3273 1719 3353 in
1793 3272 2316 3356 Romanorum
2380 3296 2641 3380 regem
2712 3270 2994 3355 electus
3020 3333 3044 3379 ,
3103 3272 3566 3381 emptionem
3606 3260 3854 3383 ‘quam

1029 3403 1207 3486 fecit
1244 3403 1483 3486 abbas
1520 3407 1617 3486 de
1664 3404 1918 3486 Salem
1956 3430 2135 3487 cum
2173 3404 2485 3487 Alberto
2532 3405 2629 3486 de
2666 3403 3204 3489 Pfaffenhoven
3247 3405 3345 3488 de
3398 3405 3621 3488 bonis
3673 3406 3858 3515 qui-

1030 3536 1360 3619 busdam
1399 3537 1606 3646 apud
1634 3536 2173 3667 §Pfaffenhoven
2217 3538 2381 3620 sitis
2417 3547 2717 3647 gratam
2753 3537 2985 3620 habet
3018 3549 3095 3620 et
3128 3537 3556 3622 confirmat.

1194 3750 1545 3829 (Inedit.·ex
1577 3752 1730 3812 libro
1757 3752 2118 3829 privilegior.
2139 3758 2396 3813 monast.
2422 3749 2767 3811 salernitani
2794 3753 2857 3810 in
2884 3751 3125 3813 archivo
3142 3752 3583 3823 Karlsruhensi‚
3615 3752 3733 3812 vol.
3769 3749 3849 3825 Π,

1267 3857 1371 3917 fol.
1409 3856 1535 3936 34.)

1125 4046 1478 4119 Conradus
1498 4099 1519 4136 ‚
1571 4045 1717 4117 divi
1753 4045 2028 4137 augusti
2073 4044 2511 4138 imperatoris
2554 4044 2891 4116 Frideriei'
2915 4043 3099 4117 filius
3120 4097 3142 4136 ,
3194 4044 3325 4117 Dei
3353 4045 3575 4136 gratia
3602 4046 3851 4117 Roma·

1027 4192 1276 4242 norum
1318 4171 1392 4240 in
1434 4191 1670 4262 regem
1700 4170 2001 4261 electuS,
2039 4160 2318 4264 semper
2345 4178 2679 4260 augustus
2716 4178 2787 4238 et
2817 4167 3022 4240 heres
3054 4169 3253 4261 regni
3286 4169 3694 4243 Jerusalem.
3731 4169 3860 4243 Per

1025 4315 1312 4389 presens
1367 4293 1702 4387 scriptum
1748 4302 1991 4364 notum
2037 4292 2327 4363 facimus
2375 4291 2717 4363 universis
2750 4302 2822 4363 et
2853 4292 3129 4387 publice
3174 4302 3640 4388 protestamur
3667 4291 3860 4387 quod

1025 4438 1154 4488 nos
1209 4416 1631 4510 emptionem
1680 4436 1891 4507 quam
1935 4410 2354 4486 venerabilis
2398 4415 2615 4485 abbas
2657 4425 2728 4485 et
2771 4424 3158 4487 conventus
3190 4415 3280 4487 de
3312 4415 3584 4504 Salem,
3622 4415 3857 4487 dilecti

1024 4537 1270 4613 fideles
1295 4539 1547 4629 nostri,
1592 4539 1905 4609 fecerunt
1938 4560 2097 4609 cum
2129 4537 2419 4610 Alberto
2451 4538 2540 4610 de
2566 4537 3062 4611 pfaffenhoven
3093 4539 3185 4611 de
3211 4539 3415 4612 bonis
3439 4536 3857 4632 quibusdam

1026 4664 1100 4735 in
1144 4663 1634 4737 Pfaffenhoven
1684 4662 1867 4752 sitis,
1932 4684 2071 4757 que
2112 4662 2300 4734 idem
2345 4661 2676 4736 Albertus
2714 4673 2956 4737 tenens
2991 4686 3035 4737 a
3069 4663 3273 4777 nobis
3312 4665 3386 4736 in
3428 4662 3642 4737 feudo
3669 4663 3858 4736 bona
