4525 6031
1054 657 1176 719 966
1980 655 2234 720 INDEX
2280 658 2980 721 noeuMEN'roauu.

1076 861 1300 937 1247

1081 999 1146 1049 21
1174 996 1299 1068 jan.
1437 988 1713 1066 Fogglae.
1826 1018 1909 1034 —
1941 988 2173 1067 Angelo
2207 989 2284 1049 de
2319 989 2502 1051 Pavia
2537 989 2897 1066 procuratori
2931 988 3129 1048 curiae
3168 959 3315 1048 su‘ae
3345 988 3411 1047 in
3452 992 3611 1048 terra
3646 987 3892 1049 Barensi

1906 1086 2154 1145 mandat
2191 1086 2355 1162 quod
2404 1087 2762 1162 praeceptori
2806 1083 3017 1143 domus
3066 1084 3526 1144 Teutonicorum
3567 1084 3633 1143 in
3670 1085 3893 1160 Apulia

1905 1185 2176 1243 restituat
2201 1182 2490 1259 quasdam
2517 1182 2727 1242 domos
2752 1179 3092 1241 aedificatas
3124 1182 3191 1240 in
3224 1186 3381 1241 terra
3411 1179 3573 1257 apud
3598 1180 3887 1257 Monopo-

1906 1280 2008 1339 lim
2024 1326 2041 1356 ‚
2066 1297 2215 1356 quas
2240 1297 2278 1341 a
2303 1282 2658 1340 monasterio
2684 1279 2884 1340 Sancti
2909 1278 3032 1340 Viti
3052 1278 3257 1339 eadem
3285 1278 3496 1339 domus
3518 1284 3701 1340 tenet.
3767 1286 3882 1339 487

1099 1381 1281 1467 [jam]
1360 1423 1377 1441 .
1442 1424 1458 1442 .
1506 1424 1523 1442 .
1572 1424 1591 1444 .
1640 1427 1660 1446 .
1705 1427 1724 1445 .
1772 1421 1789 1439 .
1824 1409 1907 1420 -—
1945 1377 2197 1437 Cuidam
2225 1381 2529 1454 capitaneo
2555 1376 2893 1456 significans
2927 1392 2990 1435 se
3015 1378 3285 1452 proxime
3310 1379 3532 1436 iturum
3559 1377 3620 1434 in
3651 1375 3884 1435 Italiam

1901 1474 1982 1534 ad
2005 1474 2409 1535 confusionem
2434 1474 2770 1551 rebellium,
2800 1473 3045 1533 mandat
3069 1474 3230 1551 quod
3257 1489 3394 1533 eum
3424 1475 3594 1551 equis
3620 1478 3681 1532 et
3705 1474 3885 1532 armis

1902 1578 2315 1647 praeparatum
2341 1587 2480 1631 cum
2507 1572 2753 1631 caeteris
2777 1569 3054 1630 fidelibus
3078 1571 3362 1630 inveniat.
3765 1576 3877 1629 491

1069 1663 1147 1736 ’22
1171 1677 1302 1753 Jan.
1433 1671 1709 1751 Foggiae.
1823 1702 1903 1714 —
1938 1671 2130 1731 Fratri
2156 1670 2455 1748 Stephano
2483 1671 2768 1730 massario
2789 1670 2985 1729 curiae
3010 1685 3155 1728 suae
3180 1669 3244 1728 in
3270 1666 3685 1728 terraBarensi
3712 1683 3882 1727 man-

1901 1766 2006 1827 dat
2048 1767 2208 1845 quod
2255 1768 2610 1827 sententiam
2651 1781 2903 1842 magnae
2951 1766 3149 1825 curiae
3191 1781 3334 1825 suae
3376 1781 3484 1841 pro
3529 1765 3884 1825 monasterIo

1745 1905 1762 1919 .
1903 1863 2122 1923 Mont1s
2142 1862 2407 1941 Virginis
2433 1863 2614 1923 latam
2642 1863 2977 1922 executioni
3001 1861 3284 1922 mandare
3307 1868 3597 1938 procuret.
3764 1868 3878 1922 495

1078 1975 1148 2026 18
1178 1965 1297 2028 feb.
1444 1961 1699 2040 Capuae.
1824 1992 1902 2005 —
1941 1961 2134 2020 Fratri
2162 1959 2461 2037 Stephano
2490 1961 2772 2020 massario
2799 1960 2999 2019 curiae
3033 1975 3177 2019 suae
3211 1959 3426 2018 iterum
3454 1958 3696 2018 mandat
3719 1958 3883 2034 quod

1900 2059 2329 2117 restitutionem
2352 2058 2592 2116 casalini
2618 2062 2676 2116 et
2701 2056 2915 2115 domus
2941 2056 3004 2114 in
3030 2061 3190 2115 terra
3209 2056 3453 2116 Barensi
3475 2058 3718 2116 sitorum
3744 2071 3881 2132 pro-

1898 2155 2156 2213 curatori
2184 2154 2523 2211 monasterii
2546 2152 2763 2211 Montis
2780 2151 3042 2228 Virginis
3062 2149 3252 2210 facere
3280 2166 3402 2209 non
3418 2145 3677 2213 differat.
3762 2157 3879 2210 495

1088 2254 1296 2340 [febr.]
1355 2294 1372 2312 .
1421 2298 1439 2312 .
1488 2294 1504 2312 .
1554 2293 1573 2313 .
1621 2293 1639 2313 .
1690 2296 1706 2313 .
1768 2297 1785 2315 .
1820 2280 1899 2293 —
1937 2250 2183 2310 Civibus
2226 2249 2602 2311 Urbeveteris
2647 2250 2884 2308 nuntiat
2921 2249 3231 2308 victoriam
3267 2264 3306 2308 a
3343 2263 3407 2307 se
3449 2245 3525 2306 de
3569 2245 3882 2306 rebellibus

1895 2347 2127 2422 imperii
2153 2351 2532 2423 reportatam.
3761 2350 3878 2403 919

1079 2449 1284 2534 [febr.]
1484 2493 1500 2510 .
1545 2492 1561 2509 .
1612 2494 1632 2513 .
1687 2492 1704 2507 .
1764 2493 1781 2511 .
1819 2471 1898 2484 —
1932 2443 2112 2502 Varia
2140 2443 2419 2502 mandata
2445 2442 2648 2519 dirigit
2682 2446 2751 2500 ut
2788 2455 2925 2500 cum
2960 2440 3101 2500 villa
3140 2441 3345 2501 Pontis
3370 2438 3636 2500 Tremuli
3661 2456 3700 2500 a
3724 2439 3878 2499 fide-

1895 2538 2059 2598 litate
2085 2540 2313 2614 imperii
2340 2539 2616 2611 deviarit,
2647 2543 2840 2598 castro
2868 2536 3138 2613 ejusdem
3162 2538 3226 2595 in
3251 2537 3563 2596 devotione
3593 2552 3701 2596 sua
3729 2553 3879 2612 pcr-

1895 2643 2230 2714 severante,
2269 2637 2346 2697 ad
2381 2638 2821 2713 requisitionem
2859 2635 3143 2695 Friderici
3187 2635 3263 2695 de
3299 2632 3645 2712 Antiochia,
3672 2637 3878 2695 vicarii

1892 2732 2212 2809 imperialis
2239 2735 2302 2792 in
2328 2734 2564 2810 Tuscia,
2593 2749 2696 2808 per
2722 2734 2877 2791 vires
2903 2737 2964 2790 et
2991 2730 3288 2790 solertiam
3313 2730 3617 2789 edometur
3642 2729 3878 2789 rebellio

1891 2828 2073 2905 hujus
2099 2829 2309 2905 villae,
2340 2835 2453 2888 etc.
3755 2833 3872 2885 497

1089 2936 1265 3015 [τρυε.
1350 2975 1366 2990 .
1414 2974 1431 2992 .
1482 2975 1499 2993 .
1549 2975 1565 2992 .
1612 2972 1632 2992 .
1682 2975 1698 2992 .
1761 2975 1778 2993 .
1815 2957 1893 2969 -
1933 2926 2081 3003 Regi
2108 2925 2435 3003 Anglorum
2471 2923 2765 3003 significat
2791 2925 2952 3001 quod
2977 2940 3114 2984 cum
3148 2929 3344 3000 partes
3376 2923 3582 2984 Italiae
3617 2929 3877 3000 repetere

1122 3036 1221 3097 vel
1894 3024 1973 3081 sit
2006 3029 2278 3099 paratus,
2302 3020 2496 3081 'fllium
2534 3036 2707 3082 suum
2740 3021 3059 3081 Henricum
3105 3021 3368 3098 ejusdem
3406 3022 3562 3098 regIs
3599 3026 3876 3096 nepotem

1052 3134 1316 3209 mamm]
1891 3119 2116 3178 dimisit
2143 3119 2204 3177 in
2231 3133 2411 3196 regno
2437 3117 2672 3177 Siciliae
2697 3119 2983 3176 vicarium
3013 3117 3367 3194 generalem.
3754 3125 3870 3178 502

1096 3226 1263 3310 [rehu
1347 3261 1363 3278 .
1410 3263 1425 3279 .
1472 3262 1491 3279 .
1543 3263 1561 3281 .
1603 3262 1620 3280 .
1684 3264 1701 3282 .
1763 3265 1778 3281 .
1812 3243 1892 3259 —
1931 3213 2147 3274 Scribit
2184 3212 2677 3275 Cremonensibus
2712 3212 3048 3274 confortans
3086 3229 3187 3273 eos
3220 3214 3285 3273 in
3321 3211 3441 3271 ilde
3476 3217 3537 3272 et
3567 3214 3776 3273 asserit
3808 3231 3874 3274 se

1125 3325 1221 3385 vel
1889 3312 2009 3370 cito
2041 3312 2265 3370 iturum
2305 3309 2383 3370 ad
2416 3315 2614 3386 partes
2650 3310 2782 3371 illas
2824 3311 2889 3370 in
2928 3311 3347 3370 exterminium
3388 3324 3630 3370 suorum
3667 3308 3872 3369 rebel-

1053 3421 1315 3497 marflo,]
1889 3409 2058 3468 llum.
3751 3414 3867 3467 505

1057 3518 1289 3580 martio,
1470 3508 1651 3586 Apud
1807 3537 1888 3549 —
1926 3505 2194 3582 Ugonem
2234 3504 2571 3566 Ranaldum
2612 3504 2900 3566 Guldonis
2934 3503 3245 3565 Tarduccii
3270 3503 3346 3564 de
3382 3502 3636 3564 Cortona
3666 3502 3867 3580 publi-

1340 3603 1403 3664 S.
1447 3605 1773 3678 Quiricum.
1885 3620 2023 3665 cum
2050 3605 2279 3679 imperii
2306 3604 2679 3664 tabellionem
2705 3605 3032 3664 constituit.
3748 3608 3864 3662 512

1074 3708 1267 3784 aprili.
1464 3700 1642 3764 Pisis.
1806 3732 1886 3745 —
1924 3700 2217 3779 Angelum
2257 3700 2632 3761 Dominicum
2667 3701 2743 3760 de
2783 3699 3035 3761 Cortona
3069 3698 3372 3777 publicum
3406 3699 3641 3775 imperii
3674 3696 3866 3759 tabel-

1883 3800 2102 3859 lionem
2129 3799 2451 3858 constituit.
3745 3804 3862 3857 518

1056 3894 1293 3982 [aprili.]
1415 3894 1681 3956 Parmae.
1807 3927 1884 3937 —
1924 3893 2141 3954 Scribit
2172 3893 2470 3952 nobilibus
2507 3894 2672 3970 regni
2700 3892 2984 3952 Franciae
3018 3907 3319 3954 summum
3358 3888 3700 3967 pontificem
3732 3898 3867 3967 post

1884 3990 2375 4066 conspirationem
2404 3989 2562 4049 necis
2585 4004 2726 4047 suae
2753 3987 2913 4063 apud
2938 3990 3275 4065 Anagniam
3305 3984 3588 4064 profugos
3618 3985 3777 4047 alere
3803 3992 3866 4046 et

1883 4085 2112 4163 fovere,
2143 4086 2438 4162 simulque
2476 4085 2904 4145 accusationem
2938 4084 3113 4145 diluit
3144 4086 3210 4144 in
3247 4100 3311 4144 se
3344 4082 3418 4144 de
3456 4087 3646 4143 morte
3678 4097 3866 4160 papae

1883 4182 2216 4242 machinata
2240 4183 2493 4257 illatam,
2525 4188 2637 4242 etc.
3746 4189 3863 4241 514

1070 4289 1263 4367 aprili.
1385 4286 1721 4347 Cremonae.
1806 4314 1883 4327 —
1923 4282 2019 4342 Ad
2059 4282 2543 4358 supplicationem
2586 4281 2789 4343 Uberti
2837 4280 3180 4341 Pellavicini
3215 4284 3276 4340 et
3318 4280 3624 4339 Iohannae
3665 4280 3865 4339 comi-

1884 4381 2060 4440 tissae
2092 4381 2306 4439 sororis
2342 4382 2498 4456 ejus,
2528 4379 2858 4440 Guldonem
2897 4384 2958 4439 et
2980 4377 3280 4438 Simonem
3308 4379 3571 4451 comites,
3598 4375 3864 4453 ejusdem

1884 4476 2185 4536 Johannae
2230 4473 2415 4547 filios,
2456 4491 2592 4535 cum
2633 4491 2837 4535 eorum
2884 4474 3347 4551 possessionibus
3389 4476 3452 4534 in
3496 4490 3605 4534 sua
3629 4477 3862 4550 promc-

1881 4573 2039 4631 tione
2065 4572 2308 4648 suscipit
2344 4576 2404 4630 et
2429 4572 2820 4630 instrumenta
2843 4570 3202 4631 divisionum
3228 4571 3381 4630 inter
3406 4584 3612 4630 eorum
3637 4582 3861 4645 paren-

1883 4674 1974 4727 tes
2000 4668 2298 4744 quondam
2324 4667 2479 4727 facta
2503 4667 2836 4728 confirmat.
3741 4670 3858 4725 518

1067 4770 1259 4848 aprili.
1345 4808 1771 4829 .......
1803 4798 1885 4812 -
1922 4767 2062 4827 Post
2085 4773 2337 4826 mortem
2362 4766 2641 4827 Friderici
2668 4767 2941 4828 Austriae
2965 4765 3154 4845 ducis,
3174 4765 3550 4844 privilegium
3574 4780 3613 4824 a
3638 4779 3702 4823 se
3725 4764 3857 4841 ipso
