4525 6031
663 710 863 768 Ixmcr.
897 709 998 784 7.]
1547 700 1941 763 HISTORIA
1986 701 2581 766 DIPLouAncA.
3350 701 3462 763 721

663 841 999 928 libellum,
1040 847 1110 909 et
1138 846 1546 931 procurator
1575 834 1765 906 curie
1800 835 2196 906 nominatus
2230 836 2322 908 ad
2350 836 2823 908 defensionem
2844 837 3019 928 juris
3047 837 3234 908 curie
3262 857 3468 929 quas-

663 965 820 1036 dam
870 964 1317 1056 exceptiones
1356 980 1429 1029 se
1464 958 1714 1029 obtulit
1749 958 2229 1051 probaturum.
2272 960 2575 1053 Recepto
2622 959 2831 1051 igitur
2880 981 2920 1029 a
2973 960 3284 1054 partibus
3320 980 3474 1054 per-

666 1086 1003 1180 emptorio
1046 1083 1341 1155 termino
1382 1080 1474 1152 ad
1513 1081 1948 1175 probandum
2014 1090 2083 1151 et
2132 1081 2636 1175 subsequenter
2680 1082 2929 1153 eodem
2971 1081 3266 1152 termino
3312 1103 3472 1175 per-

663 1208 1000 1303 emptorio
1043 1202 1367 1278 veniente
1393 1257 1412 1293 ,
1443 1214 1740 1295 utraque
1779 1225 1939 1298 pars
1970 1203 2304 1298 produxit
2339 1204 2409 1274 in
2437 1202 2702 1297 judicio
2742 1213 2952 1274 testes
2985 1224 3184 1293 suos3
3224 1191 3476 1298 quibus

662 1329 753 1403 de
787 1331 946 1421 jure
977 1327 1277 1423 receptis
1315 1336 1386 1397 et
1435 1345 1676 1397 eorum
1713 1326 1914 1398 dictis
1950 1326 2018 1396 in
2054 1327 2324 1419 judicio
2367 1327 2734 1421 publicatis
2774 1328 2955 1398 facta
2986 1326 3263 1419 utrique
3293 1326 3474 1421 parti

662 1452 862 1547 copia
899 1451 1339 1540 eorumdem,
1386 1449 1757 1544 assumptis
1812 1448 1883 1520 in
1927 1450 2240 1521 rubricas
2275 1459 2348 1521 et
2392 1448 2686 1521 solemni
2730 1449 3199 1544 disputatione
3231 1449 3473 1521 habita

662 1598 873 1672 super
908 1576 1210 1648 efficacia
1250 1574 1697 1670 probatorum
1723 1624 1744 1663 ,
1781 1572 2231 1646 nihilominus
2258 1584 2496 1647 tamen
2527 1574 2796 1668 quesivi
2836 1575 2926 1646 de
2951 1575 3110 1666 jure
3146 1574 3339 1645 curie
3379 1572 3472 1646 ad

659 1701 998 1773 cautelam
1024 1699 1217 1772 curie
1244 1698 1613 1791 diligenter
1640 1697 1695 1768 si
1729 1697 1922 1769 curia
1950 1719 2161 1792 super
2191 1697 2524 1793 predictis
2555 1699 2766 1770 rebus
2791 1696 3075 1790 aliquod
3103 1698 3222 1790 jus
3251 1697 3469 1769 bahe-

659 1832 788 1895 ret.
821 1824 1196 1916 Postquam
1222 1842 1394 1892 vero
1434 1820 1508 1891 in
1540 1841 1749 1891 causa
1790 1821 1940 1915 ipsa
1965 1821 2436 1891 renuntiatum
2461 1820 2694 1891 extitit
2720 1829 2791 1891 et
2822 1842 2866 1892 a
2896 1821 3212 1915 partibus
3245 1820 3470 1890 inclu-

658 1968 810 2019 sum
833 1999 852 2037 ,
896 1968 1028 2038 ego
1068 1945 1190 2038 qui
1233 1965 1445 2039 supra
1488 1943 1799 2016 notarius
1844 1943 2195 2016 Iohannes
2238 1943 2480 2016 habito
2521 1964 2734 2038 super
2773 1943 3128 2037 premissis
3182 1941 3470 2015 consilio

658 2068 970 2160 diligenti
1030 2089 1189 2139 cum
1244 2066 1556 2162 predicto
1604 2065 1841 2159 judice
1898 2069 2102 2139 Petro
2170 2066 2259 2138 de
2313 2069 2445 2139 Ota
2501 2077 2571 2139 et
2614 2066 2767 2138 aliis
2807 2066 3268 2160 prudentibus
3300 2065 3468 2137 viris

658 2190 918 2264 domini
940 2190 1376 2285 imperatoris
1401 2187 1760 2278 fidelibus,
1786 2189 1950 2281 quia
1978 2188 2067 2261 de
2094 2189 2478 2260 intentione
2508 2188 2800 2283 predicti
2826 2188 3054 2260 fratris
3073 2186 3461 2282 Landulphi

654 2314 1120 2409 procuratoris
1171 2312 1441 2408 syndici
1479 2314 1592 2384 vel
1640 2311 1892 2384 actoris
1928 2311 2334 2383 eorumdem
2371 2310 2617 2383 decani
2648 2321 2717 2382 et
2753 2321 3172 2400 conventuS,
3211 2330 3462 2383 secun-

654 2437 821 2509 dum
854 2437 1046 2530 quod
1077 2437 1148 2507 in
1186 2437 1501 2532 predicto
1529 2435 1861 2507 mandato
1893 2436 2316 2524 continetur,
2349 2434 2519 2505 mihi
2556 2434 2863 2507 constitit
2894 2432 3285 2522 evidenter,
3330 2452 3465 2505 nec

655 2580 748 2633 cx
800 2571 999 2656 parte
1041 2560 1209 2632 dicti
1249 2560 1713 2655 procuratoris
1756 2557 1945 2630 curie
1989 2557 2254 2651 aliquid
2309 2559 2678 2653 probatum
2726 2557 2960 2650 extitit
2998 2557 3187 2650 quod
3232 2557 3463 2628 inten-

655 2685 912 2757 tionem
962 2685 1232 2777 agentis
1298 2684 1589 2756 elideret
1636 2703 1769 2755 nec
1826 2682 2036 2755 etiam
2095 2681 2610 2776 inquisitionem
2651 2702 2693 2752 a
2744 2701 2859 2752 me
2913 2678 3464 2752 extraordinarie

652 2810 903 2881 factam
942 2808 1032 2879 de
1065 2809 1220 2899 jure
1259 2807 1450 2879 curie
1483 2826 1694 2901 super
1724 2805 1934 2877 rebus
1974 2805 2339 2900 predictis,
2381 2805 2495 2878 die
2524 2804 2795 2877 sabbati
2835 2803 3249 2876 duodecimo
3282 2802 3463 2895 junii

652 2932 963 3024 ejusdem
1009 2931 1300 3027 septime
1339 2929 1736 3002 indictionis
1780 2929 1968 3025 apud
2002 2931 2333 3001 Sanctum
2363 2930 2782 3002 Germanum
2822 2929 3162 3024 prefatum
3208 2947 3459 3023 procu·

609 3078 617 3086 ·
651 3058 949 3127 ratorem
1007 3055 1199 3126 curie
1240 3055 1330 3126 ad
1375 3055 1912 3146 resignationem
1954 3053 2421 3148 predictarum
2457 3075 2690 3124 rerum
2736 3052 3218 3148 prenominato
3268 3049 3460 3122 fratri

649 3178 988 3252 Landulfo
1024 3178 1316 3276 syndico
1359 3178 1474 3250 vel
1528 3177 1746 3249 actori
1806 3177 2207 3249 eorumdem
2266 3176 2513 3250 decani
2550 3187 2622 3250 et
2670 3184 3054 3249 conventus
3091 3196 3220 3269 pro
3260 3185 3458 3270 parte

648 3302 957 3397 ipsorum
998 3312 1070 3375 et
1114 3301 1428 3394 ejusdem
1480 3300 1727 3373 decani
1773 3311 1844 3373 et
1883 3311 2271 3373 conventus
2310 3301 2695 3374 faciendam
2747 3298 3247 3372 sententialiter
3290 3318 3458 3371 con·

649 3425 1051 3521 dempnavi,
1077 3426 1440 3519 resignans
1459 3425 1722 3496 eisdem
1750 3445 1860 3496 res
1892 3425 2077 3519 ipsas
2097 3446 2223 3520 per
2252 3445 2374 3498 eos
2394 3426 2602 3518 juxta
2633 3424 3022 3520 predictum
3055 3420 3462 3495 mandatum

650 3551 828 3623 sicut
855 3552 992 3623 alia
1024 3551 1209 3623 hona
1239 3560 1623 3621 conventus
1650 3548 1962 3642 ejusdem
1990 3549 2082 3622 ad
2117 3572 2295 3644 opus
2326 3550 2493 3622 dicti
2525 3548 2928 3622 monasterii
2957 3547 3454 3643 procurandas.

646 3676 756 3747 Ad
782 3676 993 3769 hujus
1023 3675 1235 3766 igitur
1251 3676 1356 3747 rei
1382 3658 1788 3748 memoriam
1808 3684 1878 3745 et
1904 3684 2313 3769 perpetuam
2344 3672 2777 3765 firmitatem,
2812 3694 3097 3769 presens
3131 3674 3462 3768 scriptum

648 3796 796 3870 fieri
831 3799 963 3871 feci
998 3821 1129 3893 per
1162 3818 1410 3869 manus
1454 3797 1749 3892 predicti
1779 3796 2028 3870 notarii
2063 3797 2343 3869 Garaidi
2374 3798 2572 3888 signo
2606 3797 2917 3889 ejusdem
2944 3795 3196 3867 notarii
3233 3796 3464 3888 signa-

650 3931 795 3993 tum
823 3931 896 3994 et
919 3943 1076 3994 mea
1111 3930 1181 3994 et
1210 3921 1504 4017 predicti
1528 3920 1787 4013 judicis
1801 3919 1984 3992 Petri
2004 3919 2624 4016 subscriptionibus
2641 3922 3070 3993 roboratum.
3104 3917 3306 4004 Quod
3335 3941 3465 4011 ego

647 4047 1165 4141 prenominatus
1209 4044 1547 4117 Garaidus
1591 4043 1912 4138 publicus
1959 4044 2256 4117 civitatis
2310 4044 2565 4115 lsernie
2622 4043 2931 4115 notarius
2976 4043 3096 4135 qui
3139 4042 3465 4136 predictis

647 4169 970 4241 omnibus
1018 4169 1325 4259 interfui,
1384 4166 1629 4262 scripsi
1662 4176 1731 4238 et
1765 4187 1923 4239 meo
1965 4168 2162 4258 signo
2194 4166 2488 4258 signavi.
2522 4166 2772 4238 Actum
2804 4166 2876 4237 in
2907 4165 3185 4237 civitate
3229 4165 3464 4235 Sancti
3717 4230 3726 4242 ,

644 4290 995 4382 Germani,
1034 4310 1248 4381 anno,
1283 4311 1522 4363 mense
1556 4301 1629 4362 et
1658 4289 2036 4363 indictione
2064 4289 2418 4383 predictis,
2448 4329 2549 4344 —
2574 4289 2723 4382 Ego
2752 4289 2874 4383 qui
2909 4311 3117 4384 supra
3154 4287 3465 4360 notarius

644 4414 991 4487 Iohannes
1044 4414 1134 4486 de
1183 4415 1469 4488 Isernia.
1512 4452 1608 4469 -—
1638 4413 1784 4506 Ego
1839 4413 1959 4507 qui
2003 4435 2211 4509 supra
2270 4414 2596 4507 magister
2640 4414 2884 4485 Petrus
2933 4412 3021 4486 de
3073 4413 3203 4483 Ota
3240 4410 3465 4503 judex

647 4539 880 4610 Sancti
915 4539 1267 4611 Germani.
