4525 6031
712 597 915 656 Iunior.
949 594 1042 671 6.]
1603 592 2001 655 HISTORIA
2050 593 2642 659 ntrLOMA'rch.
3126 664 3132 669 ,
3421 600 3545 663 589

811 728 1178 802 Infandam
1204 725 1331 799 sed
1359 728 1518 822 plus
1544 726 1990 822 nephandam
2014 729 2454 824 tyrannidem
2479 752 2689 822 quam
2713 728 3004 826 perfidia
3031 752 3195 804 seva
3221 733 3545 806 Parmen-

714 855 895 926 sium
928 853 1000 922 in
1036 873 1168 923 nos
1210 850 1529 922 exercuit
1568 851 1700 921 hiis
1739 852 1988 924 diebus
2006 904 2027 941 ,
2064 852 2136 924 in
2174 874 2337 924 arca
2383 855 2599 925 nostri
2641 856 2941 949 pectoris
2984 857 3366 928 recondere
3412 880 3540 930 ne·

712 986 1058 1072 queuntes
1088 975 1258 1067 quin
1286 975 1438 1064 ejus
1454 974 1785 1046 violentia
1816 976 2168 1049 silentium
2196 986 2476 1072 rumpat
2507 987 2579 1049 et
2598 988 2863 1051 reseret
2887 979 3141 1050 ostium
3166 979 3536 1073 labiorum,

711 1098 1107 1173 celsitudini
1133 1107 1366 1170 vestre
1395 1098 1705 1192 presenti
1733 1110 2247 1193 programmate
2281 1101 2717 1173 declaramus
2747 1102 2941 1196 quod
2966 1124 3125 1173 cum
3155 1102 3266 1173 vir
3291 1104 3546 1176 nobilis

713 1222 1040 1295 dominus
1084 1221 1394 1292 marchio
1408 1218 1509 1316 (a)
1546 1222 1953 1294 Parmenses
1986 1223 2140 1295 illos
2176 1244 2354 1315 quos
2388 1223 2660 1318 pridem
2694 1246 2788 1296 ex
2818 1225 3188 1319 campestri
3217 1224 3545 1298 conflictu

710 1346 953 1418 Martis
999 1366 1259 1438 equum
1295 1345 1641 1436 judicium
1679 1355 1916 1418 vestro
1956 1348 2219 1418 carceri
2264 1348 2636 1438 relegavit,
2672 1348 2764 1419 ad
2809 1348 3124 1440 ejusdem
3171 1349 3545 1443 ereptionis

710 1467 951 1564 (sicin
986 1466 1283 1562 duobus)
1328 1468 1625 1539 salutem
1662 1470 1922 1541 faceret
1955 1467 2345 1559 coherceri,
2382 1491 2750 1541 commune
2796 1471 3039 1542 Parme
3084 1492 3211 1542 seu
3259 1472 3545 1545 consilio

712 1589 904 1661 fatuo
950 1611 1077 1662 seu
1132 1591 1282 1661 solo
1329 1590 1575 1684 spiritu
1626 1591 1871 1663 rabido
1916 1613 2042 1663 seu
2086 1593 2662 1664 concurrentibus
2711 1592 2844 1665 hiis
2892 1594 3201 1685 duobuS,
3234 1594 3546 1688 captivos

712 1733 958 1785 omnes
990 1714 1234 1784 Parme
1270 1723 1608 1807 repertoS,
1649 1723 1791 1785 tam
1834 1735 1956 1786 eos
1999 1715 2119 1808 qui
2162 1715 2517 1807 quondam
2566 1737 2692 1809 pro
2738 1737 3024 1787 suorum
3063 1717 3545 1812 redemptione

713 1836 993 1908 fuerant
1047 1837 1400 1908 distributi
1444 1858 1655 1929 quam
1708 1847 1980 1909 ceteros
2025 1859 2370 1932 pauperes
2414 1849 2484 1909 et
2526 1859 2787 1931 egenos
2833 1840 2952 1931 qui
2995 1839 3137 1910 suis
3177 1841 3546 1934 penatibus

711 1968 1192 2031 remanserant
1222 1959 1412 2054 apud
1445 1980 1596 2050 eOS,
1635 1981 1831 2032 more
1865 1962 2032 2032 fecis
2058 1961 2381 2053 invegete
2418 1982 2501 2033 ac
2536 1962 3001 2055 putretudinis
3033 1962 3103 2033 in
3136 1964 3434 2054 sentina,
3473 1964 3545 2035 in

713 2082 1019 2174 quadam
1062 2104 1278 2154 cavea
1310 2084 1442 2154 sub
1478 2084 1764 2177 pallatio
1794 2105 1923 2157 suo
1953 2094 2353 2157 constructa
2390 2086 2589 2156 velut
2625 2106 2872 2179 porcos
2912 2085 3223 2175 inclusit,
3259 2107 3546 2180 sperans

713 2206 996 2279 eosdem
1029 2227 1192 2277 suos
1223 2206 1498 2277 inclitos
1534 2206 1819 2298 quidem
1854 2217 1926 2279 et
1952 2218 2274 2281 strenuos
2308 2208 2498 2280 viros
2539 2208 2943 2280 aleviandos
2983 2211 3132 2281 fore
3174 2232 3302 2304 pro
3342 2211 3545 2283 nobis

713 2335 856 2396 tam
875 2326 1133 2396 vilibus
1166 2335 1239 2395 et
1265 2326 1665 2419 perpaucis,
1702 2347 1846 2397 non
1882 2336 2173 2420 pensato
2206 2327 2398 2419 quod
2412 2349 2596 2397 unus
2623 2327 2715 2397 ad
2743 2327 2933 2397 mille
2965 2349 3109 2399 non
3138 2328 3389 2400 sufficit
3412 2351 3544 2402 nec

711 2447 996 2524 formice
1044 2448 1316 2539 magnis
1358 2448 1845 2543 elephantibus
1896 2459 2413 2543 comparantur.
2452 2448 2701 2540 Sicque
2751 2434 3544 2540 quorumdam'suorum

711 2570 1113 2643 carnificum
1171 2593 1302 2642 nos
1347 2571 1420 2642 in
1463 2570 1784 2642 manibus
1833 2571 2118 2643 tradidit
2156 2571 2590 2662 affligendOS,
2632 2571 2753 2664 qui
2794 2571 2950 2643 cibo
2994 2572 3197 2644 nobis
3232 2583 3543 2669 potuque

710 2693 1074 2787 prohibitis
1122 2694 1529 2786 cunctisque
1585 2694 1996 2766 necessariis
2043 2695 2463 2783 interdictiS,
2518 2704 2667 2766 tum
2710 2695 3016 2765 tenebris
3068 2705 3141 2767 et
3179 2697 3534 2789 clausura,

712 2826 859 2888 tum
893 2817 1075 2889 fame
1107 2838 1191 2889 ac
1222 2817 1428 2889 etiam
1464 2817 1575 2888 siti
1584 2870 2012 2890 ......
2068 2817 2163 2888 ita
2195 2838 2325 2889 nos
2360 2817 2738 2888 crudeliter
2767 2818 3147 2889 affecerunt
3183 2820 3377 2911 quod
3412 2841 3541 2891 ex-

714 2940 943 3013 tinctis
976 2962 1070 3012 ex
1105 2951 1249 3012 toto
1276 2940 1840 3036 quamplurimis,
1871 2941 2188 3013 viventes
2220 2962 2461 3012 sumus
2497 2963 2642 3012 non
2674 2941 3025 3013 modicum
3059 2964 3101 3013 a
3136 2943 3374 3014 formis
3409 2942 3540 3015 ho-

715 3063 978 3135 minum
1010 3065 1380 3136 deformati
1388 3117 2385 3137 .............
2427 3065 3000 3159 Redemptionem
3039 3066 3286 3137 mittite
3324 3068 3542 3140 servis

711 3187 1001 3279 vestris3
1037 3188 1338 3276 reddite,
1370 3187 1644 3262 reddite
1670 3209 1799 3282 pro
1828 3185 2152 3259 fidelibus
2178 3186 2497 3260 infideles
2529 3190 2916 3260 secundum
2947 3190 3273 3262 eumdem
3301 3212 3543 3262 nume-

713 3331 868 3380 rum
909 3319 981 3381 et
1011 3311 1553 3403 equivalentiam
1586 3331 2065 3404 personarum.
2103 3312 2437 3384 Solebant
2478 3312 2665 3382 enim
2704 3311 2995 3383 Romani
3026 3314 3360 3404 majores,
3402 3323 3535 3386 etc.

808 3434 888 3504 In
921 3433 1248 3505 eumdem
1282 3456 1591 3523 sensum,
1612 3434 1776 3505 licet
1805 3435 1938 3506 sub
1969 3434 2259 3506 diversis
2291 3435 2550 3526 verbiS,
2578 3435 2781 3507 adest
2806 3436 3027 3507 altera
3060 3436 3147 3507 de
3186 3459 3262 3508 re
3295 3438 3542 3509 eadem

710 3557 1145 3651 captivorum
1188 3558 1658 3629 Parmensium
1705 3559 1797 3630 ad
1843 3557 2333 3654 imperatorem
2386 3559 2677 3653 epistola
2721 3559 2792 3629 in
2839 3559 3102 3631 eisdem
3146 3560 3537 3652 codicibuS,

717 3681 1165 3775 Leipzicensi,
1210 3682 1331 3752 fol.
1360 3683 1469 3754 ‚60
1503 3679 1662 3778 (69)
1698 3692 1923 3773 recto;
1956 3683 2410 3774 Berolinensi,
2449 3683 2570 3754 fol.
2610 3679 2699 3756 47
2731 3693 2945 3756 recto,

2114 3980 2180 4050 11

869 4178 1114 4254 (Inedit.
1146 4195 1224 4239 ex
1257 4180 1560 4241 codicibus
1584 4181 1989 4257 praelaudatis
2031 4183 2313 4260 Leipzic.‚
2350 4193 2417 4243 n⁰
2460 4191 2637 4256 1268,
2669 4181 2772 4244 fol.
2798 4191 2833 4242 9
2867 4181 2994 4261 (13)
3024 4188 3213 4256 recto,
3252 4188 3313 4242 et
3351 4184 3535 4244 Bero-

950 4288 1084 4358 lin.,
1122 4300 1192 4349 n⁶
1218 4296 1353 4361 188,
1380 4291 1482 4351 fol.
1507 4298 1584 4349 48
1618 4298 1799 4368 recto,
1820 4307 1958 4351 cum
1985 4290 2100 4350 hac
2121 4288 2379 4349 rubrica:
2403 4284 2642 4348 luorum
2651 4304 2852 4367 preces
2872 4298 2913 4348 a
2938 4285 3167 4348 domino
3191 4289 3538 4368 imperatore

949 4398 1190 4457 minime
1215 4397 1617 4459 admittuntur
1641 4398 1745 4477 qui
1769 4401 2108 4458 exconemm
2132 4392 2208 4455 ab
2240 4391 2430 4455 eodem
2451 4392 2680 4454 domino
2695 4394 3039 4474 imperatore
3048 4396 3346 4474 petierant
3371 4395 3534 4455 Par-

947 4505 1235 4565 mensium
1259 4503 1665 4585 captivorum.)

790 4683 881 4767 (a)
920 4688 1197 4750 Forsitan
1224 4689 1480 4752 marchio
1506 4690 1750 4751 Lancia.

869 4792 973 4855 VI.
1018 4814 1130 4859 1³22·
1149 4816 1195 4859 a.
3142 4799 3218 4852 '15
