4525 6031
961 619 1084 681 570
1959 618 2393 682 rmnssmcl
2432 622 2785 686 saeuum
3407 627 3574 704 [Anu.
3612 627 3789 692 1247.

956 764 1194 828 nostro
1236 775 1566 851 prospere
1607 763 2005 846 gesserant,
2042 754 2390 828 debellata
2438 757 2733 830 viriliter
2780 768 2853 830 et
2894 767 3238 849 cremata3
3276 759 3472 832 locus
3509 761 3795 836 Berselli

954 880 1079 975 qui
1113 879 1319 951 estin
1349 879 1498 973 ripa
1525 877 1829 948 fluminis
1869 878 2065 967 Padi,
2104 879 2293 951 unde
2320 880 2414 952 ad
2442 881 2848 953 Parmenses
2875 880 3159 954 eosdem
3189 881 3486 954 rebelles
3516 895 3791 959 nostros

956 1026 1083 1099 per
1108 1006 1517 1075 Mantuanos
1548 1012 1619 1074 et
1645 1002 2117 1075 Ferrarienses
2143 1025 2435 1098 persepe
2466 1004 2902 1094 victualium,
2927 1005 3093 1078 salis
3123 1013 3196 1076 et
3224 1005 3522 1079 aliorum
3549 1029 3789 1082 neces-

955 1126 1296 1198 sariorum
1327 1124 1617 1196 munitio
1648 1125 2029 1216 ferebatur,
2060 1124 2352 1198 viriliter
2383 1127 2616 1199 extitit
2646 1137 3123 1222 expugnatus,
3163 1127 3387 1223 captis
3430 1130 3785 1202 nonnullis

956 1249 1445 1321 Parmensibus
1489 1248 1771 1343 prefatis
1817 1247 2078 1320 ibidem
2111 1249 2353 1344 positis
2382 1250 2476 1322 ad
2509 1251 2823 1322 tutelam.
2860 1250 3124 1341 Quem,
3156 1252 3354 1325 velut
3384 1250 3787 1347 dispendio·

954 1396 1111 1445 sum
1143 1372 1490 1464 hostibus,
1522 1373 1691 1445 dum
1729 1374 1894 1446 inde
1926 1395 2071 1446 nou
2103 1375 2334 1447 minus
2365 1397 2579 1467 quam
2614 1375 2735 1446 ubi
2768 1395 2898 1447 nos
2930 1375 3060 1469 ipsi
3093 1375 3559 1470 persistimus,
3589 1394 3786 1450 arce-

955 1507 1239 1587 rentur,
1287 1497 1541 1568 muniri
1596 1498 1871 1569 fossatis
1925 1509 1997 1569 et
2037 1499 2190 1569 aliis
2237 1497 2647 1571 necessariis
2693 1497 3215 1588 mandavimus,
3261 1500 3590 1594 predictis
3641 1499 3785 1574 filio

953 1631 1191 1693 nostro
1225 1631 1295 1692 et
1324 1622 1604 1693 Ezelino
1631 1620 1889 1692 ibidem
1911 1643 2132 1714 usque
2158 1622 2250 1693 ad
2271 1623 2556 1717 plenum
2576 1622 2904 1694 mandate
2924 1623 3326 1696 munitionis
3345 1624 3615 1695 exitum
3637 1644 3781 1698 mo-

954 1746 1230 1817 raturiS.
1267 1744 1646 1817 Cardinalis
1680 1744 2100 1816 Octavianus
2138 1745 2248 1816 cui
2289 1745 2380 1816 ad
2421 1745 3041 1818 Mediolanensium
3072 1754 3144 1817 et
3172 1746 3469 1818 aliorum
3511 1756 3779 1820 nostro-

954 1892 1112 1940 rum
1132 1869 1493 1940 rebellium
1513 1869 1852 1939 auxilium
1877 1869 2103 1939 fuerat
2125 1890 2252 1963 per
2272 1868 2728 1963 apostolicum
2748 1869 3015 1941 dudum
3036 1869 3126 1941 de
3143 1870 3610 1964 Transalpinis
3627 1890 3777 1966 par·

956 1993 1141 2064 tibus
1178 1992 1544 2064 commissa
1574 1991 2031 2081 transductio,
2056 2002 2127 2062 et
2148 1988 2325 2088 [qui]
2342 2013 2424 2062 ea
2455 2011 2583 2086 per
2595 1990 2681 2063 A.
2701 1993 3029 2064 comitem
3055 1993 3429 2082 Sabaudie,
3449 1994 3777 2066 dilectum

954 2116 1545 2207 consanguineum
1576 2126 1644 2186 et
1674 2114 1953 2187 fidelem
1985 2127 2328 2203 nostrum,
2365 2114 2435 2185 in
2472 2137 2680 2186 manu
2715 2116 2871 2187 sorti
2905 2116 2994 2189 de
3021 2116 3352 2188 mandato
3378 2127 3612 2188 nostre
3644 2117 3778 2187 cel-

952 2239 1274 2311 situdinis
1306 2238 1684 2330 denegata,
1723 2238 2191 2310 Mediolanum
2224 2237 2476 2308 furtive
2509 2238 3026 2331 quodammodo
3066 2239 3198 2310 sub
3241 2237 3488 2309 inermi
3521 2248 3593 2309 et
3625 2258 3774 2310 mo·

951 2363 1108 2439 dica
1140 2363 1463 2435 comitiva
1492 2371 1938 2457 pervenerat;
1977 2362 2069 2433 ad
2102 2362 2498 2432 instantiam
2527 2362 2611 2434 G.
2637 2362 2727 2434 de
2764 2364 3234 2452 Montelongo‚
3254 2360 3462 2454 legati
3494 2371 3773 2457 aposto·

950 2489 1063 2560 lici
1105 2489 1294 2582 apud
1338 2488 1651 2559 Parmam
1696 2484 1980 2577 intrusi,
2016 2486 2324 2557 eundem
2375 2485 2464 2557 de
2508 2508 2840 2557 succursu
2882 2485 3233 2556 Parmensi
3268 2507 3393 2580 per
3425 2482 3660 2556 literas
3704 2496 3775 2556 et

948 2613 1240 2685 nuncios
1294 2606 1526 2706 sepius
1574 2606 2028 2702 requirentiS,
2058 2608 2730 2696 Mediolanensium,
2776 2608 3277 2697 Brixiensium,
3313 2611 3770 2681 Mantuanen-

948 2736 1162 2825 sium,
1193 2734 1729 2807 Ferrariensium
1760 2742 1831 2803 et
1862 2730 2156 2803 aliorum
2194 2742 2588 2804 nostrorum
2627 2732 2989 2803 rebellium
3033 2730 3339 2826 possibili
3382 2728 3773 2804 coadunato

948 2860 1285 2955 presidio,
1317 2858 1511 2930 venit
1556 2855 1958 2927 marchione
2004 2857 2274 2927 Estensi
2324 2864 2396 2927 et
2425 2857 2750 2929 Alberico
2791 2856 2881 2928 de
2918 2857 3265 2945 Romano,
3303 2850 3772 2952 proditoribus

947 2984 1202 3058 nostris
1226 3037 1246 3073 ‚
1284 2983 1509 3077 ipsum
1543 2980 1709 3051 illuc
1741 2978 2229 3052 comitantibus
2252 3033 2271 3069 ,
2306 2979 2401 3052 ad
2433 2981 2765 3052 Taliatam
2785 2975 2921 3076 (l),
2960 2981 3189 3053 locum
3221 2979 3546 3053 videlicet
3584 2978 3770 3052 unde

948 3129 1110 3204 pars
1158 3106 1450 3201 predicti
1502 3103 1804 3175 fluminis
1850 3102 2230 3177 derivatur.
2270 3104 2469 3176 Unde
2520 3103 2850 3200 predictis
2892 3104 3377 3176 Parmensibus
3425 3113 3496 3175 et
3541 3105 3770 3196 legato

947 3230 1311 3303 transitum
1345 3239 1415 3299 et
1446 3248 1846 3299 succursum
1879 3225 2374 3320 impossibilem
2405 3227 2919 3321 repromittam,
2949 3228 3231 3322 prefatis
3257 3226 3401 3299 filio
3427 3237 3667 3300 nostro
3700 3236 3771 3298 et

943 3351 1227 3425 Ezelino
1272 3374 1432 3424 cum
1474 3351 1693 3422 electa
1728 3348 1971 3422 militia
2006 3360 2076 3423 et
2107 3347 2421 3445 peditum
2471 3349 2914 3423 multitudine
2944 3349 3278 3446 oppositis
3311 3373 3401 3423 ex
3431 3350 3762 3441 advers0,

944 3478 1384 3552 obsessorum
1436 3484 1598 3546 vota
1649 3485 1985 3568 concepta
2031 3476 2491 3565 verbotenuS,
2536 3475 2625 3547 de
2675 3497 2815 3569 qua
2861 3471 3305 3571 patiebantur
3357 3476 3766 3548 necessitate

944 3621 1315 3696 suspensa,
1356 3621 1514 3671 cum
1546 3594 1739 3669 aliud
1774 3597 1937 3671 inde
1968 3597 2401 3692 nequiverit,
2438 3620 2566 3693 per
2598 3597 3059 3694 impossibiles
3089 3597 3581 3692 promissiones
3612 3599 3763 3668 elu-

944 3726 1057 3796 sit.
1107 3727 1197 3797 Et
1261 3724 1358 3795 sic
1422 3722 1906 3795 Pal-mensibus
1970 3721 2383 3816 supradictis
2442 3744 2569 3817 per
2626 3722 2921 3818 duplicis
2979 3721 3359 3794 obsidionis
3415 3721 3766 3814 objectum

941 3848 1168 3921 omnis
1204 3868 1571 3918 succursus
1600 3857 1669 3916 et
1695 3845 2097 3916 munitionis
2129 3844 2392 3916 auxilio
2426 3846 2796 3940 denegato,
2831 3846 2993 3917 salis
3024 3845 3234 3940 etiam
3261 3855 3334 3917 et
3358 3844 3763 3917 victualium

940 3972 1128 4068 ipsos
1159 3979 1518 4067 premente
1556 3969 1865 4061 defectu,
1912 3969 2166 4041 amodo
2196 3963 2472 4040 differre
2509 3990 2649 4042 non
2691 3979 3022 4063 poterunt
3070 3969 3240 4063 quin
3280 3989 3525 4042 vocem
3563 3968 3762 4042 dedi—

942 4097 1146 4171 tionis
1173 4096 1526 4182 emittant,
1556 4103 1765 4188 prout
1805 4114 1930 4188 per
1971 4093 2206 4188 plures
2243 4113 2484 4164 eorum
2523 4092 2617 4163 ad
2657 4091 3081 4164 cardinalem
3112 4099 3182 4162 et
3211 4092 3763 4165 Mediolanenses

937 4223 1242 4318 prefatos
1262 4220 1494 4291 literas
1518 4218 1934 4312 interceptas
1959 4216 2382 4312 accepimuS‚
2416 4215 2669 4309 quibus
2703 4226 2860 4310 post
2892 4215 3450 4310 desperationem
3478 4231 3760 4287 succur-

938 4363 1085 4435 suS,
1125 4345 1315 4438 quod
1348 4365 1422 4415 se
1457 4342 1799 4414 mandatis
1824 4340 2078 4412 nostris
2106 4348 2540 4434 exponerent
2570 4340 2703 4410 sub
2731 4339 3199 4412 excusationis
3230 4339 3574 4411 velamine
3603 4335 3762 4410 des-
3803 4356 3809 4361 ·

938 4468 1321 4539 cribebant.
1384 4467 1495 4537 Ex
1548 4463 1897 4561 premissis
1946 4461 2156 4555 igitur
2201 4462 2470 4535 firmam
2523 4484 2720 4558 spem
2760 4461 3225 4556 fiduciamque
3283 4461 3624 4559 concipite
3676 4477 3760 4532 ac

1008 4738 1081 4810 (⁴)
1120 4738 1331 4794 Scilicet
1354 4736 1630 4793 Talliatam
1652 4735 1727 4810 (la
1759 4733 2015 4807 Taqliata
2039 4734 2101 4792 di
2129 4732 2370 4807 Parma).
2394 4733 2472 4792 Cf.
2502 4734 2756 4793 chronic.
2783 4733 2846 4792 do
2868 4733 2979 4792 rob.
3005 4735 3069 4791 in
3089 4733 3224 4791 Ital.
3246 4735 3427 4806 pestis,
3449 4749 3511 4807 p.
3529 4736 3590 4791 2⁴
3605 4739 3658 4792 8.
