4525 6031
1087 566 1208 627 352
2131 561 2496 624 counitur
2544 566 2847 639 Quarum
3510 571 3676 649 [Anu.
3712 572 3889 635 1243.

1085 720 1359 793 semper
1390 705 1712 790 augusto,
1746 707 1978 768 nostre
2015 698 2439 768 excellencie
2477 709 3000 793 presentaruntg
3034 702 3288 774 devote
3316 704 3785 798 supplicantes
3813 716 3894 777 ut

1087 824 1274 895 idem
1308 821 1740 917 privilegium
1771 820 2141 909 innovare,
2182 831 2406 891 ratum
2440 820 2695 893 habere
2725 833 2796 894 et
2823 821 3232 895 confirmare
3275 826 3364 898 de
3397 837 3632 900 nostra
3670 830 3891 921 gratia

1090 947 1559 1040 dignaremur.
1592 944 1813 1034 Hujus
1844 943 2078 1033 itaque
2118 944 2455 1038 privilegii
2496 954 2694 1016 tenor
2724 966 2850 1039 per
2889 948 3119 1017 omnia
3157 948 3310 1019 talis
3343 960 3495 1021 erat
3526 980 3544 1021 ε

1185 1070 1546 1166 (Sequitur
1586 1068 2018 1162 privilegium
2064 1068 2392 1139 Friderici
2433 1069 2532 1159 11,
2580 1069 2819 1140 datum
2864 1070 3052 1164 apud
3092 1070 3365 1162 Accon,
3405 1095 3646 1146 mense
3690 1074 3891 1168 aprili

1093 1194 1311 1282 4229,
1350 1191 1539 1284 quod
1576 1211 1783 1284 supra
1815 1190 2183 1278 edidImuS,
2223 1202 2273 1259 t.
2308 1192 2422 1279 III,
2463 1213 2537 1283 p.
2578 1189 2782 1283 428.)

1185 1314 1327 1385 Nos
1367 1313 1574 1404 igitur
1628 1312 1895 1383 devotis
1935 1312 2550 1405 supplicationibus
2594 1312 3063 1407 predictorum
3106 1314 3391 1385 fratrum
3439 1317 3560 1407 qui
3619 1337 3892 1411 semper

1089 1436 1227 1509 fide
1256 1438 1523 1508 sincera
1552 1435 1831 1506 domino
1876 1435 2052 1527 patri
2098 1445 2363 1524 nostro,
2419 1435 2619 1507 nobis
2664 1446 2736 1506 et
2774 1436 3064 1529 imperio
3109 1437 3547 1509 laudabiliter
3595 1439 3887 1511 adhese-

1092 1570 1255 1633 runt
1291 1570 1360 1630 et
1408 1559 1500 1630 ad
1542 1558 2029 1629 exaltationem
2075 1558 2290 1628 nostri
2333 1558 2632 1629 nominis
2679 1569 2750 1630 et
2788 1558 3067 1631 honoris
3103 1562 3500 1652 frequenter
3545 1564 3884 1657 aspirant,

1092 1682 1559 1755 favorabiliter
1611 1690 2030 1769 annuentes,
2078 1691 2535 1751 memoratum
2579 1682 3012 1776 privilegium
3060 1682 3149 1754 de
3197 1685 3415 1755 verbo
3462 1685 3555 1756 ad
3597 1687 3887 1757 verbum

1093 1807 1577 1900 transcriptum
1616 1804 1918 1897 presenti
1951 1804 2315 1897 privilegio
2351 1815 2587 1875 nostro
2627 1806 2834 1877 inseri
2863 1806 3217 1897 jussimus,
3260 1807 3594 1880 Universa
3634 1822 3706 1880 et
3747 1810 3888 1880 sin·

1090 1930 1253 2023 gula
1298 1949 1435 2021 que
1468 1926 1906 1999 continentur
1947 1927 2018 1996 in
2060 1927 2209 2020 ipso
2245 1926 2693 2018 innovamuS,
2729 1928 3182 2019 ratificamus,
3221 1940 3292 1999 et
3331 1952 3458 2024 pro
3498 1932 3720 2002 salute
3765 1951 3887 2026 pa-

1092 2063 1286 2124 terna
1332 2061 1404 2123 et
1446 2050 1751 2121 remedio
1797 2059 2236 2143 peccatorum
2297 2050 2643 2122 carissime
2696 2052 2931 2123 matris
2975 2062 3211 2124 nostre
3265 2053 3449 2123 clare
3510 2055 3880 2144 memorie,

1091 2174 1465 2245 liberaliter
1526 2171 2051 2261 confirmamus;
2111 2181 2491 2243 statuentes
2540 2196 2629 2246 ne
2679 2174 2836 2266 quis
2884 2182 3123 2245 contra
3180 2175 3494 2266 ejusdem
3553 2178 3887 2270 privilegii

1093 2308 1403 2368 tenorem
1447 2295 1882 2387 aliquatenus
1915 2295 2155 2365 venire
2194 2305 2568 2387 presumat.
2614 2296 2705 2366 Ut
2744 2307 2978 2367 autem
3024 2296 3233 2387 hujus
3276 2297 3435 2367 facti
3482 2300 3697 2369 nostri
3744 2300 3886 2371 evi-

1091 2420 1335 2493 dencia
1391 2430 1800 2512 perpetuum
1853 2419 2069 2489 robur
2115 2417 2425 2488 obtineat
2471 2416 2848 2510 firmitatiS,
2902 2440 3189 2513 presens
3244 2421 3575 2514 scriptum
3624 2420 3774 2493 fieri
3820 2433 3889 2493 et

1091 2542 1314 2634 sigillo
1343 2542 1556 2612 nostri
1590 2541 1908 2612 culminis
1932 2541 2262 2633 jussimus
2296 2540 2628 2612 roborari.

1185 2665 1406 2757 Hujus
1462 2665 1694 2756 itaque
1754 2664 1856 2734 rei
1907 2673 2115 2734 testes
2170 2673 2334 2733 sunt
2383 2693 2400 2734 ι
2450 2664 2786 2734 Henricus
2839 2666 3255 2735 venerabilis
3301 2666 3888 2758 Babenbergensis

1092 2788 1351 2858 electus
1378 2839 1398 2876 ,
1478 2788 1804 2877 magister
1867 2786 2222 2881 Philippus
2286 2786 2722 2859 decretorum
2780 2789 3050 2876 doctor,
3107 2788 3595 2859 Rindesmulus
3662 2799 3887 2860 custos

1089 2912 1715 3004 Babenbergensis,
1757 2912 2138 2983 Lodevicus
2175 2932 2407 2982 comes
2446 2912 2533 2982 de
2573 2911 2954 3002 Othingen,
3010 2912 3395 2983 Fridericus
3440 2912 3530 2984 de
3572 2913 3885 2985 Druben-

1091 3038 1384 3128 dingen,
1456 3035 1870 3107 Godefridus
1936 3045 2005 3106 et
2069 3035 2425 3107 Conradus
2492 3037 2735 3106 fratres
2811 3035 2899 3106 de
2968 3035 3319 3125 Hohen10,
3377 3037 3732 3110 Conradus
3801 3039 3886 3110 de

1092 3161 1502 3246 Smidevelt,
1571 3158 1838 3230 Ulrious
1902 3158 1990 3229 de
2062 3158 2567 3251 Kunegestein,
2620 3158 3035 3231 Godefridus
3078 3159 3166 3230 de
3224 3160 3587 3247 Solzburc‚
3653 3169 3724 3232 et
3774 3162 3886 3232 alii

1092 3284 1568 3376 quamplures.

1191 3403 1440 3475 Actum
1489 3423 1674 3475 anno
1726 3402 2000 3474 Domini
2051 3403 2144 3473 M.
2170 3404 2293 3475 CC.
2316 3403 2553 3494 XLIII,
2606 3424 2842 3474 mense
2887 3403 3305 3495 decembris,
3358 3405 3734 3478 indictione
3778 3430 3882 3479 se·

1092 3529 1348 3599 cunda.

1190 3653 1440 3723 Datum
1468 3648 1658 3743 apud
1686 3649 2139 3739 Noremberc,
2177 3670 2389 3740 anno,
2427 3671 2664 3720 mense
2703 3659 2772 3720 et
2798 3648 3173 3721 indictione
3204 3651 3627 3745 prescriptis.

703 4106 1004 4212 Nmssffim
1198 4089 1591 4170 Conradus
1611 4149 1633 4191 ,
1698 4087 1775 4168 in
1822 4089 2341 4170 Romanorum
2405 4112 2661 4194 regem
2725 4085 3006 4168 electus
3028 4147 3051 4189 ,
3114 4084 3514 4168 confirmat
3573 4087 3884 4170 domum
3981 4088 3984 4092 ’

739 4212 971 4256 mun.
1086 4246 1322 4329 quam
1383 4220 1665 4302 habent
1719 4218 2157 4301 Theutonici
2222 4219 2425 4326 apud
2501 4218 2908 4300 Ierusalem
2970 4242 3168 4325 quae
3230 4217 3478 4300 fuerat
3537 4217 3884 4301 Balduini

1086 4352 1290 4459 regis
1326 4349 1928 4455 lerosolimitani‚
1962 4361 2035 4430 et
2059 4350 2158 4431 VI
2183 4361 2614 4432 carrucatas
2660 4361 2904 4432 terrae
2951 4359 3025 4431 et
3069 4349 3383 4432 domum
3428 4348 3659 4430 aliam
3696 4374 3885 4458 quae

1087 4483 1338 4565 fuerat
1391 4482 2010 4584 Teutonicorum;
2074 4507 2272 4589 quae
2331 4482 2591 4563 omnia
2646 4493 2860 4589 pater
2917 4507 3103 4564 suus
3159 4483 3569 4589 imperator
3621 4483 3885 4567 Fride-

1085 4615 1286 4696 ricus
1331 4614 1410 4694 in
1447 4612 1861 4695 elemosina
1895 4611 2182 4694 eisdem
2217 4612 2452 4695 dedit.
