4525 6031
814 612 1017 671 [norm.
1049 609 1142 687 6.]
1703 608 2100 670 HISTORIA
2147 608 2745 672 DIPLOMATICA.
3514 613 3638 675 647

811 743 1227 815 sententiam
1250 743 1438 835 juste
1468 742 1982 838 dampnationis
2013 744 2317 838 excepit,
2356 765 2481 839 per
2508 765 2721 837 quam
2748 745 2933 816 idem
2965 745 3040 816 F.
3075 744 3387 837 abjectus
3418 767 3460 817 a
3491 747 3640 819 Deo

811 887 903 938 ne
929 866 1221 938 ulterius
1256 876 1502 958 regnet
1534 866 1646 937 vel
1676 866 1970 960 imperet
1997 867 2425 956 declaratur,
2456 866 2549 939 ad
2573 867 3008 939 liberandum
3045 866 3134 939 de
3166 868 3382 962 ipsius
3422 869 3640 941 fauci-

813 990 945 1061 bus
959 1011 1251 1082 regnum
1268 989 1495 1060 Sicilie
1509 988 1702 1082 quod
1735 998 1841 1060 est
1869 991 2177 1061 Romane
2209 989 2514 1061 Ecclesie
2544 990 2873 1084 speciale,
2907 990 3107 1081 cujus
3136 989 3283 1083 ipse
3314 989 3640 1061 dilatatus

811 1110 1236 1206 pinguedine
1254 1133 1338 1183 ac
1351 1111 1616 1184 viribus
1639 1112 2005 1183 roboratus
2026 1114 2431 1183 calcaneum
2448 1113 2674 1183 erexit
2692 1113 2760 1182 in
2781 1113 3184 1201 Dominum,
3205 1122 3396 1183 tanto
3413 1122 3638 1185 atten-

816 1236 952 1308 tius
984 1235 1319 1331 propositi
1353 1236 1570 1307 nostri
1610 1235 1871 1329 aspirat
1903 1235 2195 1307 intentio
2225 1245 2492 1330 quanto
2519 1235 2740 1327 magis
2765 1236 3078 1326 ejusdem
3108 1236 3306 1326 regni
3332 1236 3642 1308 conditio

814 1357 1206 1431 miseranda
1240 1358 1311 1429 in
1338 1379 1549 1453 quam
1578 1358 1746 1429 illud
1782 1359 2053 1450 redegit
2081 1358 2435 1451 regnantis
2452 1358 2800 1452 iniquitaS,
2829 1359 3327 1452 compassionis
3346 1360 3416 1429 in
3441 1360 3644 1431 nobis

815 1492 1151 1578 provocat
1175 1482 1531 1576 pietatem.
1547 1482 1700 1553 Non
1716 1482 1901 1553 enim
1921 1491 2150 1577 potest
2164 1502 2206 1552 a
2225 1482 2354 1576 piis
2369 1481 2617 1552 animis
2636 1482 2900 1574 absque
2915 1482 3174 1574 gemitu
3191 1483 3341 1574 cogi
3351 1483 3476 1553 tari
3493 1505 3647 1575 reg-

810 1627 981 1676 num
994 1605 1188 1698 quod
1220 1607 1352 1677 sub
1390 1605 1633 1701 priscis
1666 1605 1947 1696 regibus
1979 1605 2316 1676 libertatis
2347 1604 2565 1696 gloria
2584 1659 2603 1695 ,
2637 1606 3011 1678 nobilitatis
3039 1605 3318 1695 decore,
3354 1605 3641 1677 sinceri-

816 1729 975 1800 tatis
1005 1728 1171 1819 fide,
1212 1728 1570 1823 opulentia
1614 1751 1849 1799 rerum
1895 1737 1966 1799 et
1995 1728 2303 1820 jocunda
2344 1728 2583 1822 populi
2631 1729 3016 1821 frequentia
3063 1729 3521 1824 prepollebat,
3571 1729 3643 1800 in

818 1862 1080 1923 tantam
1107 1851 1459 1924 servitutis
1490 1852 1867 1943 miseriam,
1891 1852 2342 1944 ignobilitatis
2357 1852 2706 1944 injuriam,
2731 1852 3002 1947 lapsum
3016 1850 3209 1941 fidei,
3238 1850 3649 1923 exinanitio-

814 1975 923 2047 nis
968 1976 1359 2067 angustiam
1403 1985 1476 2047 et
1519 1986 1659 2047 tam
1704 1997 1918 2068 grave
1961 1975 2377 2070 populorum
2424 1975 2776 2046 excidium
2824 1975 3187 2047 corruisse.
3229 1975 3366 2046 Sed
3402 1984 3472 2046 et
3505 1977 3644 2048 Ro-

814 2120 1020 2170 mana
1047 2099 1355 2171 Ecclesia
1383 2120 1594 2195 super
1619 2099 1749 2170 hiis
1780 2120 1905 2194 pre
1937 2098 2186 2170 ceteris
2217 2098 2631 2192 profundius
2661 2098 3053 2190 ingemiscit
3083 2120 3221 2191 que
3265 2098 3649 2193 peculiares

813 2220 994 2295 filios
1026 2223 1338 2315 ejusdem
1367 2212 1602 2315 regni,
1624 2223 1951 2294 videlicet
1984 2221 2245 2293 incolas
2272 2243 2447 2314 quos
2478 2221 2568 2293 ad
2598 2223 2969 2313 ingenuam
2997 2232 3335 2313 genuerat
3363 2222 3648 2293 liberta-

817 2355 983 2436 tem,
1015 2344 1210 2417 videt
1237 2366 1278 2416 a
1306 2346 1572 2437 gremio
1591 2354 1903 2416 materne
1937 2344 2443 2416 communionis
2471 2345 2855 2415 abstractos
2885 2343 3063 2415 duro
3088 2344 3368 2415 vinculo
3391 2344 3650 2415 manci-

814 2468 993 2561 pari,
1029 2479 1109 2539 ut
1159 2490 1302 2540 non
1353 2469 1584 2539 minus
1634 2469 1787 2539 illos
1845 2477 2158 2539 conterat
2205 2466 2569 2560 impressio
2622 2466 2898 2561 tyranni
2940 2466 3252 2556 urgentis
3302 2465 3394 2537 ad
3433 2486 3649 2536 onera

814 2590 1084 2662 insueta
1127 2613 1338 2683 quam
1383 2591 1549 2663 olim
1592 2590 1775 2663 filios
1814 2591 2026 2662 Israel
2068 2591 2397 2685 presserit
2435 2590 2877 2660 inclementia
2917 2588 3318 2660 Pharaonis,
3359 2589 3649 2682 Propter

812 2714 1004 2806 quod
1035 2724 1277 2787 contra
1304 2736 1466 2786 eum
1503 2735 1716 2807 quem
1751 2715 2113 2785 innumera
2144 2724 2380 2808 preter
2404 2712 2534 2785 bec
2566 2714 2746 2783 mala
2774 2712 2865 2783 ab
2892 2712 3175 2784 honoris
3203 2711 3310 2782 sui
3343 2712 3651 2783 culmine

813 2836 1246 2930 dejecerunt,
1274 2838 1440 2931 quia
1467 2838 1540 2908 in
1573 2860 1714 2932 quo
1742 2838 2007 2932 positus
2035 2848 2218 2909 esset
2241 2837 2465 2930 gradu
2495 2835 2866 2907 eminentie
2896 2836 3116 2906 factus
3144 2834 3475 2928 insipiens
3503 2855 3646 2906 non

814 2963 1127 3054 agnovit,
1165 2984 1248 3035 ac
1281 2963 1587 3036 fautores
1610 2962 1825 3057 ipsius
1854 2959 2291 3035 induendum
2322 2969 2426 3033 est
2442 2960 2570 3032 zeli
2604 2959 2889 3055 pallium
2919 2958 3012 3031 ad
3042 2959 3447 3050 vindictam,
3472 2968 3542 3030 et
3574 2958 3645 3030 in

815 3107 1305 3182 oppressorum
1339 3086 1719 3180 presidium
1750 3109 2051 3181 quorum
2078 3108 2208 3158 nos
2236 3085 2686 3179 interpellant
2703 3105 2939 3155 amara
2953 3083 3275 3178 suspiria,
3297 3084 3648 3178 potentius

813 3209 1331 3299 adsurgendum
1360 3218 1440 3280 ut
1467 3220 1800 3280 excutere
1827 3231 2042 3301 grave
2061 3210 2313 3302 jugum
2346 3208 2638 3280 dominii
2671 3208 2838 3279 etin
2867 3208 3255 3278 libertatem
3285 3228 3646 3297 resurgere

812 3332 1094 3405 valeant
1123 3331 1423 3405 filiorum
1468 3354 1551 3403 ac
1592 3333 1881 3423 singulis
1921 3332 2184 3427 proprii
2232 3341 2454 3404 status
2498 3332 2686 3427 prior
2726 3331 3032 3404 conditio
3065 3333 3501 3402 reformetur.
3536 3329 3647 3402 Ad

813 3455 949 3529 hoc
989 3467 1226 3529 autem
1267 3456 1629 3529 invitanda
1675 3467 1852 3529 sunt·
1882 3456 2190 3529 subsidia
2230 3467 2573 3551 oportuna
2618 3454 2929 3527 fidelium
2978 3455 3144 3526 tuba
3182 3454 3378 3527 verbi
3424 3455 3648 3527 crucis

812 3578 1088 3652 vivifice
1120 3580 1329 3652 altius
1356 3582 1559 3653 solito
1591 3581 1978 3672 intonante,
2011 3590 2082 3651 et
2110 3591 2354 3651 contra
2388 3580 2818 3675 tyrannicam
2838 3579 3181 3651 feritatem
3199 3580 3450 3650 summi
3466 3579 3648 3673 regis

816 3703 1013 3796 signa
1049 3703 1361 3776 victricia
1409 3704 1825 3797 explicanda
1870 3703 1939 3774 in
1982 3704 2237 3796 quibus
2274 3704 2540 3775 conteri
2589 3706 2817 3775 solent
2861 3703 3144 3796 maligni
3190 3704 3647 3797 superbarum

814 3827 1165 3899 exercitus
1217 3837 1665 3922 potestatum.
1734 3826 2074 3912 Quocirca
2117 3849 2482 3899 monemus
2538 3827 2730 3921 quod
2776 3837 3015 3898 contra
3055 3837 3516 3899 memoratum
3564 3828 3637 3899 F.

815 3951 886 4021 in
920 3951 1144 4040 Urbe,
1179 3951 1551 4046 Campania
1584 3960 1793 4043 atque
1828 3950 2171 4024 Maritima
2206 3952 2485 4045 publice
2525 3950 2842 4044 predices
2876 3959 2946 4020 et
2977 3951 3378 4042 frequenter
3404 3972 3488 4022 ac
3522 3972 3651 4045 per

812 4074 999 4150 viros
1050 4073 1340 4147 idoneos
1390 4075 1734 4170 predicari
1787 4075 1999 4146 facias
2048 4075 2499 4169 solempniter
2541 4073 2832 4145 verbum
2861 4074 3126 4163 crucis,
3173 4074 3363 4144 illam
3398 4074 3497 4145 eis
3526 4074 3650 4168 qui

813 4206 1056 4269 contra
1088 4198 1412 4269 eumdem
1442 4198 1516 4269 F.
1540 4198 1614 4267 in
1642 4196 2027 4268 subsidium
2058 4196 2364 4268 Ecclesie
2391 4195 2483 4268 ad
2509 4195 3001 4267 eliminandam
3030 4196 3119 4269 de
3151 4217 3367 4288 regno
3394 4218 3652 4269 memo-

815 4332 966 4395 rato
1002 4321 1365 4418 perfidiam
1397 4323 1488 4394 ab
1526 4323 1781 4395 infecto
1819 4322 2044 4417 capite
2072 4322 2145 4392 in
2178 4321 2489 4392 membra
2515 4321 2947 4413 subjacentia
2975 4319 3394 4392 defluentem
3424 4331 3494 4392 et
3525 4322 3654 4394 ibi-

813 4445 977 4519 dem
1029 4447 1395 4542 pristinum
1441 4449 1706 4519 cultum
1751 4446 1915 4519 fidei
1961 4445 2428 4543 reparandum
2470 4446 2622 4517 zelo
2667 4445 2937 4517 fervido
2987 4446 3383 4518 curaverint
3426 4448 3651 4519 crucis

812 4570 1126 4663 insigniri
1163 4580 1551 4661 caractere,
1588 4570 1999 4643 auctoritate
2028 4579 2267 4641 nostra
2300 4567 2690 4640 concedens
2719 4568 2996 4641 veniam
3033 4577 3475 4662 peccatorum
3511 4591 3652 4664 que

813 4692 1716 4789 proficiscentibusinTerre
1740 4696 1990 4767 Sancte
2004 4692 2392 4767 subsidium
2421 4695 2494 4764 in
2521 4692 2828 4787 generali
2851 4692 3144 4764 concilio
3167 4703 3272 4765 est
3289 4713 3650 4786 concessa,
