4525 6031
785 3065 824 3162 c>

711 3116 781 3160 Ro

785 3176 923 3218 ,Ξ

1102 644 1228 707 870
2162 646 2528 710 CONRADI
2578 644 2878 721 QUARTI
3537 644 3703 724 [An.
3740 646 3924 711 1246.

1260 831 1438 911 (Edit.
1456 830 2582 915 ap.Wnncx,Hmiscloel.andaqescla.‚
2596 842 2631 894 2
2647 849 2808 914 pars,
2821 829 3321 908 Urkundenb.‚p.
3341 833 3922 913 16⁴,n·CXXX111.)

1199 1021 1589 1109 Conradus‚
1624 1020 1890 1092 domini
1919 1020 2192 1114 augusti
2220 1019 2655 1115 imperatoris
2669 1017 3002 1091 Friderici
3024 1015 3239 1108 filius,
3269 1018 3399 1090 Dei
3425 1018 3648 1109 gratia
3669 1020 3927 1092 Roma-

1098 1165 1353 1217 nomm
1386 1144 1456 1215 in
1502 1165 1738 1237 regem
1789 1147 2083 1237 electuS‚
2116 1166 2394 1240 semper
2424 1152 2759 1236 angustus
2791 1151 2861 1213 et
2887 1141 3092 1213 heres
3122 1141 3317 1234 regni
3343 1141 3748 1214 Jerusalem.
3797 1144 3929 1215 Per

1100 1289 1388 1365 presens
1444 1269 1775 1364 scriptum
1811 1269 1903 1341 ad
1931 1268 2422 1341 modernorum
2458 1275 2528 1339 et
2555 1267 2945 1338 futurorum
2978 1263 3296 1337 notitiam
3327 1264 3646 1359 cupimus
3674 1287 3926 1360 perve-

1096 1391 1252 1462 nire
1287 1390 1479 1483 quod
1503 1410 1633 1462 nos
1657 1391 1731 1462 C.
1761 1399 1833 1461 et
1857 1390 1968 1461 W.
1994 1387 2096 1485 (l)
2133 1390 2223 1462 de
2254 1388 2670 1479 Merimberg
2700 1386 2970 1459 dilectis
2996 1384 3319 1458 fidelibus
3339 1384 3623 1476 nostris,
3648 1386 3770 1480 qui
3795 1410 3925 1482 per

1095 1523 1418 1609 patentes
1461 1534 1623 1585 suas
1673 1506 1936 1584 li'tteras
1980 1533 2056 1584 se
2103 1521 2339 1584 nostre
2376 1510 2768 1585 celsitudini
2799 1509 3276 1582 astrinxerunt
3303 1509 3497 1602 quod
3521 1509 3595 1581 in
3622 1512 3920 1583 serenis-

1098 1636 1255 1709 simi
1301 1636 1565 1708 Cesaris
1609 1635 1871 1707 domini
1916 1635 2132 1730 patris
2172 1635 2391 1707 nostri
2429 1645 2500 1707 et
2546 1633 2801 1705 nostris
2850 1632 3159 1705 serviciis
3215 1632 3479 1705 auxilio
3521 1643 3594 1705 et
3633 1634 3921 1707 oonsilio

1093 1769 1438 1857 perpetuo
1461 1759 1763 1830 debeant
1779 1779 2216 1854 permanere,
2237 1760 2356 1851 jus
2376 1758 2738 1830 advocatie
2753 1757 2826 1828 in
2838 1756 3269 1852 Wetphlaria
3285 1766 3356 1829 et
3367 1756 3921 1849 jurisdictionem

1095 1884 1171 1956 in
1195 1883 1629 1975 Hittenberg,
1657 1893 1865 1978 prout
1889 1882 2020 1955 hec
2046 1884 2138 1954 ab
2162 1883 2503 1978 imperiali
2530 1882 2752 1975 gratia
2778 1881 3258 1976 progenitores
3280 1902 3521 1952 eorum
3540 1882 3919 1974 antiquitus

1092 2006 1578 2103 possiderunt,
1629 2007 2161 2099 recognovimus
2216 2016 2289 2078 et
2348 2007 2758 2078 auctoritate
2805 2005 3053 2100 prefati
3092 2004 3354 2077 Cesaris
3408 2004 3672 2077 domini
3704 2005 3920 2100 patris

1094 2130 1312 2203 nostri
1342 2140 1412 2202 et
1441 2139 1678 2202 nostra
1715 2129 2180 2202 concessimus
2214 2129 2662 2225 possidenda.
2703 2127 2815 2200 Ad
2842 2129 3042 2220 cujus
3069 2128 3169 2199 rei
3198 2127 3604 2200 memoriam
3634 2150 3920 2224 presens

1025 2249 1029 2254 ⁴
1091 2253 1429 2347 scriptum
1457 2250 1606 2324 fieri
1634 2252 1958 2344 fecimuS,
1991 2253 2214 2344 sigillo
2243 2262 2477 2325 nostre
2508 2251 2935 2324 celsitudinis
2956 2237 3499 2323 communitum.

1188 2378 1443 2449 Datum
1471 2376 1657 2471 apud
1686 2376 2090 2468 Esselingen
2107 2429 2128 2466 ‚
2157 2397 2345 2448 anno
2375 2375 2720 2448 dominice
2749 2374 3246 2448 incarnationis
3273 2374 3639 2447 millesimo
3663 2375 3920 2447 CC.XL

1091 2512 1294 2575 sexto
1329 2500 1455 2599 (a),
1494 2522 1733 2574 mense
1766 2501 1967 2588 maii,
1997 2511 2244 2595 quarte
2283 2500 2703 2573 indictionis.

820 3066 964 3174 ἔξω
1200 3038 1630 3141 ConraduS,
1684 3039 1765 3119 in
1802 3039 2326 3123 Romanorum
2362 3064 2621 3149 regem
2666 3039 2988 3148 electuS,
3038 3066 3180 3149 pro
3217 3040 3367 3123 fide
3402 3049 3479 3124 et
3512 3040 3912 3125 devotione

976 3153 991 3176 ⁹
1088 3169 1369 3252 civium
1412 3173 1509 3254 de
1567 3170 2076 3254 Frankenfurt
2098 3233 2122 3279 ,
2190 3171 2289 3254 de
2361 3172 2806 3255 auctoritate
2875 3183 2951 3255 et
3007 3173 3373 3256 mandato
3429 3173 3908 3283 imperatoris

1086 3303 1325 3409 patris
1362 3304 1521 3409 sui,
1564 3302 1673 3384 eis
1705 3329 2014 3386 omnem
2054 3330 2336 3387 noxam
2364 3317 2439 3388 et
2466 3303 2833 3388 offensam
2868 3305 3183 3388 remittit
3212 3331 3450 3417 quam
3486 3306 3567 3386 in
3595 3306 3905 3388 caedem

1085 3444 1163 3516 et
1229 3434 1759 3516 exterminium
1820 3435 2281 3518 ludaeorum
2344 3437 2441 3519 de
2498 3436 3044 3544 Frankenfurt,
3109 3463 3499 3521 servorum
3563 3464 3907 3522 camerae

1087 3589 1301 3672 suae,
1349 3565 1818 3674 negligenter
1865 3565 2118 3674 potius
2163 3592 2398 3675 quam
2443 3567 2865 3652 voluntarie
2901 3569 3373 3652 commisisse
3408 3569 3786 3653 videntur.

1247 3778 1438 3857 (Edit.
1468 3795 1565 3857 ap.
1594 3774 1871 3859 Privileq.
1901 3785 1959 3840 et
1975 3785 2155 3858 pacta
2179 3792 2293 3840 von
2322 3777 2602 3860 stanles„
2631 3799 2694 3859 p.
2727 3790 2789 3843 4.
2814 3812 2897 3826 -
2920 3781 3155 3857 Lumo,
3186 3780 3604 3861 adelam-cleto,
3631 3788 3674 3843 t.
3706 3782 3852 3845 xm
3873 3825 3895 3861 ,

1319 3900 1381 3962 p.
1418 3892 1560 3945 558.
1585 3915 1667 3929 -
1692 3884 2012 3960 Romnum
2047 3884 2190 3948 Cod.
2226 3883 2530 3966 diplomat.
2559 3884 3047 3967 Moenofiunoofi,
3078 3893 3127 3949 t.
3158 3887 3220 3963 1,
3250 3905 3313 3967 p.
3349 3891 3475 3963 76.)

1176 4069 1564 4162 Conradus,
1606 4070 1751 4142 divi
1783 4070 2058 4164 augusti
2094 4071 2542 4165 imperatoris.
2560 4071 2885 4143 Friderici
2913 4069 3131 4163 filius,
3162 4072 3291 4144 Dei
3316 4072 3539 4166 gratia
3566 4074 3902 4145 Romano-

1077 4215 1236 4264 rum
1266 4194 1339 4265 in
1368 4214 1605 4284 regem
1651 4194 1950 4285 electus,
1994 4216 2274 4290 semper
2324 4204 2661 4286 augustus
2715 4204 2787 4265 et
2828 4193 3033 4267 heres
3075 4195 3272 4286 regni
3311 4196 3717 4268 Jerusalem.
3770 4196 3901 4270 Per

1159 4365 1248 4447 (a)
1288 4370 1357 4428 In
1383 4369 1534 4429 libro
1565 4367 1774 4428 CCLX
1791 4374 1976 4439 sexto,
2008 4368 2111 4429 sed
2138 4384 2243 4446 per
2269 4370 2666 4445 impressionis
2689 4369 2991 4430 mendam.

1147 4654 1223 4725 (t)
1259 4653 1471 4709 Scilicet
1495 4651 1776 4712 conradus
1801 4658 1856 4709 et
1879 4651 2255 4722 Widekindus‚
2279 4659 2339 4710 ut
2361 4652 2529 4710 refert
2552 4654 2768 4711 Wonck
2790 4655 2844 4712 in
2868 4655 3020 4714 titulo
3039 4655 3368 4714 documenti.
3395 4654 3531 4715 vide
3556 4655 3779 4731 insuper
3800 4656 3895 4714 do-

1071 4757 1381 4808 cumentum
1406 4750 1698 4823 insequens
1721 4749 1776 4807 in
1798 4749 1988 4807 eodem
2013 4766 2204 4824 opere,
2232 4750 2336 4807 sub
2363 4760 2425 4808 n⁰
2447 4750 2721 4811 CXXXV.
