4525 6031
1752 621 2380 687 ADDITAMENTA.
3358 622 3481 684 925

654 762 1073 856 imperatore
1122 755 1393 830 banniti
1445 756 1540 827 ad
1588 756 1848 829 dictam
1911 759 2299 851 civitatem,
2351 761 2631 833 nemine
2672 770 3179 846 contrastante,
3219 769 3292 830 et
3327 778 3485 830 eam

657 895 998 981 ceperunt
1051 892 1122 956 et
1176 891 1585 972 tenuerunt3
1639 892 1710 954 et
1754 884 2124 957 concilium
2155 894 2226 958 et
2254 886 2659 959 concionem
2690 893 3291 977 congregaverunt
3318 884 3487 954 Par·
3547 979 3557 989 ὑ

660 1031 938 1083 menses
984 1016 1055 1080 et
1104 1008 1472 1099 elegerunt
1522 1006 1885 1079 dominum
1931 1009 2315 1082 Gerardum
2354 1011 2446 1083 de
2471 1010 2736 1104 Corigia
2766 1010 2835 1080 in
2875 1018 3289 1104 potestatem
3321 1009 3487 1079 Par-

665 1132 1051 1218 mensium3
1085 1139 1158 1203 et
1189 1130 1324 1203 hoc
1361 1131 1491 1202 fuit
1523 1131 1637 1203 die
1687 1130 2035 1204 dominica
2079 1134 2262 1226 XVI,
2327 1135 2630 1207 intrante
2683 1154 2924 1205 mense
2974 1131 3187 1225 junii;
3253 1142 3325 1203 et
3374 1131 3489 1203 die

665 1259 830 1328 lune
874 1254 1285 1351 tempestive
1324 1252 1492 1326 dicti
1524 1255 1932 1328 Parmenses
1963 1257 2304 1329 miserunt
2331 1259 2841 1331 ambaxadores
2868 1254 3218 1329 communi
3248 1255 3486 1347 Regii,

664 1379 1027 1454 dominum
1074 1379 1510 1451 Armannum
1563 1381 1846 1451 Scotum
1905 1390 1978 1452 et
2032 1381 2247 1452 alium
2294 1403 2454 1453 cum
2510 1403 2629 1471 eo,
2678 1382 2799 1475 qui
2825 1381 3156 1476 petebant
3182 1379 3496 1473 captivos

664 1507 912 1579 Parme
940 1504 1072 1578 sibi
1104 1505 1255 1577 dari
1284 1502 1405 1596 qui
1430 1502 1627 1595 Regii
1652 1503 2230 1577 detinebanturin
2254 1505 2580 1579 vinculis.
2604 1506 2692 1578 Et
2715 1515 2880 1577 tunc
2907 1504 3230 1577 dominus
3246 1505 3491 1591 BosuS,

667 1638 976 1727 potestas
1028 1627 1369 1720 Reginus,
1438 1627 1662 1698 noluit
1722 1649 1842 1699 eos
1895 1628 2163 1702 audire.
2238 1631 2622 1702 Potuerunt
2672 1639 2907 1700 autem
2956 1627 3067 1699 isti
3122 1625 3497 1699 forbanniti

669 1755 990 1827 Parmam
1039 1752 1338 1823 faciliter
1381 1750 1713 1823 invadere
1761 1761 1833 1824 et
1877 1772 2129 1848 capere
2181 1753 2431 1849 triplici
2483 1753 2752 1826 ratione
2802 1776 2819 1820 τ
2869 1750 3091 1847 prima
3146 1750 3310 1844 quia
3367 1771 3500 1822 rex

671 1876 999 1965 Hentius,
1044 1875 1159 1947 cui
1191 1883 1390 1970 pater
1419 1873 1809 1948 custodiam
1845 1876 2090 1948 Parme
2122 1877 2599 1967 commiserat,
2643 1877 2866 1948 iverat
2896 1898 3057 1948 cum
3089 1876 3502 1947 Cremonen-

673 2001 866 2072 sibus
905 1999 998 2071 ad
1052 1998 1519 2071 obsidendum
1573 1999 1931 2093 quoddam
1978 2009 2285 2073 castrum
2327 2000 2398 2071 in
2447 2001 2852 2095 episcopatu
2889 1998 3270 2088 Brixiensi,
3308 1999 3501 2091 quod

679 2121 1043 2195 dicebatur
1066 2121 1529 2208 Quinzanum.
1570 2122 1890 2194 Secunda
1933 2123 2109 2195 ratio
2151 2136 2260 2194 est
2305 2124 2496 2216 quod
2527 2124 2905 2218 imperator
2928 2122 3169 2194 eratin
3197 2120 3504 2216 quadam

676 2245 957 2317 civitate
1014 2244 1428 2318 Lombardie
1474 2265 1612 2338 que
1654 2246 2047 2341 appellatur
2089 2247 2502 2339 Taurinum3
2557 2248 2702 2319 ibat
2746 2247 2932 2318 enim
2979 2246 3392 2339 Lugdunum
3426 2256 3505 2317 ut

677 2378 959 2465 caperet
1007 2368 1398 2441 cardinales
1439 2376 1510 2440 et
1551 2389 1840 2464 papam;
1886 2378 1956 2441 et
1989 2380 2195 2464 prout
2222 2370 2501 2462 dicitur,
2527 2370 2779 2463 aliquis
2805 2369 3220 2464 promiserat
3252 2369 3505 2440 Roma·

649 2515 837 2565 -nam
872 2492 1133 2564 curiam
1184 2491 1454 2564 tradere
1495 2491 1566 2562 in
1604 2513 1852 2563 manus
1890 2493 2129 2588 ipsius,
2168 2495 2399 2565 Tertia
2433 2496 2610 2566 ratio
2647 2504 2753 2565 est
2782 2494 2947 2588 quia
2980 2492 3303 2565 dominus
3334 2492 3505 2561 Bar-

663 2609 915 2689 'tholus
943 2615 1340 2689 Tavernerii
1374 2616 1492 2687 illa
1517 2615 1633 2687 die
1666 2615 1986 2687 tradebat
2006 2616 2217 2688 filiam
2253 2639 2450 2689 suam
2476 2671 2496 2709 ,
2530 2618 2880 2690 dominam
2898 2616 3190 2714 Mariam
3209 2668 3229 2706 ,
3257 2613 3506 2709 nuptui

545 2795 554 2808 ,.
683 2739 961 2811 cuidam
1019 2737 1361 2810 Brixiensi
1432 2738 1551 2832 qui
1612 2749 1904 2811 venerat
1960 2740 2275 2812 Parmam
2328 2763 2452 2836 pro
2499 2762 2618 2832 ea;
2657 2751 2728 2812 et
2768 2740 2868 2811 illi
2899 2739 3019 2832 qui
3057 2746 3512 2811 occurrerunt

679 2863 1171 2938 Parmensibus
1214 2863 1659 2935 venientibus
1706 2863 1778 2934 in
1822 2863 1941 2935 illo
1980 2865 2305 2937 convivio
2352 2865 2797 2937 comederant
2826 2874 2897 2935 et
2928 2862 3093 2935 vino
3116 2872 3187 2934 et
3218 2861 3508 2932 affluen-

681 2986 960 3060 tissimis
991 2987 1289 3083 dapibus
1317 2986 1505 3083 pleni
1538 2996 1773 3077 erant3
1820 2996 1891 3059 et
1921 2998 2379 3061 surrexerunt
2405 3010 2447 3061 a
2480 2988 2775 3084 prandio
2801 2999 2872 3060 et
2894 2987 3119 3083 primo
3134 3006 3511 3078 congressu

684 3110 1068 3184 credebant
1106 3132 1350 3183 omnes
1388 3111 1786 3201 involvere,
1823 3120 1895 3183 et
1922 3110 2119 3203 ideo,
2155 3113 2321 3206 quia
2353 3114 2551 3206 quasi
2586 3112 2758 3184 ebrii
2789 3121 3020 3202 erant,
3066 3121 3205 3181 tam
3234 3110 3303 3179 in
3335 3110 3511 3180 Bur-

680 3244 873 3329 getto
904 3256 1115 3327 quam
1147 3235 1379 3327 glarea
1406 3234 1708 3305 fluminis
1743 3235 1948 3306 Tauri
1980 3233 2132 3332 (sic)
2166 3237 2452 3308 fuerunt
2476 3236 2569 3308 ab
2600 3236 2699 3307 eis
2743 3235 2997 3307 mortui
3034 3244 3105 3306 et
3139 3233 3509 3328 profligati.

684 3360 947 3445 Quarta
1013 3366 1119 3429 est
1172 3358 1339 3451 quia
1394 3360 1783 3431 Parmensis
1842 3360 2086 3433 civitas
2143 3361 2455 3454 undique
2499 3369 2649 3432 erat
2693 3370 2970 3455 aperta;
3008 3359 3268 3429 nullam
3328 3358 3515 3429 enim

683 3480 988 3553 habebat
1023 3482 1441 3554 clausuram.
1485 3482 1745 3566 Quinta
1782 3483 1957 3555 ratio
2004 3492 2110 3555 est
2154 3484 2318 3577 quia
2346 3484 2418 3554 hi
2446 3484 2567 3577 qui
2593 3484 2685 3555 ad
2714 3482 3251 3575 ingrediendum
3281 3479 3530 3553 venie·'

683 3604 896 3695 bant,
937 3604 1461 3677 occurrentibus
1492 3607 1891 3678 cancellatis
1932 3606 2253 3678 manibus
2293 3608 2569 3700 signum
2601 3607 2825 3679 crucis
2848 3606 3234 3695 faciebant,
3270 3604 3510 3676 dicen-

691 3736 796 3799 tes
833 3757 851 3800 ε
902 3726 1239 3799 «-Amore
1271 3728 1399 3799 Dei
1442 3738 1515 3800 et
1548 3730 1755 3801 beate
1786 3729 2089 3820 Virginis
2123 3730 2363 3801 matris
2396 3731 2582 3822 ejus,
2615 3752 2754 3823 qne
2782 3729 2855 3800 in
2896 3727 3029 3799 hac
3079 3728 3357 3800 civitate
3410 3737 3516 3798 est

696 3877 732 3917 n
775 3850 1057 3922 domina
1092 3859 1329 3922 nostra
1349 3905 1368 3942 ,
1416 3853 1690 3946 placeat
1719 3853 1920 3925 vobis
1961 3864 2038 3924 ut
2066 3852 2433 3924 redeamus
2461 3852 2552 3923 ad
2586 3852 2939 3924 civitatem
2971 3859 3315 3940 nostram,
3350 3849 3516 3944 quia

694 4001 730 4041 »ι
766 3974 914 4047 sine
929 3976 1135 4070 culpa
1155 3974 1412 4046 fuimus
1431 3976 2214 4069 expulsietl'orbanniti,
2239 3985 2312 4047 et
2335 3997 2496 4046 cum
2525 3975 2836 4046 omnium
2863 3995 3035 4069 pace
3070 3972 3509 4061 revertimur,

691 4126 729 4164 n
766 4118 898 4170 nec
923 4097 1127 4170 alicui
1154 4098 1461 4191 aliquam
1493 4098 1819 4190 injuriam
1851 4100 2080 4171 facere
2110 4097 2558 4170 intendimus.
2584 4133 2615 4163 ι.
2633 4096 3019 4168 Audientes
3032 4095 3167 4167 hoc
3184 4096 3517 4166 Parmen«

686 4243 832 4310 seS,
870 4220 1034 4314 quia
1073 4243 1201 4317 per
1231 4230 1519 4293 stratam
1549 4222 1698 4293 sine
1738 4222 1950 4293 armis
1996 4222 2096 4293 eis
2130 4230 2611 4310 occurrerant,
2645 4219 2737 4291 ad
2780 4218 3320 4306 misericordiam
3349 4217 3518 4291 flexi

688 4354 852 4415 sunt
877 4353 1164 4440 propter
1197 4342 1661 4416 humilitatem
1688 4366 1928 4416 eorum
1947 4398 1967 4436 ,
2000 4354 2499 4438 cognoscentes
2528 4343 2735 4415 etiam
2760 4343 2954 4437 quod
2973 4339 3261 4437 pacifice
3283 4339 3520 4414 venie·

689 4467 898 4557 bant,
934 4467 1408 4562 dixeruntque
1439 4468 1540 4540 eis
1575 4495 1593 4542 ε
1636 4495 1672 4535 «
1710 4468 2158 4561 Ingredimini
2184 4467 2534 4540 civitatem
2565 4467 2791 4539 securi
2823 4466 2896 4537 in
2914 4466 3195 4538 nomine
3213 4464 3510 4552 Domini,

700 4617 737 4657 »ι
771 4590 938 4684 quia
967 4590 1177 4662 etiam
1220 4613 1478 4683 manus·
1505 4601 1744 4664 nostra
1785 4592 2149 4664 vobiscum
2192 4590 2324 4662 erit
2359 4591 2431 4661 in
2462 4590 2786 4662 omnibus
2811 4589 2984 4661 istis.
3023 4616 3059 4655 »
3105 4590 3319 4660 Sexta
3343 4587 3534 4660 ratio-

696 4723 802 4785 est
837 4714 1004 4807 quia
1048 4712 1120 4784 hi
1172 4713 1292 4807 qui
1344 4715 1414 4785 in
1462 4715 1742 4787 civitate
1785 4725 1986 4787 erant
2018 4736 2161 4787 non
2200 4714 2753 4786 intromittebant
2785 4736 2859 4786 se
2893 4713 2981 4787 de
3012 4710 3305 4804 negotiis
3331 4711 3516 4800 istis,

852 4834 960 4897 vl.
1005 4851 1180 4899 Par-2.
3084 4843 3195 4898 117
