4525 6031
605 557 809 618 lunum.
841 552 936 637 6.]
1154 642 1157 645 ¹
1512 551 1912 613 HISTORIA
1960 549 2566 614 DIPLOMATICA.
3177 573 3184 583 ·
3325 555 3449 618 595

610 689 818 764 tionis
866 687 1265 777 involucro,
1316 707 1478 758 cum
1521 686 1912 759 resistentie
1954 687 2087 758 sibi
2121 684 2377 759 fiducia
2418 688 2533 758 vel
2571 685 2940 759 resistendi
2974 690 3264 761 materia
3304 711 3446 763 non

611 814 957 902 subesset,
995 809 1327 905 temporis
1369 810 1579 880 etiam
1613 808 1970 881 habilitate
2010 819 2283 905 captata
2330 831 2471 903 quo
2516 818 2786 905 partem
2820 810 3049 903 gentis
3087 822 3323 884 nostre
3354 814 3449 887 ad

610 936 1137 1009 fabricationem
1169 933 1401 1028 pontis
1437 932 1804 1024 cujusdam
1838 933 1907 1004 in
1944 933 2160 1023 Pado,
2192 955 2321 1029 per
2350 955 2561 1026 quem
2595 955 2776 1027 aque
2810 934 3013 1006 nobis
3044 935 3455 1008 servabatur

611 1060 1024 1150 dominium,
1056 1058 1499 1148 miseramus3
1541 1057 1660 1128 die
1704 1056 1944 1129 martis
1988 1058 2199 1129 XVIII
2244 1057 2590 1152 presentis
2632 1058 2891 1129 mensis
2923 1057 3251 1129 februarii
3287 1058 3451 1133 ber·

611 1184 878 1256 ruerios
896 1179 1000 1278 (a)
1034 1180 1403 1274 quosdam,
1439 1188 1519 1250 ut
1548 1180 1639 1252 ad
1675 1201 1916 1252 eorum
1948 1181 2506 1275 persecutionem
2541 1189 2824 1274 gentem
2856 1190 3164 1252 nostram
3199 1181 3454 1254 adver·

614 1315 864 1396 terent,
885 1305 1139 1378 callide
1170 1303 1663 1401 premiseruut.
1692 1303 1835 1376 Sed
1864 1304 2035 1375 dum
2069 1301 2313 1376 fideles
2343 1313 2641 1395 nostros,
2667 1326 2842 1398 quos
2867 1304 3145 1376 virtutis
3167 1305 3457 1377 interius

613 1430 1013 1502 animositas
1060 1429 1477 1501 accenderat
1507 1428 1680 1499 etin
1722 1428 2065 1500 similibus
2101 1437 2434 1524 expertos
2452 1430 2604 1521 Jam
2637 1428 2897 1523 pluries
2928 1430 3203 1500 fortune
3236 1429 3453 1523 placi·

614 1553 794 1626 ditas
836 1552 1215 1641 animarat,
1273 1551 1365 1624 ad
1414 1551 1929 1647 reprimendam
1985 1551 2385 1644 hujusmodi
2448 1551 2815 1624 rebellium
2867 1552 3453 1646 pusillanimitatis

613 1676 975 1749 audaciam
997 1730 1017 1766 ,
1052 1677 1355 1747 inermes
1382 1684 1457 1747 et
1484 1676 1855 1748 unanimes
1884 1687 2088 1747 extra
2119 1687 2503 1748 castrorum
2542 1686 2938 1748 nostrorum
2972 1676 3225 1748 limites
3251 1698 3457 1748 casus

616 1810 757 1872 tam
787 1800 1058 1872 subitus
1087 1798 1484 1890 eduxisset,
1517 1799 1772 1871 accidit
1797 1799 1988 1892 quod
2021 1800 2215 1894 prius
2246 1821 2459 1892 quam
2501 1799 2592 1870 ad
2634 1799 3111 1871 defensionem
3144 1820 3452 1872 commo·

618 1922 776 1996 dam
810 1923 1113 1995 civitatis
1131 1922 1433 1995 Victorie
1464 1943 1677 2015 quam
1705 1922 1966 1994 ibidem
1995 1923 2203 1996 statio
2233 1932 2470 1995 nostra
2500 1920 2927 2013 firmaverat,
2960 1920 3205 1994 fideles
3236 1925 3456 1995 nostri

615 2046 890 2139 regredi
946 2046 1373 2140 potuissent,
1426 2055 1499 2117 et
1552 2046 1919 2118 rebellium
1967 2047 2352 2119 eorundem
2402 2047 2681 2117 incauta
2728 2046 3193 2142 presumptio,
3242 2068 3453 2140 quam

618 2170 933 2258 exulum,
954 2180 1037 2240 ut
1067 2169 1401 2258 diximuS,
1438 2169 1712 2241 occulta
1736 2168 2039 2263 proditio
2069 2167 2508 2264 vitiabat(b),
2542 2178 2768 2240 castra
2794 2178 3029 2240 nostra
3057 2191 3216 2240 cum
3243 2169 3454 2241 rebus

619 2295 878 2368 ibidem
929 2294 1186 2367 habitis
1230 2295 1411 2386 ignis
1461 2294 1786 2366 incendio
1841 2304 2402 2366 concremarunt.
2438 2295 2583 2366 Nos
2628 2303 2902 2383 autem,
2941 2315 3118 2387 quos
3159 2305 3455 2367 eventus

620 2418 1019 2511 hujusmodi
1056 2418 1419 2513 repentina
1459 2418 1982 2513 propulsatione
2015 2417 2431 2505 commovit,
2466 2427 2547 2488 ut
2577 2417 2693 2488 via
2725 2418 2929 2488 nobis
2959 2417 3239 2488 aliunde
3274 2418 3450 2489 libe-

619 2543 761 2633 rior
802 2542 896 2615 ad
936 2541 1391 2614 offensionem
1434 2540 1817 2614 eorundem
1858 2541 2226 2612 rebellium
2264 2541 2715 2635 preberetur,
2755 2563 2884 2635 per
2927 2541 3113 2611 illius
3157 2540 3450 2632 gratiam

619 2666 738 2759 qui
760 2666 1168 2739 continuato
1195 2665 1524 2756 suffragio
1551 2673 1785 2735 tuetur
1807 2664 2589 2758 imperium,salubriter
2615 2685 2776 2735 cum
2807 2673 2947 2734 tota
2972 2673 3183 2755 gente
3213 2671 3451 2735 nostra

622 2789 870 2861 eodem
917 2790 1033 2861 die
1075 2788 1316 2860 martis
1363 2789 1772 2860 Cremonam
1818 2786 2266 2877 advenimus,
2312 2786 2432 2857 ubi
2475 2808 2602 2881 per
2638 2786 2944 2858 triduum
2986 2795 3127 2856 tam
3170 2785 3450 2867 Cremo--⁸

619 2914 940 2985 nensium
985 2932 1197 3005 quam
1237 2910 1678 3006 Papiensium
1719 2910 2154 3003 aliorumque
2194 2920 2591 2981 nostrorum
2639 2907 2946 2981 fidelium
2989 2909 3240 2981 robore
3283 2930 3451 2981 cou-

620 3037 923 3111 corditer
952 3035 1298 3126 adunato,
1337 3035 1571 3107 statim
1608 3045 1834 3106 castra
1873 3044 2112 3106 nostra
2159 3034 2229 3104 in
2276 3033 2638 3105 obsidione
2679 3034 3154 3106 Parmensium
3188 3055 3283 3106 ex
3317 3034 3453 3106 alia

619 3169 818 3256 parte
849 3158 1182 3232 duximus
1212 3158 1620 3253 repetenda.
1661 3157 1792 3230 Ubi
1831 3178 2072 3228 eorum
2109 3157 2534 3252 proterviam
2566 3158 2786 3228 multo
2821 3158 3077 3229 arctius
3112 3157 3314 3229 solito
3351 3167 3455 3231 te-

620 3293 869 3355 nentes
889 3283 1270 3373 obsessam,
1312 3281 1386 3352 in
1414 3281 1539 3352 Dei
1577 3281 1837 3352 virtute
1869 3278 2315 3371 confidimuS,
2348 3290 2420 3351 et
2446 3279 2536 3351 de
2570 3282 2848 3352 fortune
2880 3280 3080 3353 solite
3113 3302 3252 3373 que
3280 3283 3459 3354 solet

620 3406 887 3500 gratius
921 3405 1233 3477 arridere
1269 3404 1438 3478 dum
1466 3413 1837 3501 provocat,
1881 3405 2336 3501 prosperitate
2372 3426 2734 3499 speramus
2777 3405 2971 3499 quod
3014 3427 3173 3477 cum
3220 3415 3456 3478 nostra

620 3551 748 3626 per
779 3530 853 3601 id
880 3540 1414 3623 nostrorumque
1444 3526 1758 3600 fidelium
1790 3525 2147 3599 ardentius
2180 3527 2321 3598 sint
2351 3548 2645 3599 accensa
2678 3527 3065 3622 precordia,
3104 3527 3194 3599 de
3226 3529 3455 3600 rebel-

622 3653 805 3727 libus
829 3653 1001 3748 ipsis
1031 3653 1107 3724 in
1137 3653 1461 3747 proximo
1489 3662 1659 3727 vota
1693 3661 1931 3726 nostra
1964 3652 2416 3724 infallibiliter
2451 3651 2902 3744 attingemus·
2940 3653 3167 3724 Unum
3196 3675 3457 3725 verun-

624 3787 858 3849 tamen
887 3776 1210 3848 notitiam
1248 3786 1553 3848 vestram
1593 3798 1736 3849 nou
1780 3778 2028 3866 lateat,
2071 3776 2264 3869 quod
2311 3775 2411 3847 sic
2450 3796 2577 3846 nos
2622 3775 2972 3847 dimittere
3006 3777 3283 3848 fortuna
3316 3798 3457 3849 non

622 3901 845 3975 voluit
871 3922 997 3980 sue
1023 3899 1368 3972 felicitatis
1395 3908 1751 3993 expertes,
1773 3899 1944 3991 quin
1978 3908 2136 3993 post
2167 3897 2474 3970 eundem
2507 3897 2693 3968 diem
2725 3898 2993 3989 martis,
3024 3920 3165 3993 quo
3192 3920 3267 3970 se
3294 3921 3456 3993 per·

621 4024 969 4096 versitatis
1008 4045 1211 4095 casus
1242 4021 1653 4112 immiscuit,
1690 4022 2012 4117 proximo
2046 4020 2366 4113 sequenti
2409 4020 2524 4093 die
2561 4020 2908 4092 dominico
2954 4042 3083 4092 nos
3126 4043 3217 4093 ex
3257 4032 3456 4117 parte

623 4149 842 4220 altera
875 4155 1097 4218 marte
1133 4144 1445 4240 gratifico
1482 4146 1935 4218 demulceret.
1960 4146 2129 4218 Cum
2158 4145 2345 4216 enim
2381 4145 2719 4216 Heuricus
2754 4143 3038 4216 illustris
3074 4167 3203 4216 rex
3229 4146 3459 4218 Sardi·

624 4274 766 4364 nie,
797 4272 974 4345 sacri
1020 4269 1291 4367 imperii
1333 4271 1406 4341 in
1451 4271 1647 4342 Italia
1695 4270 2037 4364 generalis
2082 4271 2391 4362 legatus,
2435 4268 2730 4340 dilectus
2771 4266 2952 4338 filius
2990 4278 3252 4358 noster,
3288 4269 3456 4341 Padi

627 4396 1041 4492 dominium,
1072 4393 1263 4487 quod
1301 4394 1592 4466 victoria
1624 4395 1828 4467 nobis
1868 4394 1958 4466 de
1999 4392 2316 4465 hostibus
2355 4391 2584 4487 prisca
2629 4392 2996 4483 tribuerat,
3030 4390 3452 4486 possideret,

708 4552 793 4632 (a)
836 4556 910 4614 ln
935 4555 1222 4630 impresso
1248 4553 1572 4622 Ber-nerias,
1607 4553 1783 4614 male.
1813 4552 1910 4613 Ad
1936 4551 2119 4612 fldem
2144 4550 2497 4612 oxoniensis
2520 4551 2737 4611 codicis
2764 4552 3154 4612 correximus.

708 4657 793 4739 (b)
836 4658 930 4721 Ibi
955 4659 1251 4737 quaedam
1278 4658 1479 4720 deesse
1505 4657 1807 4720 videntur.
