4525 6031
1790 643 2420 710 AanAMEN'rA.
3399 652 3529 718 929

685 782 1062 856 Victoriam
1118 779 1471 851 civitatem
1521 799 1734 872 quam
1788 782 2091 874 fecerat,
2140 793 2353 876 atque
2386 780 2457 850 in
2492 779 2735 851 Parma
2765 778 3117 851 destructa
3141 781 3209 852 in
3246 784 3521 878 signum

686 904 1090 978 rebellionis
1120 911 1192 975 et
1217 903 1622 998 sempiterni
1654 906 2009 1001 opprobrii
2039 917 2111 978 et
2147 904 2501 1000 exempli,
2537 903 2753 975 salem
2786 903 3127 976 seminare
3159 905 3232 976 in
3266 911 3522 983 sterili-

691 1029 852 1102 tatis
885 1028 1200 1122 signum,
1253 1036 1758 1120 cognoscentes
1817 1029 1990 1121 hoc,
2041 1031 2372 1101 mulieres
2422 1030 2855 1120 ParmenseS,
2893 1029 3196 1100 maxime
3226 1031 3514 1127 diviteS,

687 1152 959 1224 nobiles
990 1160 1063 1224 et
1088 1159 1444 1248 potentes,
1499 1151 1803 1225 totaliter
1847 1175 1922 1224 se
1962 1153 2412 1225 contulerunt
2437 1151 2529 1222 ad
2561 1152 2841 1222 beatam
2878 1151 3230 1244 Virginem
3266 1155 3520 1252 depre-

687 1276 986 1348 candam
1009 1284 1092 1347 ut
1117 1274 1470 1347 civitatem
1490 1295 1685 1345 suam
1718 1275 2037 1347 Parmam
2066 1296 2109 1347 a
2140 1275 2492 1347 Friderico
2521 1283 2592 1345 et
2621 1274 2711 1345 ab
2740 1273 2891 1346 aliis
2918 1274 3215 1347 inimicis
3241 1280 3524 1372 penitus

685 1399 1054 1492 liberaret,
1102 1419 1190 1472 eo
1221 1397 1416 1492 quod
1445 1417 1699 1470 nomen
1740 1409 1811 1471 et
1839 1400 2262 1472 vocabulum
2298 1420 2500 1471 suum
2534 1398 2606 1467 in
2638 1397 2924 1469 matrice
2947 1398 3254 1471 Ecclesia
3277 1423 3319 1472 a
3352 1404 3519 1475 Par·

657 1524 1046 1629 ‘mensibus
1078 1522 1150 1593 in
1173 1522 1568 1594 reverentia
1600 1521 1906 1594 maxime
1932 1522 2346 1595 habebatur.
2387 1524 2474 1594 Et
2504 1531 2585 1593 ut
2618 1522 2865 1593 melius
2899 1522 3400 1596 exaudirentur
3427 1527 3519 1599 ab

688 1647 839 1744 ipsa
860 1700 880 1738 ,
929 1647 1247 1718 fecerunt
1300 1644 1452 1718 fieri
1496 1666 1707 1717 unam
1736 1647 2089 1718 civitatem
2121 1657 2338 1719 totam
2364 1655 2764 1738 argenteam
2789 1698 2808 1737 ,
2848 1666 3056 1738 quam
3083 1646 3274 1739 vidi,
3304 1658 3517 1743 atque

687 1769 896 1842 beate
939 1769 1204 1863 Virgini
1248 1770 1653 1842 obtulerunt
1697 1778 1768 1841 et
1813 1770 2287 1863 donaverunt3
2340 1779 2411 1841 et
2442 1779 2642 1841 erant
2671 1770 2766 1840 ibi
2797 1771 3059 1862 maJ‘ora
3088 1781 3158 1842 et
3183 1773 3517 1869 precipua

690 1890 962 1965 edificia
1012 1891 1314 1965 civitatis
1366 1893 1699 1966 fabricata
1746 1894 2050 1965 totaliter
2092 1893 2181 1965 de
2216 1904 2507 1986 argento
2517 1946 3507 1972 .............

686 2015 899 2088 Porro
925 2016 998 2086 in
1030 2016 1151 2088 illo
1174 2015 1536 2088 meditulio
1571 2016 1937 2111 temporie,
1974 2025 2351 2109 antequam
2387 2017 2476 2087 de
2506 2014 2808 2087 Victoria
2831 2015 3108 2086 civitate
3127 2018 3513 2091 aParmen-

689 2138 882 2211 sibus
930 2139 1223 2212 victoria
1273 2139 1675 2232 haberetur,
1727 2141 2019 2212 exibant
2070 2139 2325 2213 cotidie
2375 2138 2539 2210 hinc
2600 2148 2672 2210 et
2716 2138 2880 2210 inde
2924 2139 3016 2210 ad
3070 2141 3512 2234 preliandum

689 2262 1079 2353 halestarii,
1129 2263 1375 2336 arcarii
1418 2264 1565 2336 sive
1606 2263 1940 2357 sagittarii
1988 2273 2060 2335 et
2100 2263 2588 2353 fundibularii,
2628 2273 2697 2334 et
2724 2261 2937 2333 fiebat
2971 2263 3204 2336 valida
3235 2287 3506 2359 pugna,

688 2394 767 2457 ut
791 2385 939 2458 vidi
983 2387 1206 2459 oculis
1245 2388 1452 2479 meis3
1498 2388 1628 2459 sed
1656 2396 1727 2459 et
1753 2386 2057 2459 bernarii
2091 2386 2573 2458 discurrebant
2594 2386 2907 2481 qualibet
2939 2385 3053 2457 die
3086 2410 3212 2482 per
3239 2388 3510 2484 episco-

684 2520 928 2606 patum
961 2510 1476 2603 Parmensium,
1534 2511 1766 2583 omnia
1819 2511 2274 2607 depredando
2329 2520 2399 2582 et
2431 2510 2942 2601 comburendo,
2976 2520 3048 2581 et
3080 2511 3268 2582 idem
3296 2513 3509 2586 facie-

682 2634 859 2706 bant
898 2634 998 2706 illi
1030 2634 1122 2706 de
1152 2634 1399 2707 Parma
1440 2635 2020 2707 Cremonensibus
2056 2645 2128 2706 et
2163 2634 2471 2727 Reginis,
2517 2633 2875 2705 Mantuani
2911 2634 3118 2705 etiam
3164 2647 3513 2709 venerunt

686 2765 1002 2852 tempore
1044 2756 1167 2829 illo
1222 2768 1292 2830 et
1346 2765 1569 2829 totum
1612 2758 1850 2857 Casale
1896 2759 2119 2851 Majus
2154 2758 2729 2846 combusserunt,
2764 2766 2847 2828 ut
2875 2756 3018 2827 vidi
3055 2759 3274 2830 oculis
3305 2760 3504 2833 meis,

685 2881 1069 2975 Imperator
1106 2902 1278 2954 vero
1319 2882 1633 2975 qualibet
1671 2901 1878 2952 mane
1924 2880 2255 2953 veniebat
2291 2903 2452 2952 cum
2501 2879 2642 2950 suis
2685 2889 2755 2950 et
2791 2879 2862 2950 in
2911 2882 3145 2972 glarea
3210 2880 3514 2954 fluminis

685 3004 930 3078 Parme
965 3004 1358 3077 decollabat
1393 3014 1530 3078 tres
1567 3006 1680 3078 vel
1706 3014 2007 3100 quatuor
2037 3006 2150 3078 vel
2188 3004 2395 3076 etiam
2434 3004 2706 3099 plureS,
2741 3003 2919 3077 sicut
2952 3004 3084 3078 sibi
3110 3004 3508 3100 videbatur,

687 3129 777 3202 de
821 3129 1315 3201 Parmensibus
1369 3139 1440 3201 et
1467 3129 1974 3203 Mutinensibus
2019 3138 2091 3201 et
2113 3128 2396 3220 Reginis
2427 3128 2549 3220 qui
2582 3137 2783 3199 erant
2814 3149 2906 3199 ex
2933 3139 3131 3224 parte
3164 3129 3507 3222 Ecclesie‚

686 3274 864 3347 quos
888 3252 1192 3326 habebat
1219 3253 1291 3324 in
1317 3253 1644 3345 vinculiS,
1680 3253 2082 3326 videntibus
2106 3252 2593 3324 Parmensibus
2624 3251 2970 3344 quierant
2999 3252 3069 3322 in
3099 3252 3405 3345 civitate,
3438 3262 3518 3324 ut

689 3376 1036 3449 tristitiam
1083 3376 1247 3449 inde
1281 3376 1646 3449 haberent.
1705 3376 1796 3449 Et
1838 3377 1973 3450 hoc
2005 3376 2216 3448 fiebat
2251 3375 2322 3446 in
2360 3376 2597 3468 glarea
2625 3374 2927 3446 fluminis
2953 3376 3235 3467 Parme,
3272 3398 3518 3448 versus

688 3510 990 3589 montes,
1022 3500 1207 3571 ultra
1221 3511 1508 3596 pontem
1525 3501 1817 3573 Domine
1836 3500 2084 3593 Egidie
2100 3552 2119 3591 ,
2145 3500 2216 3570 in
2240 3499 2396 3572 loco
2417 3499 2539 3593 qui
2566 3499 2819 3570 dicitur
2841 3498 3315 3572 Ridhuzanum
3330 3498 3513 3597 (sic).

688 3624 780 3696 Et
793 3634 962 3697 tunc
979 3632 1124 3696 tota
1144 3622 1391 3696 militia
1420 3623 1858 3720 imperatoris
1894 3624 1991 3695 ibi
2023 3633 2295 3695 armata
2326 3645 2487 3694 cum
2523 3623 2940 3718 imperatore
2970 3625 3232 3714 stabat,
3269 3624 3521 3695 timens

688 3768 780 3820 ne
803 3749 1215 3821 Parmenses
1245 3769 1406 3819 cum
1438 3746 1582 3820 suis
1615 3746 1737 3841 qui
1787 3747 2207 3819 intrinsecus
2244 3766 2285 3816 e
2315 3746 2601 3838 regione
2628 3745 2907 3818 stabant
2934 3746 3224 3836 armati,
3278 3746 3370 3817 ad
3400 3768 3521 3819 eos

689 3870 1158 3966 irrumperent
1161 3923 1507 3944 .....
1557 3920 1562 3925 ‹
1568 3921 2325 3942 ..........
2362 3868 2619 3942 Multos
2642 3868 3055 3941 innocentes
3081 3869 3262 3939 mala
3295 3880 3520 3943 morte

690 3995 979 4083 occidit,
1024 3994 1220 4088 quod
1274 3994 1500 4089 patuit
1541 3994 1612 4066 in
1657 3993 1945 4066 domino
1982 3992 2267 4065 Andrea
2298 3991 2389 4064 de
2422 3990 2636 4062 Trezo
2657 4043 2677 4081 ,
2732 3992 2854 4083 qui
2886 3990 3014 4062 fuit
3045 3992 3298 4063 nobilis
3323 3992 3524 4065 miles

689 4117 782 4193 de
825 4120 1202 4210 Cremona,
1253 4129 1327 4191 et
1364 4119 1437 4190 in
1476 4119 1795 4192 Conrado
1839 4118 1927 4191 de
1973 4120 2301 4207 Berceto,
2342 4116 2465 4209 qui
2507 4116 2803 4187 clericus
2845 4123 2997 4186 erat
3032 4125 3102 4187 et
3139 4116 3402 4209 probus
3448 4118 3522 4187 in

690 4243 937 4334 armiS,
984 4264 1163 4335 quos
1210 4241 1679 4317 diversimode
1742 4240 2192 4335 tormentavit
2246 4249 2317 4312 et
2368 4261 2531 4310 cum
2570 4239 2732 4331 igne
2765 4245 2837 4309 et
2861 4260 3042 4332 aqua
3068 4248 3139 4309 et
3169 4239 3525 4333 suppliciis

692 4365 928 4441 variis.
976 4366 1274 4439 Ducenti
1322 4367 1531 4439 etiam
1570 4369 1859 4460 militeS,
1904 4376 2283 4460 antequam
2321 4366 2569 4436 Parma
2613 4384 2655 4434 a
2698 4362 3049 4435 Friderico
3088 4362 3520 4453 recessisset,

691 4491 885 4564 missi
917 4500 1119 4563 erant
1143 4512 1188 4563 a
1222 4491 1711 4564 Parmensibus
1747 4492 2086 4565 Mutinam
2125 4499 2208 4562 ut
2232 4489 2588 4562 civitatem
2615 4486 3081 4578 custodirent,
3113 4508 3290 4578 quos
3314 4486 3525 4558 Muti-

692 4634 985 4703 nenses,
1053 4614 1175 4706 qui
1232 4624 1432 4686 erant
1486 4635 1579 4686 ex
1634 4624 1830 4710 parte
1882 4612 2190 4710 imperii,
2241 4612 2474 4684 statim
2521 4612 3011 4684 concluserunt
3043 4610 3113 4681 in
3145 4630 3423 4681 carcere
3458 4618 3529 4680 et

697 4746 1083 4832 posuerunt
1117 4738 1189 4809 in
1202 4738 1505 4811 vinculis
1527 4790 1547 4830 ,
1569 4748 1939 4834 postquam
1965 4738 2673 4811 audieruntParmam
2695 4736 2787 4807 ab
2809 4735 3098 4831 imperio
3129 4734 3520 4807 recessisse.
