4525 6031
518 3184 757 3292 ιιεξέἑῖῐ..

901 635 1023 695 612
1896 640 2322 703 vammum
2373 641 2723 702 SECUNDI
3340 641 3504 724 [Anu.
3542 642 3718 729 1248.

909 780 1014 842 ter
1052 772 1532 867 supplicarunt
1570 785 1648 847 ut
1687 797 1846 847 cum
1891 777 2021 870 ipsi
2057 773 2284 875 [dum]
2329 798 2457 871 pro
2495 776 2697 850 nobis
2746 784 2817 847 et
2859 776 3210 847 communi
3245 787 3482 850 vestro
3506 776 3615 874 (l)
3646 779 3719 849 in

896 894 1159 968 eisdem
1205 898 1503 970 servitiis
1532 899 1605 969 in
1638 900 1952 994 partibus
1978 901 2545 973 Cremonensium
2572 911 2813 972 contra
2839 899 3242 972 Parmenses
3269 911 3340 971 et
3362 901 3534 973 alios
3562 924 3714 996 pro·

895 1021 1156 1093 ditores
1205 1032 1480 1094 nostros
1520 1020 1819 1094 fideliter
1858 1045 2123 1096 moram
2162 1025 2516 1095 traherent
2554 1023 2953 1113 nobiscum,
2990 1023 3080 1094 de
3126 1023 3459 1095 mandato
3499 1025 3716 1096 nostri

892 1145 1212 1217 culminis
1243 1147 1561 1240 speciali,
1598 1148 1894 1241 plurima
1932 1149 2102 1239 sint,
2136 1157 2216 1218 ut
2249 1157 2602 1237 asserunt,
2634 1146 2873 1240 gravia
2901 1147 3156 1219 damna
3185 1146 3405 1241 passi,
3445 1155 3584 1218 tam
3626 1147 3715 1218 de

891 1270 1088 1364 equis
1115 1293 1358 1342 eorum
1386 1282 1456 1342 et
1481 1272 1691 1344 rebus
1719 1272 1872 1343 aliis
1896 1272 2189 1363 amissis,
2224 1293 2434 1364 quam
2460 1271 2547 1343 de
2577 1271 3047 1343 destructione
3081 1270 3448 1343 domorum
3476 1292 3714 1364 sump-

892 1393 1075 1464 tibus
1118 1394 1413 1488 propriis
1454 1395 1524 1464 in
1565 1396 1866 1468 Victoria
1906 1397 2280 1485 factarum,
2327 1394 2493 1489 ipsis
2541 1393 2863 1466 fidelibus
2900 1394 3155 1466 nostris
3199 1394 3455 1465 damna
3495 1394 3712 1489 passis

889 1518 1155 1610 prefata
1201 1517 1607 1610 dignaretur
1652 1528 1889 1591 nostra
1930 1520 2267 1591 serenitas
2300 1517 2691 1613 providere.
2736 1518 3047 1611 Cumque
3089 1517 3352 1588 eisdem
3387 1515 3709 1589 fidelibus

885 1641 1163 1729 nostriS‚
1211 1642 1330 1733 qui
1376 1642 1559 1712 circa
1598 1642 1878 1714 servitia
1915 1653 2148 1714 nostra
2192 1642 2660 1737 multipliciter
2698 1641 3136 1731 laborarunt,
3181 1641 3514 1734 obsequia
3557 1641 3706 1735 ipsa

884 1764 1220 1836 damnosa
1254 1787 1405 1836 esse
1438 1788 1578 1837 non
1610 1766 1940 1856 debeant,
1978 1767 2101 1838 sed
2130 1767 2358 1861 potius
2389 1767 2738 1837 fructuosa
2758 1818 2777 1856 ,
2817 1766 3126 1861 ipsorum
3171 1766 3706 1859 supplicationi-

884 1887 1015 1958 bus
1042 1888 1410 1980 benignius
1442 1890 1775 1978 inclinati,
1811 1888 2126 1961 fidelitati
2160 1898 2387 1961 vestre
2416 1889 2863 1984 precipiendo
2889 1888 3302 1961 mandamus
3329 1899 3699 1982 quatenuS,

882 2010 939 2081 si
972 2011 1170 2082 vobis
1202 2013 1586 2083 constiterit
1615 2013 1705 2084 de
1740 2014 2119 2107 premissiS‚
2142 2011 2340 2108 (dum
2369 2013 2579 2085 modo
2604 2035 2745 2085 non
2778 2021 3121 2108 repugnet
3150 2012 3445 2083 civitatis
3472 2021 3701 2084 vestre

878 2133 1270 2230 statutum),
1308 2136 1377 2205 in
1398 2138 1586 2228 justa
1615 2151 1686 2208 et
1710 2138 2152 2209 convenienti
2180 2138 2475 2210 emenda
2498 2159 2836 2230 equorum
2868 2136 3278 2208 amissorum
3311 2145 3381 2206 et
3406 2135 3698 2209 damno-

877 2281 1032 2329 rum
1079 2261 1387 2353 ipsorum
1438 2262 1813 2333 refectione
1856 2262 2167 2332 debeatis
2208 2261 2471 2334 eisdem
2505 2259 2825 2332 fidelibus
2856 2260 3109 2332 nostris
3145 2259 3477 2331 resarcire
3511 2261 3694 2354 ipso-

876 2404 1028 2453 rum
1064 2385 1334 2456 labores
1377 2393 1448 2454 et
1486 2407 1725 2476 onera,
1762 2406 1852 2455 ne
1885 2385 1976 2456 ob
2009 2385 2143 2457 hoc
2167 2386 2355 2476 juste
2391 2396 2730 2478 cogantur
2758 2384 3041 2456 culmini
3075 2392 3310 2455 nostro
3341 2384 3689 2476 querimo-

877 2507 1065 2577 niam
1118 2508 1406 2599 iterare,
1480 2518 1550 2579 et
1594 2508 1686 2580 ad
1742 2509 1973 2579 futura
2031 2509 2367 2600 obsequia
2426 2517 2661 2579 nostra
2707 2518 2777 2579 et
2818 2508 3206 2581 communis
3255 2506 3567 2599 ejusdem
3617 2508 3692 2577 in

882 2641 1233 2724 posterum
1262 2631 1578 2702 facienda
1611 2642 1929 2727 torpeant
1957 2632 2029 2701 in
2063 2631 2297 2724 aliquo
2328 2632 2441 2703 vel
2481 2640 2859 2726 tepescant.

970 3199 1327 3282 Albertus
1378 3199 1676 3281 Ranerii
1729 3200 1824 3281 de
1878 3200 2390 3307 Monteaperto
2437 3209 2511 3281 et
2563 3199 2886 3282 Jacobus
2933 3200 3178 3311 Ugerii
3227 3203 3680 3285 confitentur

864 3359 947 3416 se
983 3331 1350 3440 recepisse
1379 3359 1424 3413 a
1459 3331 1817 3414 Ricovero
1863 3331 2282 3412 camerario
2316 3332 2662 3413 comunis
2687 3333 3040 3415 Senensis
3080 3335 3396 3417 CLXIIII
3441 3336 3675 3418 libras

860 3465 1343 3547 denariorum
1416 3464 1860 3546 Senens1um
1927 3488 2064 3572 pro
2124 3462 2458 3546 Tebaldo
2519 3465 2616 3547 de
2668 3464 3229 3550 Montecereone
3277 3479 3350 3551 et
3411 3470 3667 3553 Gotti-

861 3596 1076 3679 fredo
1112 3596 1415 3678 Ranerii
1451 3598 1545 3678 de
1582 3594 2122 3706 Monteaperto,
2152 3622 2293 3705 pro
2336 3597 2634 3680 servitio
2671 3598 2879 3708 quod
2918 3599 3255 3683 fecerunt
3282 3604 3553 3684 stando
3589 3604 3667 3684 in

858 3729 1186 3812 exercitu
1216 3728 1690 3836 imperatoris
1716 3729 1796 3809 in
1833 3727 2227 3812 obsidione
2255 3730 2599 3812 Parmae.

1017 3941 1262 4021 (Inedlt.
1295 3958 1392 4018 ap.
1418 3940 1598 4004 Arcb.
1620 3959 1838 4002 comm.
1863 3943 2162 4015 Senensis,
2187 3940 2401 4023 Caleffi)
2430 3941 2675 4017 vecchio,
2700 3944 2806 4003 fol.
2837 3954 2951 4006 292
2977 3954 3158 4020 recto,
3188 3964 3261 4008 ex
3291 3954 3664 4027 transumpto

1091 4047 1434 4107 authentico
1464 4056 1498 4105 2
1527 4065 1715 4107 nonas
1739 4048 1994 4107 octobris
2023 4049 2280 4124 ejusdem
2309 4052 2451 4109 anni
2474 4047 2764 4126 redacto.)

940 4233 1146 4307 Anno
1171 4236 1442 4308 Domini
1471 4237 1833 4308 millesimo
1860 4237 1984 4309 CC.
2016 4238 2157 4309 XL.
2186 4239 2360 4327 vm,
2398 4239 2771 4312 indictione
2799 4243 2913 4332 VI,
2945 4241 3057 4314 die
3089 4244 3177 4315 111
3205 4244 3361 4317 idus
3390 4249 3649 4341 aprilis,

840 4359 986 4451 Ego
1017 4361 1340 4430 Albertus
1368 4360 1628 4432 domini
1653 4361 1930 4431 Ranerii
1959 4360 2050 4431 de
2075 4363 2552 4457 Monteaperto
2583 4360 2921 4436 confiteor
2946 4366 3019 4436 in
3052 4368 3342 4440 veritate
3378 4370 3498 4442 tibi
3527 4371 3659 4443 do·
3755 4447 3760 4452 ,

915 4615 987 4686 (4)
1025 4613 1268 4670 Forsitan
1290 4616 1466 4685 agitur
1489 4615 1557 4670 de
1579 4613 1741 4687 Papia
1766 4613 1854 4672 vel
1880 4615 2157 4686 Pergamo,
2187 4615 2254 4672 ad
2279 4631 2415 4688 quas
2436 4617 2679 4675 civitates
2704 4632 2892 4676 earum
2920 4620 3118 4678 milites
3140 4621 3287 4679 circa
3309 4621 3411 4680 boc
3437 4630 3651 4697 tempus

837 4708 1122 4766 remiserat
1145 4709 1453 4783 imperator.
1482 4708 1562 4766 Cf.
1588 4724 1773 4783 supra,
1804 4726 1862 4784 p.
1896 4713 2019 4770 603.
2747 4727 2748 4730 ¹
3545 4723 3550 4728 ’
