4525 6031
1609 654 1865 714 INDEX
1916 655 2620 721 DOCUMENTORUM.
3413 659 3537 721 993

736 853 944 929 1251

699 959 975 972 ψ

1128 979 1333 1040 villam
1555 981 1803 1043 diversis
1828 985 2114 1059 pecuniae
2141 988 2392 1047 summis
2414 989 2653 1048 nomine
2681 1001 2788 1046 suo
2811 986 3293 1063 excomputandis
3320 994 3379 1047 et
3404 1004 3537 1063 per-

1107 1077 1346 1137 Eizach.
1556 1079 1875 1141 solvendis.
3420 1083 3537 1144 889

703 1182 780 1233 20
800 1179 978 1234 mart.
1030 1176 1419 1237 Wormatiae.
1476 1207 1558 1220 —
1597 1174 1858 1238 Gerardo
1889 1179 1962 1238 de
1989 1180 2218 1257 Sintzig
2243 1180 2562 1257 burgravio
2599 1183 2658 1239 tn
2687 1179 3026 1240 Landscron
3063 1187 3311 1241 mortem
3348 1184 3537 1258 impe-

1557 1278 1765 1335 ratoris
1792 1277 2072 1337 Fridericl
2102 1281 2288 1355 patris
2314 1281 2407 1338 sui
2434 1282 2688 1350 nuntiat,
2710 1295 2954 1337 monens
2978 1279 3140 1354 quod
3165 1279 3386 1339 damna
3410 1284 3539 1354 ejus

1557 1387 1697 1432 mox
1740 1372 2055 1435 liberaliter
2090 1376 2365 1436 refundet
2399 1384 2458 1435 et
2493 1376 2812 1435 exhortans
2850 1382 2920 1435 ut
2952 1379 3014 1436 ln
3053 1375 3332 1438 fidelitate
3365 1379 3540 1439 solita

1556 1478 1901 1544 perseveret.
3421 1484 3536 1537 892

735 1795 944 1880 1241
1476 1787 1844 1831 ΒΟΟῊΠΒΝΤΑ
1883 1789 2069 1832 vanu
2108 1790 2192 1831 An
2231 1789 2339 1832 RES
2380 1790 2650 1832 ruucas
2690 1789 2798 1831 stu
2846 1789 3086 1832 smnus
3140 1790 3533 1838 SPBCTANTu.

712 1948 960 2008 octobri,
1050 1951 1394 2010 Ravennae,
1473 1939 1785 2013 Henricus,
1826 1939 2102 1999 Tur-rium
2133 1947 2188 1999 et
2220 1938 2495 1999 Gallurae
2525 1959 2632 1999 rex
2663 1948 2719 2000 et
2751 1942 2817 1999 in
2846 1939 3024 2001 Italia
3051 1944 3281 2021 imperii
3310 1943 3535 2026 loqutus

1552 2035 1853 2118 qenai-alis,
1883 2041 1944 2095 in
1969 2041 2387 2112 protectionem
2418 2041 2647 2113 imperii
2676 2041 2883 2119 recipit
2908 2044 3325 2100 monasterium
3357 2044 3537 2104 Sanc·

1554 2141 1650 2194 tae
1679 2135 1898 2194 Mariae
1935 2136 1997 2192 in
2040 2134 2220 2193 Portu
2253 2136 2582 2194 Ravennati
2619 2140 2679 2193 et
2712 2137 2911 2193 omnia
2940 2138 3068 2211 ejus
3097 2136 3283 2211 bona,
3319 2141 3382 2197 in
3416 2157 3536 2217 qua

727 2209 950 2284 1242
1552 2234 1795 2292 ecclesia
1825 2234 2274 2307 superveniente
2298 2232 2658 2308 aegritudine
2685 2231 3011 2307 hospitatus
3036 2233 3248 2295 fuerat.
3496 2250 3531 2300 5

719 2340 951 2396 martio.
1139 2336 1318 2411 Apud
1474 2361 1553 2373 —
1592 2331 1959 2389 Auctoritate
2005 2330 2309 2404 legationis
2364 2329 2474 2387 sibi
2522 2332 2867 2389 commissae
2914 2330 3293 2392 Berardinum
3342 2335 3531 2395 filium

1045 2432 1409 2493 Con-tomum,
1553 2428 1853 2503 quondam
1882 2428 2236 2503 Paganuccii
2264 2426 2338 2485 de
2367 2426 2623 2485 Cortona
2662 2426 2963 2502 publicum
3002 2427 3377 2490 tabellionem
3415 2435 3532 2491 im-

727 2492 954 2568 1245
1553 2527 1698 2601 perii
1727 2527 2052 2583 constituit.
3456 2539 3532 2590 84

729 2631 765 2681 4
798 2631 949 2698 sept.
1072 2627 1143 2686 In
1171 2630 1380 2688 castris
1475 2655 1549 2666 —
1589 2621 2071 2698 Superstantibus
2102 2623 2470 2696 captivorum
2508 2623 2874 2695 imperatoris
2903 2624 2963 2681 ln
2995 2622 3287 2684 Cremona
3323 2623 3383 2686 et
3419 2630 3531 2702 ipsi

1005 2727 1066 2784 in
1121 2725 1438 2800 depopula·
1549 2722 1822 2796 potestati
1848 2721 2168 2780 Cremonae
2193 2718 2436 2778 mandat
2462 2725 2528 2777 ut
2556 2735 2739 2777 unum
2777 2736 2852 2776 ex
2889 2719 3077 2779 tribus
3112 2724 3362 2796 captivis
3400 2724 3531 2783 Me-

1144 2826 1305 2882 tione
1548 2816 1988 2877 dlolanensibus
2048 2816 2373 2875 Cremonae
2427 2815 2713 2890 detentis,
2762 2832 2939 2890 quem
2998 2818 3285 2892 imperiali
3333 2824 3529 2882 curiae

1008 2918 1424 2978 vercellarum.
1548 2917 1743 2975 minus
1779 2915 1979 2974 utilem
2019 2913 2305 2989 viderint,
2336 2929 2440 2988 pro
2475 2920 2756 2971 excontro
2795 2915 2951 2973 Petri
2996 2914 3070 2973 de
3105 2916 3320 2976 Sancto
3357 2918 3529 2979 Petro

722 2981 950 3058 1244
1548 3012 1920 3072 Novarlensis
1948 3011 2094 3069 civis
2121 3012 2420 3085 assignare
2446 3015 2781 3085 procurent.
3416 3020 3531 3077 119

698 3091 773 3169 {9
795 3114 968 3187 junii.
1052 3112 1398 3174 Cremonae.
1470 3141 1548 3155 —-
1588 3108 1827 3170 Civibus
1857 3109 2195 3168 Mantuanis
2236 3106 2479 3165 mandat
2505 3107 2665 3181 quod
2697 3109 3032 3168 Rainerium
3061 3109 3135 3168 de
3173 3111 3528 3190 Moregnana

1546 3207 1846 3280 captivum
1877 3203 2034 3279 apud
2061 3219 2161 3261 eos
2189 3203 2491 3261 detentum
2520 3202 2767 3262 liberum
2794 3204 2955 3263 abire
2982 3209 3340 3279 permittant.
3410 3218 3520 3269 911

728 3312 787 3360 1⁰
824 3309 942 3362 oct.
1084 3310 1355 3369 Parmae.
1473 3336 1547 3347 —
1591 3301 1830 3361 Civibus
1862 3302 2200 3359 Mantuanis
2232 3300 2436 3358 scribit
2471 3300 2629 3376 quod
2669 3300 3037 3360 Leonardum
3071 3302 3145 3360 de
3183 3303 3423 3366 Caserta
3464 3311 3525 3367 ln

1549 3402 1971 3478 possessionem
2007 3397 2319 3456 feudorum
2360 3398 2585 3472 imperii
2621 3398 2807 3456 eidem
2861 3401 3291 3476 assignatorum
3345 3406 3527 3465 indu-

720 3456 945 3533 1245
1548 3506 1703 3558 eant.
3410 3512 3475 3563 9¹
3494 3515 3519 3564 ¹

737 3585 924 3664 [nov.]
1007 3634 1022 3647 .
1084 3634 1432 3653 ......
1470 3627 1547 3639 —
1586 3595 1747 3653 Patri
1783 3607 1889 3652 suo
1925 3590 2252 3665 Friderico‚
2284 3591 2688 3649 Romanorum
2729 3592 3094 3666 imperatori,
3142 3601 3346 3654 notum
3384 3598 3529 3657 facit

1546 3690 1842 3767 quomodo
1886 3688 2173 3765 quosdam
2223 3689 2479 3763 Reginos
2538 3690 2695 3746 cives
2739 3690 2801 3748 in
2854 3690 3289 3750 subversionem
3346 3693 3526 3770 hujus

1544 3787 1708 3847 urbis
1751 3790 2084 3863 conjuratos
2124 3786 2336 3844 ultimo
2380 3785 2661 3860 supplicio
2707 3787 2796 3844 vel
2839 3795 3119 3861 perpetuo
3161 3805 3391 3849 carcere
3422 3793 3524 3849 af-

723 3849 762 3924 1
776 3850 945 3925 247
1088 3931 1104 3942 .
1543 3885 1782 3943 flixerit.
3408 3898 3439 3947 3
3450 3900 3477 3948 7
3487 3899 3521 3948 4

721 3989 790 4038 14
815 3981 961 4042 febr.
1076 3982 1343 4043 Taurini.
1462 4016 1542 4027 -
1581 3983 1829 4042 Investit
1873 3978 2161 4038 Jacobum
2209 3978 2376 4053 Gaya
2414 3985 2473 4037 et
2519 3976 2852 4038 Conradum
2900 3978 3149 4040 Certana
3198 3982 3273 4041 de
3327 3993 3522 4045 castro

1540 4078 1804 4150 Lanceo,
1834 4092 1971 4135 cum
2013 4076 2393 4150 promissione.
2419 4075 2651 4134 eosdem
2680 4075 3030 4134 defendendi
3060 4084 3268 4138 contra
3293 4084 3519 4156 episco-

1539 4192 1680 4253 pum
1710 4174 2156 4232 Taurinensem.
3405 4189 3518 4238 492

702 4271 959 4333 februar.
1073 4276 1339 4336 Taurini.
1462 4305 1538 4318 —
1576 4272 1672 4332 Ad
1737 4268 2217 4344 supplicationem
2284 4266 2565 4326 Bonifacii
2640 4268 2994 4327 marchionis
3052 4228 3517 4347 Montisferrati,

1537 4370 1956 4430 monasterium
1982 4366 2057 4424 de
2085 4366 2337 4425 Locedio
2354 4409 2369 4435 ,
2400 4364 2727 4426 stafardam
2746 4409 2763 4439 ‚
2796 4365 3003 4425 Casam
3032 4362 3259 4427 Novam
3287 4376 3346 4428 et
3374 4372 3521 4432 alios

716 4535 938 4611 1248
1538 4468 1800 4545 ejusdem
1828 4472 2014 4524 terrae
2044 4463 2201 4522 locos
2228 4463 2341 4522 sub
2367 4479 2475 4523 sua
2503 4464 2860 4538 protectione
2893 4466 3162 4618 ευεοᾟέἑ.
3207 4559 3348 4620 AM
3376 4561 3494 4623 „aa

696 4674 762 4724 16
784 4672 959 4723 mart.
1033 4660 1373 4721 Cremonae.
1458 4692 1538 4703 -
1576 4658 1672 4718 Ad
1708 4657 2147 4734 requisitionem
2180 4655 2638 4714 ambasiatorum
2680 4654 3079 4729 Papieusium,
3114 4580 3379 4718 Albericce)
3418 4607 3517 4719 ec:

1535 4756 1746 4815 clesiae
1766 4756 2015 4815 Sanctae
2044 4752 2266 4812 Mariae
2290 4752 2365 4811 de
2392 4753 2590 4829 Burgo
2609 4752 2807 4812 Sancti
2827 4752 3102 4811 Domnini
3127 4756 3346 4814 vicario
3373 4774 3521 4815 con-
