4525 6031
1061 627 1190 691 802
2068 612 2503 676 metmcl
2550 609 2901 673 SECUNDI
3516 602 3684 683 [An.
3718 601 3897 664 1250.

1070 761 1382 835 libellum
1414 753 1777 854 proposuit
1808 753 1880 822 in
1912 751 2102 822 hunc
2133 748 2420 821 modum
2458 774 2476 817 ε
2513 745 2847 841 Proponit
2874 743 3226 817 Iohannes
3265 739 3534 814 Gallina
3568 759 3898 835 procura·

1071 896 1180 959 tor
1210 881 1473 956 domini
1503 877 1815 970 Gregorii
1831 874 2168 965 Mustacii,
2199 872 2393 967 quod
2412 871 2746 960 constitit,
2766 878 3009 942 contra
3030 866 3365 941 Iacobum
3386 863 3723 937 Clericum
3746 883 3900 959 pro-

1068 1017 1462 1079 curatorem
1511 1001 1773 1075 domini
1812 998 2164 1071 Pactensis
2221 995 2559 1092 episcopi,
2613 994 2701 1066 de
2734 1015 2876 1087 quo
2907 990 3224 1063 similiter
3267 987 3619 1077 constitit,
3659 987 3899 1081 dicens

1071 1129 1264 1225 quod
1296 1149 1455 1199 cum
1493 1126 1678 1198 idem
1711 1122 2084 1215 Gregorius
2128 1130 2395 1192 teneret
2441 1130 2510 1190 et
2548 1117 2934 1214 possideret
2975 1136 3069 1186 ex
3111 1113 3298 1185 dono
3346 1121 3416 1183 et
3451 1110 3897 1211 concessione

1074 1252 1337 1328 domini
1375 1250 1592 1323 nostri
1629 1246 2047 1321 serenissimi
2094 1243 2532 1339 imperatoris
2575 1243 2804 1313 casale
2850 1242 3101 1311 Sancte
3139 1236 3346 1308 Lucie
3379 1257 3538 1308 cum
3579 1234 3899 1307 omnibus

1066 1379 1367 1471 juribuS,
1391 1374 1676 1468 justitiis
1705 1382 1775 1444 et
1802 1369 2236 1466 pertinentiis
2265 1366 2435 1458 suiS,
2474 1376 2844 1462 propterea
2873 1364 3036 1457 quia
3057 1362 3220 1433 licet
3249 1362 3320 1432 in
3344 1359 3661 1431 Pactensi
3688 1358 3902 1430 eccle-

1074 1505 1174 1576 sia
1207 1501 1300 1573 ad
1344 1521 1554 1594 quam
1596 1499 1822 1593 ipsum
1866 1496 2093 1567 casale
2126 1493 2474 1590 pertinere
2512 1490 2940 1583 dignoscitur
2977 1498 3142 1559 tunc
3174 1495 3360 1558 esset
3398 1486 3697 1572 electus,
3740 1482 3902 1576 quia

1078 1639 1310 1699 tamen
1356 1625 1636 1722 plenam
1677 1620 2344 1693 administrationem
2382 1638 2522 1688 non
2564 1614 2868 1686 habebat
2909 1612 3124 1707 ipsius
3162 1609 3442 1699 casalis,
3489 1606 3769 1679 collatio
3806 1584 3900 1679 ad

1077 1750 1435 1823 dominum
1495 1756 1807 1818 nostrum
1868 1744 2355 1838 imperatorem
2406 1739 2764 1834 spectabat
2817 1759 2910 1808 ex
2963 1735 3249 1826 antiqua
3304 1732 3639 1825 dignitate
3687 1750 3897 1824 quam

1077 1874 1292 1945 habet
1319 1874 1391 1943 in
1425 1870 1731 1943 ecclesiis
1761 1866 2171 1939 vacantibus
2197 1866 2430 1956 regni,
2473 1864 2650 1934 sicut
2674 1860 3050 1957 imperialis
3084 1860 3409 1950 majestas
3436 1856 3507 1926 in
3541 1853 3900 1951 privilegio

1079 1996 1335 2070 exinde
1369 1995 1499 2066 sibi
1550 1993 1824 2065 indulto
1860 2012 2001 2062 non
2039 1989 2130 2062 ad
2177 1987 2756 2083 supplicationem
2792 1985 3008 2079 ipsius
3047 1981 3393 2074 Gregorii,
3432 1979 3557 2052 sed
3590 2000 3684 2051 ex
3711 1998 3901 2050 mera

1079 2119 1492 2194 liberalitate
1543 2138 1667 2188 sua
1718 2115 2080 2186 manifeste
2132 2112 2479 2200 declarat,
2516 2111 2702 2182 idem
2743 2109 3065 2181 dominus
3111 2106 3479 2201 episcopus
3524 2123 3902 2196 suggerens

1078 2242 1417 2339 imperiali
1451 2239 1794 2333 majestati
1828 2237 2021 2332 quod
2065 2236 2311 2308 eadem
2349 2234 2640 2306 ecclesia
2673 2254 2814 2304 non
2850 2242 3135 2305 vacaret
3174 2244 3485 2326 tempore
3515 2226 3901 2301 concessio·

1079 2368 1188 2439 nis
1205 2366 1419 2462 ipsius
1442 2374 1513 2436 et
1539 2374 1780 2435 contra
1805 2383 2049 2433 verum
2072 2381 2389 2431 asserens
2407 2359 2481 2428 in
2509 2359 2755 2430 eadem
2790 2358 3090 2427 electum
3112 2365 3184 2426 et
3210 2351 3694 2426 confirmatum
3721 2372 3900 2440 esse,

1077 2490 1377 2566 obtinuit
1413 2498 1484 2561 et
1516 2486 1913 2583 impetravit
1942 2485 2208 2555 litteras
2236 2482 2630 2578 imperiales
2657 2481 2749 2553 ad
2783 2480 3106 2552 comitem
3134 2479 3410 2551 Caserte
3451 2474 3556 2573 (a)
3591 2485 3672 2548 ut
3698 2496 3906 2571 super

1078 2616 1210 2687 hoc
1240 2609 1533 2688 veritate
1565 2611 1836 2705 quesita
1870 2609 1927 2679 si
1960 2609 2050 2682 de
2092 2607 2534 2699 suggestione
2574 2607 2754 2677 facta
2786 2626 2914 2700 per
2945 2602 3268 2675 eumdem
3306 2601 3707 2696 episcopum
3738 2620 3904 2672 con·

1080 2748 1320 2829 staret,
1340 2735 1844 2832 possessionem
1877 2732 2094 2827 ipsius
2126 2732 2374 2803 casalis
2402 2731 2532 2802 sibi
2561 2730 2992 2818 restitueret;
3023 2737 3094 2798 et
3125 2727 3223 2798 sic
3254 2726 3440 2798 idem
3473 2746 3733 2816 comes,
3755 2725 3904 2819 ipso

1078 2861 1410 2952 Gregorio
1451 2860 1737 2930 absente
1786 2865 1855 2927 et
1896 2877 2038 2926 non
2076 2855 2289 2926 citato
2331 2874 2559 2946 neque
2603 2852 2908 2945 legitime
2939 2862 3189 2923 vocato
3231 2860 3303 2921 et
3337 2851 3490 2941 ejus
3525 2847 3905 2920 rationibus

1082 2983 1438 3074 inauditiS,
1470 2980 1830 3054 mandavit
1874 2978 2198 3051 eumdem
2222 2976 2628 3072 Gregorium
2672 2976 2954 3049 destitui
2995 2964 3431 3070 possessione
3472 2972 3716 3047 casalis
3745 2992 3903 3068 pre·

1083 3108 1248 3180 dicti
1328 3116 1398 3178 et
1469 3104 1805 3196 assignari
1884 3124 2039 3174 eam
2112 3104 2293 3198 parti
2365 3103 2529 3173 dicti
2604 3100 2909 3196 episcopi
2976 3122 3104 3196 per
3175 3099 3535 3171 dominum
3601 3096 3902 3190 Gugliel-

1083 3253 1275 3303 mum
1308 3230 1657 3301 Villanum
1677 3226 2128 3320 justitiarium
2163 3227 2236 3296 in
2273 3225 2500 3297 Sicilia
2546 3225 2716 3296 citra
2758 3224 3017 3295 flumen
3063 3225 3383 3295 Salsum:
3431 3222 3553 3316 qui
3587 3219 3905 3294 dominus

1085 3354 1511 3445 Guglielmus
1547 3349 1869 3422 eumdem
1902 3349 2309 3439 Gregorium
2353 3348 2785 3443 possessione
2823 3348 3068 3420 casalis
3109 3346 3326 3441 ipsius
3352 3344 3702 3435 destituit,
3737 3344 3904 3417 assi·

1085 3497 1309 3568 gnans
1361 3495 1514 3545 eam
1564 3472 1745 3568 parti
1789 3472 2096 3567 episcopi
2142 3472 2540 3558 memorati;
2593 3482 2664 3543 et
2708 3472 2806 3543 sic
2841 3471 3027 3543 idem
3073 3470 3445 3565 Gregorius
3476 3469 3906 3565 possessione

1089 3598 1255 3670 dicti
1297 3597 1541 3668 casalis
1583 3595 1714 3665 suit
1744 3616 1869 3689 per
1917 3594 2241 3686 injuriam
2279 3594 2682 3685 destitutuS,
2724 3596 3086 3690 presertim
3135 3593 3512 3667 cumidem
3543 3593 3907 3689 episcopus

1087 3729 1250 3793 ante
1283 3707 1594 3815 predicta
1620 3727 1931 3813 tempora
1960 3718 2347 3812 impetratis
2374 3717 2618 3789 litteris
2634 3719 2726 3789 ab
2754 3717 3093 3813 imperiali
3113 3718 3473 3808 maJestate
3498 3716 3691 3810 quod
3719 3715 3905 3789 idem

1087 3842 1460 3937 Gregorius
1489 3840 1582 3913 ad
1618 3841 2047 3937 imperialem
2079 3842 2343 3912 curiam
2372 3841 2569 3912 citari
2603 3841 2924 3932 deberet,
2955 3863 3116 3913 cum
3148 3841 3471 3913 dominus
3502 3850 3739 3913 noster
3765 3839 3910 3912 feli-

1088 3967 1262 4037 citer
1291 3974 1530 4058 ageret
1566 3965 1636 4035 in
1665 3963 1978 4059 partibus
2007 3964 2420 4038 Lombardie
2455 3961 2591 4060 (l),
2625 3965 2715 4037 ad
2754 3965 3286 4037 transactionem
3318 3985 3478 4037 cum
3517 3964 3669 4059 ipso
3701 3962 3910 4037 deve-

1172 4108 1256 4189 (a)
1302 4112 1369 4171 In
1396 4083 1678 4188 impresso
1710 4108 1925 4188 Capua,
1952 4108 2127 4170 male.

1101 4257 1173 4266 .—

1164 4343 1234 4414 (4)
1275 4341 1490 4399 Scilicet
1524 4357 1665 4398 anno
1691 4343 1860 4410 ⁴248,
1898 4348 1956 4396 ut
1981 4347 2164 4398 monet
2191 4341 2487 4413 Mongitore
2524 4358 2537 4396 :
2582 4341 2765 4398 Notit.
2797 4357 2917 4414 cap.
2958 4341 3091 4414 maj.
3121 4340 3186 4398 S.
3214 4341 3415 4398 Lucina
3446 4340 3510 4398 de
3537 4340 3791 4414 uitalia,
3814 4355 3906 4413 ap.

1096 4439 1264 4497 sicil.
1294 4453 1461 4506 sacr„
1496 4438 1573 4506 11,
1610 4441 1769 4494 ⁴335.
1801 4438 1987 4494 Pirrus
2020 4444 2202 4494 autem
2229 4443 2286 4494 et
2312 4437 2429 4511 ipse
2472 4437 2817 4510 Mongitorius
2854 4438 3250 4495 concessionem
3279 4439 3504 4496 Sanctae
3545 4438 3741 4496 Luciae
3775 4437 3912 4495 Gre-

1090 4536 1243 4608 gorio
1272 4534 1467 4591 l'actam
1494 4535 1562 4590 ad
1592 4551 1719 4590 ann.
1755 4537 1892 4591 ⁴206
1923 4541 1978 4591 et
2013 4534 2429 4591 transactionem
2463 4533 2533 4591 de
2565 4534 2775 4591 duobus
2810 4533 3045 4591 millibus
3086 4542 3400 4593 tarenorum
3439 4536 3626 4592 initam
3670 4534 3738 4592 ad
3779 4551 3907 4592 ann.

1094 4637 1235 4693 ⁴228
1263 4632 1366 4689 sub
1394 4633 1593 4688 Jacobo
1620 4633 1870 4688 Pactensi
1897 4632 2151 4705 episcopo
2178 4631 2441 4702 referunt3
2473 4631 2617 4704 quod
2644 4632 2800 4689 valde
2827 4632 2983 4688 nobis
3010 4632 3233 4690 dubium
3260 4633 3491 4705 videtur,
3516 4633 3645 4689 dum
3657 4648 3726 4689 ex
3747 4647 3912 4706 prae-

1093 4730 1233 4790 senti
1255 4729 1580 4788 documento
1607 4736 1784 4804 pateat
1807 4729 1910 4786 sub
1935 4728 2160 4801 Philippi
2189 4728 2499 4802 praesulatu
2528 4728 2675 4786 litem
2700 4735 2943 4788 exortam
2970 4729 3128 4787 simul
3158 4737 3214 4788 et
3236 4730 3470 4788 decisam
3496 4730 3677 4788 fuisse.
