4525 6031
1543 637 1802 697 INDEX
1849 636 2593 700 nochEN'roRUM.·
3351 645 3474 708 999

633 949 910 964 ——'
1481 965 1778 1025 societatis
1810 964 2202 1027 Lombardiae
2235 970 2615 1030 nuntiaverat
2653 983 2720 1030 se
2759 967 2837 1028 ad
2874 970 3103 1030 curiam
3144 971 3473 1033 Romanam

1481 1063 1756 1124 recedere
1788 1064 1956 1124 velle.
3355 1079 3473 1131 686

638 1181 699 1232 1·
736 1171 909 1249 ,ΡΙ-ῃ,
939 1166 1012 1227 Ῑῃ
1054 1181 1379 1243 camp-ma
1404 1157 1748 1219 Bartholdus
1767 1158 2111 1238 patriarcha
2136 1158 2532 1241 Aquileqensis
2557 1168 2614 1222 et
2640 1161 2988 1222 Mainardus
3009 1182 3188 1224 comes
3216 1167 3475 1226 Gor-icius

1005 1260 1304 1322 Menzanl.
1482 1259 1548 1316 in
1583 1257 1839 1317 arbitros
1868 1261 2351 1334 compromittunt
2379 1259 2454 1318 de
2481 1259 2757 1319 omuibus
2787 1260 3022 1322 damnis
3054 1265 3333 1338 utrinque
3364 1265 3475 1323 da—

1484 1357 1561 1412 tis
1600 1360 1735 1429 post
1774 1354 1931 1414 diem
1965 1362 2208 1431 treugae
2244 1354 2502 1414 indictae
2538 1359 2689 1415 inter
2731 1371 2830 1416 eos
2866 1373 2972 1432 per
3003 1361 3281 1418 nuntium
3318 1359 3475 1419 Gue-

1486 1452 1587 1511 cili
1617 1452 1690 1511 de
1718 1453 1892 1512 Prata
1922 1459 1982 1512 et
2005 1453 2226 1512 Ecelini
2258 1452 2332 1511 de
2363 1452 2651 1511 Romano.
3360 1467 3472 1518 713

642 1564 708 1618 ιι
749 1557 911 1617 maii.
1068 1550 1249 1628 Apud
1407 1546 1749 1608 Ber-tholam
1764 1547 2110 1628 patriarcha
2136 1546 2534 1631 Aquileqemis
2561 1552 2624 1609 in
2652 1551 2909 1611 animam
2938 1568 3110 1612 suam
3147 1556 3472 1615 vicedomi-

1021 1648 1291 1712 Utinum.
1488 1663 1634 1706 num
1674 1664 1848 1707 suum
1888 1650 2091 1724 jurare
2127 1647 2272 1706 facit
2315 1647 2475 1723 quod
2524 1646 2863 1707 observabit
2908 1654 3080 1722 pacta
3121 1651 3276 1710 inter
3316 1667 3379 1710 se
3420 1657 3482 1710 et

1490 1743 1888 1802 marchionem
1923 1744 2264 1813 Estensem,
2307 1744 2581 1803 comitem
2621 1742 2823 1803 Sancti
2863 1744 3178 1823 Bonifaeii‚
3209 1750 3481 1812 civitates

1488 1842 1782 1911 Brixiam,
1827 1841 2135 1901 Mantuam
2174 1848 2234 1900 et
2277 1840 2605 1900 Ferrariam
2650 1841 2830 1918 inita,
2880 1842 3025 1902 dum
3063 1845 3127 1903 in
3176 1848 3480 1906 servitium

1491 1937 1785 1997 Ecclesiae
1817 1942 2083 2012 patenter
2108 1951 2410 2012 assurgere
2436 1937 2602 1996 velit.
3364 1951 3474 2002 731

669 2046 704 2097 6
730 2038 887 2115 julii.
1066 2035 1257 2100 Smis.
1417 2030 1751 2095 θυαίιενίω
1785 2030 1855 2092 ἀι
1886 2033 2116 2112 Capua,
2160 2039 2418 2110 receptor
2451 2029 2771 2110 imperialis
2805 2032 2873 2090 in
2916 2032 3152 2112 Tuscia,
3196 2035 3271 2097 de
3306 2054 3481 2098 man-

1255 2125 1258 2128 ’
1493 2132 1634 2191 dato
1665 2131 1946 2190 Friderici
1974 2132 2047 2189 de
2073 2130 2406 2205 Antiochia,
2426 2127 2736 2189 confitetur
2764 2146 2827 2188 se
2854 2134 3139 2207 recepisse
3164 2149 3201 2192 a
3221 2150 3478 2195 camera-

1495 2229 1583 2286 rio
1609 2226 1939 2285 communis
1964 2226 2234 2284 Senensis
2270 2234 2384 2284 350
2420 2224 2596 2283 libras
2622 2240 2730 2299 pro
2766 2226 3172 2285 aestimatione
3209 2236 3282 2286 70
3318 2245 3478 2288 mar·

1494 2341 1699 2384 carum
1765 2325 2022 2402 argenti,
2087 2337 2235 2399 quas
2298 2322 2525 2382 dictum
2591 2337 2907 2382 commune
2968 2324 3196 2384 solvere
3252 2331 3485 2386 tenetur

1494 2423 1826 2481 annuatim.
3365 2429 3483 2482 744

663 2529 732 2581 ιο
756 2537 899 2582 nov.
1079 2523 1259 2601 Apud
1416 2518 1629 2577 Pam
1661 2517 1993 2595 Capoccius,
2020 2512 2338 2575 cardinalis
2365 2515 2573 2576 Sancti
2603 2517 2833 2597 Georqii
2854 2515 2939 2575 ad
2972 2515 3171 2576 Velum
3198 2517 3479 2594 Aureum,

979 2623 1360 2682 Macci-atam.
1498 2613 1668 2676 Sedis
1697 2611 2054 2693 apostolicae
2088 2614 2155 2672 in
2193 2611 2458 2673 Mar-cleia
2494 2610 2743 2696 loqutus,
2776 2616 3113 2675 hominibus
3155 2617 3484 2678 Maceratae

1497 2713 1809 2775 confirmat
1836 2720 2094 2773 castrum
2135 2712 2479 2772 Lol-nanum
2521 2714 2684 2790 quod
2715 2713 2996 2772 Friderici
3038 2713 3298 2773 fautores
3342 2720 3487 2775 tunc

1496 2815 1775 2889 temporis
1803 2813 2033 2887 penitus
2058 2810 2500 2870 destruxerunt.
3092 2819 3230 2883 751,
3261 2819 3387 2871 not.
3429 2823 3481 2871 1.

666 2914 739 2966 24
760 2922 902 2966 nov.
1081 2911 1260 2988 Apud
1418 2941 1496 2954 -—
1538 2909 1867 2969 Commune
1899 2907 2170 2968 Civitatis
2204 2909 2406 2968 Novae
2447 2906 2560 2966 sub
2599 2908 2965 2983 protectione
3008 2908 3301 2968 Ecclesiae
3336 2912 3486 2969 reci-

1044 3010 1297 3070 Civitam
1498 3007 1615 3083 pit,
1646 3009 1816 3083 eique
1836 3009 1995 3081 jura,
2030 3005 2285 3064 honores
2310 3009 2370 3063 et
2393 3003 2843 3065 consuetudines
2869 3001 3215 3083 confirmat,
3250 3006 3394 3067 dum
3423 3008 3486 3067 in

1044 3108 1299 3169 Novam.
1497 3103 1782 3163 fidelitate
1814 3104 2106 3162 Ecclesiae
2137 3103 2518 3178 perstiterint.
3370 3112 3482 3163 753
3594 3104 3611 3118 ⁶

678 3207 746 3258 15
774 3198 883 3258 dec
889 3238 1389 3264 ........
1419 3199 1775 3259 Mutinam:
1810 3215 1946 3258 cum
1993 3198 2463 3258 Bononiensibus
2506 3197 2714 3257 foedus
2754 3198 2989 3270 ineunt,
3026 3197 3138 3258 sub
3179 3216 3247 3257 ea
3279 3201 3485 3259 condi-

1499 3299 1658 3356 tione
1686 3297 1844 3372 quod
1873 3298 1921 3354 si
1948 3295 2279 3355 Friderieus
2304 3297 2622 3371 imperator
2656 3296 2750 3353 vel
2785 3294 3044 3354 fautores
3075 3299 3205 3372 ejus
3245 3295 3320 3355 ad
3355 3314 3485 3372 par·

1498 3401 1591 3455 tes
1633 3394 1899 3454 Mutinae
1953 3394 2154 3450 venire
2200 3392 2498 3452 voluerint
2520 3436 2537 3465 ‚
2586 3393 2796 3451 civitas
2844 3391 3108 3451 Mutinae
3161 3393 3488 3454 Bononiam

1502 3494 1699 3551 mittet
1733 3496 1822 3549 tot
1860 3490 2128 3548 homines
2170 3495 2318 3566 quot
2376 3489 2659 3549 cardinali
2703 3489 3024 3550 Octaviano
3071 3491 3215 3550 utile
3258 3492 3489 3552 videbi·

682 3562 916 3640 1250
1500 3595 1624 3647 tur.
1709 3648 1717 3657 ,
3088 3596 3227 3662 755,
3260 3596 3385 3648 not.
3428 3601 3483 3652 ι.

657 3698 730 3748 30
770 3689 926 3766 julii.
1014 3687 1342 3747 Messanae.
1432 3681 1704 3745 vivaldus
1731 3682 1800 3743 de
1825 3684 1992 3743 Bona
2018 3685 2226 3757 Morte,
2260 3681 2489 3764 bajulus
2519 3684 2847 3756 Messanae,
2884 3699 3021 3742 cum
3048 3691 3302 3760 quatuor
3324 3687 3488 3763 judi·

1500 3782 1670 3842 cibus
1698 3782 1810 3841 sibi
1839 3782 2274 3858 assistentibus,
2293 3782 2675 3841 Guillelmum
2706 3782 2953 3857 Mayum
2982 3787 3040 3839 et
3069 3780 3310 3841 Petrum
3331 3783 3487 3842 Con·

1502 3881 1830 3938 stantinum
1857 3880 2126 3938 dominos
2155 3885 2217 3937 et
2242 3880 2634 3953 partionarios
2664 3878 2833 3935 navis
2852 3877 3050 3935 Sancti
3079 3875 3335 3937 Victoris
3358 3896 3492 3939 sen-

1499 3975 1821 4034 tentialiter
1847 3973 2201 4032 condemnat
2233 3972 2392 4047 quod
2423 3972 2498 4031 ad
2527 3978 2724 4047 partes
2752 3971 3164 4032 ultramarinas
3188 3974 3263 4032 ad
3291 3974 3490 4034 locum

1499 4071 1602 4130 ubi
1649 4076 1739 4130 est
1786 4087 1892 4130 rex
1939 4071 2219 4129 Franciae
2238 4111 2255 4143 ,
2306 4069 2524 4127 multos
2575 4069 2915 4145 peregrinos
2976 4070 3038 4127 in
3093 4071 3489 4131 instrumento

1503 4169 1838 4227 nominatos
1869 4172 2291 4243 transportent.
3373 4179 3488 4229 784

651 4266 914 4329 decemb.
1037 4267 1311 4346 Poggius.
1422 4261 1734 4326 Riccardus
1784 4261 1853 4321 de
1902 4262 2297 4343 Monuniqro,
2336 4278 2583 4341 maynas
2619 4258 2936 4339 imperialis
2979 4263 3173 4321 curiae
3215 4266 3491 4345 maqt‘ster

875 4392 878 4399 ·
1486 4362 1873 4443 justitiarius,
1903 4377 2023 4420 una
2051 4377 2187 4420 cum
2216 4366 2471 4437 quatuor
2498 4358 2765 4435 ejusdem
2793 4362 2989 4418 curiae
3013 4361 3314 4436 Judicibus
3338 4364 3488 4423 Phi-

1505 4461 1726 4535 lippum
1752 4460 2092 4520 Pactensem
2121 4460 2461 4534 episcopum
2488 4457 2912 4516 sententialiter
2934 4454 3188 4517 absolvit
3215 4475 3249 4518 a
3276 4477 3487 4536 quaes·

1504 4559 1664 4616 tione
1701 4558 1811 4632 ipsi
1860 4556 2157 4633 proposita
2198 4571 2302 4630 per
2335 4554 2681 4631 Gregorium
2710 4552 3068 4612 Mustacium
3090 4597 3106 4625 ‚
3137 4571 3313 4630 super
3340 4574 3491 4632 pos-

1503 4657 1764 4714 sessione
1797 4653 2006 4713 casalis
2041 4653 2341 4729 Synagrae
2384 4657 2444 4709 et
2485 4649 2772 4709 fructhus
2820 4648 3026 4708 casalis
3070 4649 3320 4710 Sanctae
3364 4652 3489 4713 Lu-

1507 4752 1654 4810 ciae.
3372 4757 3481 4809 801
