4525 6031
649 677 854 737 lamo.
886 675 979 753 5.]
1538 672 1934 739 msTolua
1980 674 2580 740 nlpnouATmA.
3358 674 3474 738 561

651 808 1053 881 mandanda
1079 805 1377 881 fidelitas
1407 828 1541 880 nos
1573 828 1617 879 a
1651 806 2023 900 magnifico
2048 811 2204 883 viro
2243 812 2528 885 domino
2567 813 2655 884 H.
2684 810 2935 883 illustri
2962 829 3126 902 rege
3163 809 3481 883 Sardinia

654 934 999 1027 recepisse
1035 933 1270 1004 literas
1312 932 1386 1003 in
1428 931 1560 1003 hac
1596 932 1823 1004 forma
1857 953 1876 999 ε
1920 933 2150 1005 Nobili
2180 934 2334 1006 viro
2365 934 2715 1007 Friderico
2752 934 2842 1007 de
2873 933 3267 1023 Antiochia,
3305 944 3475 1026 etc.·,

652 1055 994 1128 Heni-icus
1018 1055 1142 1126 Dei
1174 1063 1247 1126 et
1272 1054 1614 1151 imperiali
1653 1054 1876 1146 gratia
1911 1076 2040 1128 rex
2068 1055 2393 1128 Turrium
2435 1067 2506 1128 et
2532 1057 2829 1146 Galluri,
2865 1066 3001 1128 etc.
3043 1058 3334 1128 Litteras
3369 1076 3481 1129 se-

657 1158 996 1250 renissimi
1027 1178 1244 1272 patris
1283 1178 1504 1251 nostri
1539 1178 1925 1273 recepimus
1964 1178 2038 1249 in
2077 1179 2211 1251 hac
2240 1180 2465 1252 forma
2494 1206 2511 1251 ε
2537 1179 2981 1270 FredericuS,
3014 1188 3125 1252 etc
3132 1231 3474 1251 .....

656 1302 984 1374 volentes
1014 1302 1225 1393 igitur
1251 1300 1563 1396 predicta
1589 1302 1822 1373 omnia
1856 1324 2017 1374 cum
2049 1304 2404 1375 celeritate
2440 1324 2577 1396 que
2603 1302 2933 1375 convenit
2968 1302 3250 1394 exequi,
3277 1314 3486 1396 prout

659 1424 889 1516 decet,
917 1445 1048 1497 vos
1076 1445 1207 1519 pro
1236 1433 1433 1519 parte
1468 1424 1890 1521 serenissimi
1927 1426 2146 1519 patris
2185 1427 2402 1500 nostri
2433 1427 2775 1498 instanter
2807 1425 3257 1519 requirimus,
3292 1434 3484 1498 etex

659 1559 896 1621 nostra
938 1569 1265 1641 rogamus
1300 1549 1634 1620 attentius
1665 1558 1737 1620 et
1767 1548 2131 1621 hortamur
2162 1561 2509 1644 quatenus
2547 1550 2780 1622 statim
2811 1550 3107 1644 receptis
3142 1548 3482 1644 presenti·

661 1673 792 1745 bus
836 1693 1029 1745 more
1082 1672 1321 1764 solito,
1371 1670 1674 1744 fideliter
1713 1681 1784 1743 et
1837 1673 2090 1745 devote
2156 1674 2340 1747 circa
2399 1674 2670 1769 imperii
2715 1673 3049 1767 obsequia
3094 1673 3487 1766 animorum

659 1806 1049 1870 vestrorum
1081 1818 1320 1869 curam
1351 1796 1633 1888 vigilem
1662 1793 2075 1868 adhibentes
2092 1848 2112 1887 ,
2142 1800 2352 1870 armis
2383 1807 2454 1870 et
2484 1798 2683 1893 equis
2717 1806 3127 1893 apparatum
3166 1797 3485 1869 laudabi-

662 1922 801 1993 lem
838 1920 1130 2011 faciatis,
1166 1909 1758 2015 quemadmodum
1807 1942 2142 2013 magnum
2179 1933 2250 1993 et
2286 1931 2426 1993 tam
2468 1922 2734 2015 grande
2762 1922 3136 2014 negocium·
3176 1901 3492 2016 exposcit

662 2045 755 2117 ad
787 2065 1109 2139 presens3
1149 2045 1248 2117 ita
1277 2044 1469 2137 quod
1499 2043 1592 2117 ad
1622 2046 1830 2117 aliam
1866 2046 2391 2139 requisitionem
2423 2056 2565 2119 tam
2604 2045 2902 2118 fideliter
2925 2068 3136 2139 quam
3172 2047 3485 2119 landabi-

662 2167 819 2239 liter
842 2188 984 2239 una
1007 2168 1398 2258 nobiscum,
1427 2167 1486 2239 si
1518 2188 1696 2264 opus
1720 2168 1927 2239 fuerit
1959 2189 2089 2264 pro
2125 2168 2483 2264 predictis,
2512 2179 2593 2242 ut
2616 2170 2969 2256 convenit,
3013 2170 3333 2242 veniatis.

778 2727 1158 2813 Goffiidus
1197 2728 1638 2835 CatalanuS,
1672 2726 2085 2836 imperialis
2111 2725 2579 2839 justiciarius
2614 2725 3087 2834 Principatus
3129 2739 3208 2812 et
3244 2739 3488 2814 terrae
3586 2751 3844 2858 3353}-

667 2864 1269 2962 Beneventanae,
1306 2863 1727 2948 lohannem
1791 2861 2228 2971 Trogisium
2299 2859 2699 2979 syndicum
2764 2861 3270 2945 universitatis
3322 2866 3485 2949 ho·-

669 2998 968 3081 minum
1012 2996 1288 3080 casalis
1321 2996 1581 3080 Sancti
1617 2995 1817 3079 Petri
1857 2995 1959 3078 de
1990 2992 2205 3078 Polla
2253 3019 2396 3102 pro
2432 3002 2647 3101 parte
2694 2991 3035 3102 ipsorum
3083 2994 3485 3081 hominum

612 3229 619 3234 ,
672 3130 771 3213 ab
831 3129 1297 3239 impetitione
1346 3129 1732 3213 Laurentii
1787 3128 2080 3237 syndici
2131 3126 2639 3211 universitatis
2692 3127 2920 3209 castri
2970 3128 3256 3238 Pollae,
3320 3132 3485 3212 sci-

669 3262 846 3346 licet
877 3264 974 3345 de
1006 3261 1692 3345 communicatione
1725 3260 2244 3366 collectarum,
2287 3257 2637 3341 absolvit.

838 3490 1086 3567 (Inedlt.
1119 3506 1198 3551 ex
1224 3489 1467 3550 archivo
1491 3492 1750 3550 monast.
1780 3487 2081 3562 cavensis,
2111 3487 2356 3565 origin„
2381 3501 2532 3546 arm.
2562 3486 2651 3560 M,
2682 3493 2750 3546 n⁰
2779 3492 2963 3578 865-
2985 3484 3080 3549 Cf.
3113 3487 3488 3566 privilegium

910 3594 1196 3657 Frlderici
1222 3596 1593 3673 Imperatoris
1620 3594 1696 3654 de
1733 3610 1798 3654 re
1823 3593 2052 3666 eadem,
2082 3591 2161 3652 ad
2197 3608 2341 3655 ann.
2379 3599 2557 3663 1285,
2581 3607 2783 3652 mense
2822 3594 3044 3670 martii,
3074 3594 3235 3671 quod
3273 3611 3487 3673 supra,

911 3707 964 3762 t.
992 3700 1103 3775 ιν,
1128 3717 1188 3778 p.
1221 3709 1338 3763 sas
1367 3698 1733 3780 exhibetur.)

772 3900 978 3974 Anno
1006 3900 1353 3973 dominice
1379 3898 1868 3972 incarnationis
1893 3897 2258 3971 millesimo
2288 3897 2763 3970 ducentesimo
2790 3898 3321 3992 quadragesimo
3348 3924 3496 3998 sep-

676 4025 873 4114 tim0,
914 4024 1027 4096 die
1054 4023 1237 4115 jovis
1265 4033 1514 4094 octavo
1544 4020 1819 4093 decimo
1837 4021 2022 4111 julii,
2054 4021 2294 4113 quinte
2336 4019 2762 4111 indictioniS,
2799 4020 3178 4115 imperante
3212 4024 3495 4097 domino

674 4155 912 4219 nostro
956 4145 1304 4217 Friderico
1343 4144 1469 4214 Dei
1514 4143 1734 4234 gratia
1773 4141 2222 4214 invictissimo
2257 4143 2725 4216 Romanorum
2768 4142 3183 4237 imperatore
3219 4168 3495 4241 semper
3631 4133 3639 4148 ’

674 4278 997 4363 augusto,
1017 4269 1401 4344 Jerusalem
1427 4277 1501 4340 et
1524 4267 1751 4339 Sicilie
1782 4287 1949 4357 rege
1979 4267 2295 4356 feliciter,
2311 4287 2546 4338 amen.
2564 4267 2746 4337 Dum
2777 4287 2905 4337 nos
2932 4268 3276 4340 Goffridus
3305 4270 3495 4343 Cata-

674 4395 905 4483 lanuS,
939 4392 1317 4487 imperialis
1340 4391 1763 4484 justiciarius
1798 4389 2229 4487 Principatus
2261 4399 2334 4462 et
2369 4398 2551 4464 terre
2576 4391 3062 4462 Beneventano
3084 4444 3104 4482 ,
3148 4392 3338 4488 apud
3379 4397 3498 4467 Sa·

674 4518 950 4589 lernum
1004 4516 1267 4587 curiam
1308 4536 1709 4607 regeramus
1729 4567 1753 4606 ,
1782 4512 2132 4586 assidente
2176 4513 2380 4586 nobis
2419 4513 2748 4604 magistro
2789 4515 2990 4587 Petro
3022 4514 3111 4586 de
3142 4515 3374 4611 Capua
3405 4518 3495 4590 de

673 4639 1016 4736 imperiali
1064 4639 1395 4711 mandato
1446 4637 1520 4709 in
1560 4636 2022 4730 justiciariatu
2063 4637 2338 4730 judice,
2372 4637 2725 4711 Iohannes
2774 4637 3120 4729 Trogisius
3169 4639 3498 4736 syndicus

677 4763 1150 4836 universitatis
1165 4761 1524 4834 hominum
1552 4762 1796 4834 casalis
1818 4761 2050 4832 Sancti
2075 4761 2256 4832 Petri
2286 4762 2376 4833 de
2405 4763 2595 4834 Polla
2621 4762 2820 4856 petiit
2843 4783 2886 4833 a
2909 4762 3112 4834 nobis
3143 4785 3269 4858 pro
3303 4775 3498 4859 parte
