4525 6031
668 657 875 718 rumor.
907 652 1002 730 8.]
1571 649 1969 710 rus-roma
2017 646 2608 710 υιΡιοΜΑτιοΑ.
3372 646 3490 711 891

676 788 911 882 itaque
947 786 1293 859 solutione
1334 783 1647 879 predicte
1688 784 1982 878 pecunie
2028 783 2412 855 secundum
2454 782 2845 877 predictum
2891 792 2962 853 et
2991 804 3118 877 per
3165 784 3493 855 terminos

676 911 1121 999 constitutos,
1156 907 1404 979 eadem
1427 906 1686 978 ,civitas
1726 906 1818 978 ad
1848 928 2097 979 manus
2129 917 2200 978 et
2231 906 2611 978 dominium
2645 916 2880 977 nostre
2919 906 3108 977 curie
3141 906 3289 978 sine
3319 928 3488 978 con-

678 1031 1087 1105 tradictione
1142 1030 1513 1121 cujuslibet
1564 1030 1781 1100 libere
1836 1039 2251 1101 revertatur.
2308 1028 2506 1101 Unde
2570 1050 2709 1123 pro.
2748 1029 2980 1100 futura
3034 1032 3305 1100 cantela
3351 1040 3492 1102 tam

673 1156 863 1228 curie
897 1165 1134 1226 nostre
1166 1174 1378 1246 quam
1411 1152 1728 1244 ejusdem
1759 1153 2066 1243 comitiS,
2106 1173 2396 1247 presens
2438 1153 2773 1246 scriptum
2800 1165 3112 1223 nostrum
3141 1150 3292 1223 fieri
3325 1152 3491 1224 feci-

677 1301 835 1352 mus
861 1279 1084 1371 sigillo
1120 1257 1358 1349 nostro
1390 1276 1762 1347 munitum.
2001 1367 2006 1370 Α

768 1402 1021 1472 Datum
1041 1400 1114 1470 in
1127 1399 1368 1471 castris
1390 1419 1609 1494 prope
1632 1399 1869 1469 villam
1889 1397 2262 1470 Altzenach
2282 1396 2342 1495 (⁴
2358 1397 2416 1496 ),
2434 1418 2620 1470 anno
2636 1398 2978 1471 dominice
2998 1397 3492 1469 incarnationis

674 1524 1041 1596 millesimo
1080 1522 1559 1595 ducentesimo
1590 1521 2206 1615 quinquagesimo,
2260 1543 2501 1593 mense
2543 1523 2738 1612 maii,
2790 1531 3035 1594 octava
3082 1521 3484 1593 indictione.

782 1973 1205 2057 Permansit
1249 1973 1610 2057 dominus
1661 1974 2058 2058 Conradus
2103 2000 2237 2056 rex
2282 1975 2486 2083 apud
2524 1973 3026 2083 Oppenheim.
3077 1974 3190 2055 Ibi
3242 1975 3490 2083 primo

673 2106 749 2187 in
815 2104 1010 2215 julio
1092 2116 1665 2189 castrametatus
1750 2116 1861 2188 est
1945 2117 2120 2187 ante
2204 2105 2579 2187 civitatem
2670 2130 2932 2187 versus
3017 2104 3492 2214 Dynenheim

673 2236 1114 2344 [Dienheim]
1160 2298 1535 2321 .....
1582 2238 1955 2321 Continue
1991 2238 2155 2320 sine
2189 2263 2408 2320 mora
2443 2263 2860 2346 exsurgens
2895 2238 3260 2345 processit
3300 2265 3488 2320 ver-

674 2395 805 2453 sus
855 2367 1333 2479 Moguntiam
1355 2433 1378 2478 ‚
1432 2381 1507 2453 et
1561 2372 1784 2482 quasi
1846 2371 1925 2453 in
1966 2370 2334 2454 suburbio
2397 2369 2716 2453 civitatis
2773 2396 3009 2479 prope
3066 2370 3489 2452 claustrum

673 2503 881 2612 quod
928 2504 1206 2586 dicitur
1244 2504 1485 2586 Dalen
1535 2513 2112 2587 castrametatus
2162 2514 2305 2586 est.
2349 2502 2445 2585 Et
2493 2502 2914 2586 combussit
2955 2527 3220 2584 omnes
3269 2503 3489 2584 villas

676 2633 963 2717 civibus
1034 2636 1499 2746 Moguntinis
1564 2647 1637 2718 et
1694 2636 2047 2744 episcopo
2118 2636 2564 2740 attinenteS‚
2624 2634 2953 2743 exceptis
3016 2645 3270 2717 tamen
3335 2635 3487 2716 illis

675 2793 873 2876 quae
911 2794 992 2850 se
1028 2767 1348 2875 pecunia
1384 2768 1714 2878 graviter
1746 2769 2255 2851 redemerunt.
2300 2767 2395 2850 Et
2431 2793 2609 2850 cum
2646 2766 2752 2849 ibi
2785 2792 2921 2875 per
2950 2767 3110 2849 dies
3146 2767 3489 2877 quinque

667 2899 1210 3007 permansisset
1257 2909 1333 2981 et
1374 2900 1660 2983 interea
1701 2924 1900 2984 novo
1947 2925 2127 3007 rege
2164 2897 2635 3004 [Guillelmo]
2690 2899 2772 2979 in
2826 2899 3218 3008 Moguntia
3267 2900 3486 2980 exis-

670 3041 916 3139 tente,
968 3032 1364 3116 Conradus
1398 3059 1534 3115 rex
1581 3059 1760 3114 cum
1809 3033 1967 3114 suis
2006 3034 2368 3114 accedens
2415 3031 2817 3114 Vlanheim
2855 3030 3007 3140 (2),
3051 3032 3243 3114 illud
3280 3042 3491 3114 tota-

671 3161 844 3246 liter
896 3162 1299 3271 subvertit3
1357 3165 1667 3247 mittens
1721 3164 2006 3247 interea
2045 3188 2185 3272 pro
2222 3162 2515 3247 civibus
2550 3163 3249 3247 wormaciensibus
3271 3224 3294 3267 ‚
3355 3163 3490 3272 qui

674 3293 835 3376 suis
900 3295 1249 3404 precihus
1322 3307 1740 3378 annuentes
1802 3296 2175 3379 miserunt
2235 3296 2305 3378 ei
2368 3295 2852 3378 medietatem
2907 3294 3228 3376 civitatis
3304 3294 3491 3376 feria

583 3487 591 3493 -
674 3438 885 3510 sexta
945 3437 1119 3510 ante
1190 3427 1808 3536 Assumptionem
1873 3430 2149 3513 Mariae
2218 3428 2555 3537 Virginis
2629 3427 2752 3538 (ὅ)
2799 3489 3174 3509 .....
3233 3427 3490 3509 Primo

672 3569 930 3642 autem
982 3586 1209 3642 mane
1251 3560 1374 3642 die
1428 3559 1725 3643 sabbati
1775 3563 2156 3671 progressi
2223 3571 2405 3643 sunt
2458 3561 2538 3641 in
2594 3560 3064 3668 provinciam
3110 3559 3491 3643 Silvestris

670 3691 968 3774 comitis
992 3754 1016 3800 ,
1084 3694 1562 3775 devastantes
1642 3702 1717 3774 et
1800 3703 2366 3775 concremantes
2437 3692 2768 3774 totaliter
2839 3717 3038 3774 eam.
3120 3693 3491 3774 Reversus

674 3821 945 3905 exinde
995 3827 1191 3930 [rex]
1232 3822 1448 3907 'venit
1502 3824 2052 3910 Mouwenheim
2101 3824 2220 3934 (4)
2276 3849 2512 3932 prope
2545 3823 2998 3905 Bolandiam
3023 3885 3045 3929 ‚
3086 3823 3349 3905 volens
3386 3820 3494 3934 ibi

671 3953 1097 4039 Wernhero
1135 3958 1230 4039 de
1274 3956 1645 4039 Bolandia
1694 3958 1954 4041 omnia
2005 3983 2145 4039 sua
2193 3958 2627 4059 devastare3
2687 3955 2898 4063 quod
2946 3954 3338 4062 Philippus
3396 3956 3493 4035 de

672 4085 1152 4171 Falkenstein
1224 4089 1477 4171 renuit
1546 4089 1905 4172 omnihus
1983 4087 2231 4171 modis
2302 4086 2778 4170 defendendo
2849 4087 3164 4167 fratrem
3228 4111 3483 4167 suum.

750 4349 824 4421 (4)
861 4352 1044 4409 Monet
1067 4352 1398 4410 Boehmerns
1423 4367 1566 4408 nuuc
1598 4351 1686 4425 agi
1708 4351 1778 4409 de
1805 4351 2005 4408 Elzach
2031 4351 2086 4407 in
2113 4350 2367 4423 Breisgau
2387 4394 2402 4423 ,
2437 4350 2533 4407 ubi
2559 4348 2924 4408 verisimiliter
2946 4365 3041 4407 rex
3063 4348 3339 4406 conradus
3364 4355 3495 4404 tunc

677 4449 937 4520 temporis
960 4450 1141 4521 copias
1167 4450 1475 4521 colligebat.

751 4542 819 4616 (²)
854 4543 1067 4602 Scilicet
1093 4545 1393 4617 Flonheim,
1430 4545 1641 4603 dnobus
1668 4544 1837 4603 leucis
1863 4544 1934 4602 ab
1960 4543 2140 4602 Alzeia
2170 4543 2391 4601 distans.

751 4641 829 4711 (3)
870 4644 939 4698 42
967 4641 1180 4714 augusti
1208 4643 1428 4701 mensis.

749 4736 820 4809 (4)
858 4737 1029 4794 Hodie
1051 4738 1479 4797 Manet-emnem.
