4525 6031
710 654 913 714 immor.
944 650 1038 729 8.]
1604 646 2003 711 HISTORIA
2050 650 2646 714 DIPLOMATICA.
3427 658 3550 722 789

713 787 1068 883 proposita
1109 793 1273 857 sunt
1329 794 1593 877 negant
1646 784 1857 856 salvis
1904 786 2437 880 exceptionibus
2496 809 2768 860 eorum.
2841 790 3210 862 Prestitum
3264 782 3398 864 fuit'
3456 793 3548 864 ab

719 920 1015 1005 utraque
1057 919 1257 1005 parte
1292 908 1382 981 de
1410 908 1803 1003 calumpnie
1847 906 2002 1006 (sic)
2030 911 2530 1001 juramentum.
2578 912 2784 983 Facta
2820 913 3055 1007 itaque
3087 914 3226 987 litis
3270 925 3548 988 contes-

717 1035 973 1107 tatione
1007 1044 1080 1106 et
1110 1043 1551 1105 sacramento
1584 1033 1980 1127 calumpnie
2017 1033 2421 1124 subsecutO,
2465 1035 2609 1107 dati
2649 1036 2933 1108 suerunt
2972 1059 3065 1109 ex
3104 1048 3301 1133 parte
3346 1049 3546 1112 acto-

715 1182 871 1230 rum
919 1158 1192 1231 articuli
1240 1166 1313 1229 et
1355 1180 1450 1228 ex
1501 1168 1698 1252 parte
1741 1178 2018 1228 reorum
2067 1159 2602 1254 exceptionibus
2647 1159 2836 1231 curie
2884 1184 3011 1234 suo
3052 1163 3200 1253 die,
3236 1172 3307 1234 et
3350 1164 3547 1235 factis

715 1280 881 1355 hinc
935 1282 1100 1354 inde
1158 1303 1372 1377 super
1422 1279 1556 1352 hiis
1608 1281 2270 1374 interrogationibus
2309 1291 2388 1354 ut
2434 1292 2542 1355 est
2571 1284 2780 1376 juris,
2828 1296 3124 1377 utraque
3172 1307 3334 1381 pars
3365 1287 3550 1381 cepit

722 1406 1096 1480 terminum
1121 1405 1214 1477 ad
1243 1405 1710 1500 probandum,
1729 1405 1804 1476 in
1831 1405 2009 1477 infra
2040 1428 2253 1499 quem
2292 1408 2664 1479 terminum
2695 1418 2991 1501 utraque
3021 1431 3183 1504 pars
3216 1409 3551 1504 produxit

723 1540 935 1602 testes
973 1550 1161 1601 suos,
1196 1529 1639 1601 Adveniente
1660 1538 1896 1601 autem
1925 1530 2222 1602 termino
2244 1583 2264 1620 ,
2307 1530 2395 1602 de
2420 1532 2733 1626 'partium
2764 1534 3122 1604 voluntate
3158 1534 3448 1605 testibus
3473 1534 3548 1604 in

712 1654 979 1746 judicio
998 1653 1394 1749 publicatiS,
1417 1654 1712 1748 sollepni
1744 1653 2215 1748 disputatione
2249 1665 2489 1726 secuta
2509 1677 2721 1750 super
2739 1655 3042 1728 efficacia
3069 1658 3542 1752 probatorum,

719 1778 811 1849 ab
859 1787 1156 1870 utraque
1201 1786 1398 1871 parte
1450 1777 1538 1849 de
1588 1776 1940 1848 communi
1972 1778 2333 1849 voluntate
2392 1799 2634 1848 earum
2685 1779 3157 1850 renuntiatum
3194 1780 3424 1851 extitit
3481 1789 3554 1852 et

706 1878 1154 1991 conclusum,
1183 1910 1253 1971 et
1281 1910 1578 1993 utraque
1609 1922 1770 1995 pars
1798 1901 2214 1972 sententiam
2243 1901 2592 1972 ferricum
2620 1901 2946 1973 instantia
2976 1902 3373 1996 postulavit.
3412 1905 3554 1975 Nos

707 2012 957 2118 'itaque
1011 2024 1179 2095 visis
1231 2045 1439 2095 cause
1486 2026 1756 2096 meritis
1799 2034 1871 2096 et
1920 2024 2292 2115 diligenter
2332 2024 2683 2116 discussis,
2726 2024 2964 2097 habito
3002 2025 3315 2117 diligenti
3343 2048 3554 2121 super

722 2148 1075 2242 premissis
1119 2169 1281 2219 cum
1320 2148 1820 2219 deliberatione
1865 2147 2156 2220 consilio
2180 2199 2201 2237 ,
2238 2147 2404 2239 quia
2444 2148 2651 2242 plene
2696 2148 3005 2219 constitit
3045 2149 3134 2221 de
3169 2149 3552 2222 intentione

724 2269 1042 2340 Thenrici
1078 2266 1231 2364 (sic)
1257 2268 1660 2341 Theotonici
1677 2322 1697 2359 ,
1727 2269 1910 2341 Petri
1933 2270 2023 2341 de
2048 2261 2476 2360 Latigniaco‚¹
2509 2270 2843 2342 Iohannis
2871 2269 2960 2342 de
2979 2270 3109 2342 Ala
3142 2279 3213 2342 et
3237 2272 3555 2345 Riccardi

724 2392 1021 2484 Anglici,
1051 2402 1190 2463 tam
1222 2415 1347 2487 pro
1382 2415 1457 2464 se
1490 2414 1702 2487 quam
1736 2403 2067 2487 tanquam
2098 2404 2413 2464 actorum
2444 2403 2513 2464 et
2540 2394 2963 2466 sindicorum
2991 2416 3118 2466 seu
3150 2406 3555 2490 procurato-

726 2538 882 2586 rum
926 2517 998 2586 in
1042 2516 1278 2588 libello
1325 2526 1811 2589 contentorum
1843 2518 2370 2612 peregrinorum
2412 2529 2656 2589 contra
2684 2518 3129 2613 Guillelmum
3166 2517 3450 2614 Mayum
3485 2530 3556 2592 et

724 2639 1005 2711 Petrum
1028 2640 1581 2730 Constantinum,
1608 2640 1928 2713 dominos
1946 2650 2018 2713 et
2042 2641 2512 2735 parcionarios
2541 2641 2742 2713 navis
2765 2642 2999 2713 Sancti
3025 2642 3355 2732 Victoris»,
3391 2643 3556 2716 licet

726 2764 1019 2835 intentio
1040 2764 1249 2835 suerit
1280 2765 1448 2837 elisa
1474 2786 1603 2859 per
1633 2765 2085 2860 exceptiones
2111 2765 2584 2860 predictorum
2615 2763 3085 2857 dominorum,
3124 2774 3357 2837 tamen
3373 2756 3555 2862 'quia

726 2886 1037 2982 predicte
1074 2888 1527 2983 exceptiones
1565 2888 1847 2959 suerunt
1882 2889 2051 2959 elise
2101 2898 2173 2960 et
2223 2890 2510 2960 excluse
2547 2910 2673 2982 per
2712 2889 3197 2983 replicationes
3239 2889 3553 2983 peregri·

727 3034 1009 3101 norum,
1073 3011 1587 3085 sentencialiter
1649 3011 2244 3107 condepnavimus
2294 3010 2648 3107 predictos
2701 3012 3139 3084 Guillelmum
3180 3023 3252 3086 et
3276 3017 3556 3086 Petrum

729 3136 1254 3209 Constantinum
1298 3135 1492 3228 quod
1539 3156 1659 3208 eos
1712 3135 1805 3208 ad
1856 3145 2091 3232 partes
2130 3137 2618 3208 ultramarinas
2664 3144 3137 3232 transportant
3177 3117 3289 3210 ad'
3326 3139 3556 3211 locum

729 3260 852 3332 ubi
880 3270 986 3331 est
1014 3282 1144 3331 rex
1169 3260 1491 3350 Francie;
1537 3268 1609 3331 et
1639 3259 1805 3354 quia
1833 3268 1972 3330 tam
1992 3261 2153 3351 jura
2177 3269 2423 3332 vetera
2455 3281 2666 3353 quam
2698 3281 2883 3333 nova
2909 3262 3156 3333 volunt
3188 3264 3378 3354 quod
3410 3264 3557 3335 vic-

732 3392 844 3455 tus
877 3384 1123 3455 victori
1156 3382 1582 3477 condepnari
1623 3382 1878 3455 debeat
1914 3384 1985 3453 in
2029 3382 2383 3477 expensiS‚
2419 3383 2934 3455 sentencialiter
2967 3384 3559 3479 condepnavimus

732 3508 1083 3602 predictos
1115 3529 1275 3579 reos
1312 3507 1593 3578 nomine
1640 3527 2109 3601 expensarum
2140 3506 2472 3600 predictis
2515 3507 2867 3578 actoribus
2897 3516 3039 3578 tam
3075 3530 3204 3602 pro
3240 3530 3315 3580 se
3346 3531 3556 3603 quam

733 3651 859 3727 pro
893 3641 1090 3726 parte
1131 3631 1658 3725 peregrinorum
1706 3631 1778 3700 in
1831 3630 2068 3701 libello
2100 3639 2585 3701 contentorum
2630 3630 2700 3699 in
2742 3630 2998 3701 tarenis
3034 3631 3187 3703 auri
3230 3642 3549 3722 centum,

732 3764 1165 3828 sacramento
1194 3753 1480 3849 prestito
1521 3754 1611 3825 ab
1640 3754 1900 3826 eisdem
1939 3752 2029 3825 de
2063 3753 2421 3825 taxatione
2452 3763 2686 3825 nostra
2731 3754 3176 3848 precedente.
3218 3754 3416 3827 Unde
3465 3756 3558 3828 ad

732 3880 1038 3949 suturam
1067 3878 1471 3949 memoriam
1499 3886 1569 3948 et
1586 3877 1928 3948 dictorum
1955 3877 2484 3971 peregrinorum
2512 3878 2883 3967 cautelam,
2917 3877 3369 3971 scriptumest
3394 3878 3555 3951 inde

719 4021 1019 4094 presens
1056 4000 1412 4093 publicum
1460 4000 2001 4071 instrumentum
2034 4000 2390 4071 sentencie
2430 4020 2556 4093 per
2591 4020 2839 4069 manus
2870 3999 3154 4070 Perroni
3191 4000 3280 4070 de
3313 4001 3554 4073 Calva-

732 4144 890 4195 roso
922 4123 1300 4218 imperialis
1326 4122 1588 4217 publici
1631 4123 1943 4195 Messane
1971 4131 2041 4193 et
2068 4131 2382 4194 actorum
2402 4121 2592 4191 curie
2624 4122 2920 4192 civitatis
2940 4121 3251 4212 ejusdem
3274 4125 3549 4214 notarii,

736 4247 990 4318 nostris
1039 4256 1110 4317 et
1157 4245 1471 4338 ejusdem
1526 4246 1777 4318 notarii
1827 4245 2448 4339 subscriptionibus
2503 4245 3028 4316 communitum.
3085 4244 3335 4317 Actum
3374 4246 3555 4320 Mes-

735 4391 942 4461 sane‚
979 4391 1193 4460 anno,
1223 4390 1487 4459 mense,
1527 4370 1641 4441 die
1675 4377 1745 4440 et
1772 4369 2148 4441 indictione
2186 4367 2626 4463 pretitulatiS.

832 4494 883 4584 -ἱ-
932 4494 1079 4585 Ego
1105 4493 1438 4565 Vivaldus
1471 4493 1561 4565 de
1586 4494 1779 4564 Bona
1807 4493 2026 4566 Morte
2060 4491 2337 4582 bajulus
2367 4492 2707 4563 Messane.

834 4618 885 4707 ·1-
933 4616 1086 4708 Ego
1116 4615 1338 4688 Guido
1373 4616 1460 4688 de
1491 4615 1846 4688 Bernardo
1865 4616 2094 4707 judex
2123 4616 2466 4686 Messane.

836 4740 889 4832 ’ξ’
938 4741 1086 4832 Ego
1116 4742 1590 4812 Bartolomeus
1622 4741 1710 4813 de
1737 4739 2064 4836 Aymerio
2085 4739 2315 4831 judex
2340 4740 2679 4813 Messane.

901 4864 1011 4927 VI.
1051 4878 1164 4923 Pan
1183 4882 1229 4924 α.
3124 4867 3238 4921 100
