4525 6031
662 621 865 682 mter.
897 621 990 698 8.]
1552 620 1949 686 HISTORIA
1996 625 2589 689 DIPLOMATICA.
3369 622 3491 687 765

667 754 1066 829 monasterii
1096 754 1506 847 memorati,
1543 777 1631 829 ac
1660 758 2017 853 predictus
2053 759 2438 833 monachus
2477 768 2884 856 procurator
2908 779 3274 855 perperam
3318 759 3487 831 sub-

663 878 916 952 ductus
940 878 1323 973 apredicto
1369 879 1550 951 Julio
1596 881 1686 953 de
1728 880 2053 975 Anglona
2094 893 2167 955 et
2197 884 2443 957 timore
2482 883 2917 979 perterritus,
2967 883 3324 955 confessus
3361 880 3492 953 fuit

666 1025 901 1076 coram
927 1004 1128 1077 vobis
1158 1003 1415 1075 casalia
1450 1004 1886 1079 Montiscalvi
1911 1017 1983 1079 et
2015 1009 2380 1081 Tonniculi
2411 1008 2503 1081 ad
2525 1010 2644 1102 jus
2680 1016 2752 1078 et
2792 1006 3284 1101 proprietatem
3322 1003 3492 1077 dicti

665 1127 1067 1200 monasterii
1108 1127 1494 1222 spectantia
1527 1128 1706 1200 sicut
1738 1130 2024 1223 dicunt,
2063 1133 2273 1204 fuisse
2315 1131 2405 1204 de
2445 1132 2654 1203 feudo
2685 1129 2934 1225 prefati
2962 1129 3166 1218 Julii3
3207 1137 3494 1223 propter

667 1251 858 1345 quod
889 1252 1074 1323 idem
1107 1251 1491 1323 monachus
1525 1251 1618 1324 ad
1651 1253 2049 1326 instantiam
2077 1256 2393 1347 ejusdem
2426 1256 2585 1328 Julii
2615 1255 2744 1325 fuit
2776 1275 2817 1324 a
2849 1272 3127 1324 carcere
3159 1252 3494 1323 liberatus

668 1384 739 1447 et
770 1375 860 1446 ab
892 1374 1332 1446 accusatione
1377 1374 1739 1469 predicta:
1770 1399 1897 1450 vos
1928 1379 2022 1450 ad
2044 1378 2446 1451 instantiam
2476 1378 2642 1451 dicti
2675 1377 2831 1450 Julii
2868 1398 3011 1448 non
3029 1375 3194 1447 visis
3216 1375 3493 1463 juribus

668 1497 837 1569 dicti
872 1497 1271 1570 monasterii
1299 1498 1526 1592 ipsum
1558 1498 1651 1570 ad
1673 1500 2115 1573 amissionem
2134 1501 2480 1574 dictorum
2511 1501 2842 1573 casalium
2875 1520 3158 1570 suorum
3184 1506 3257 1568 et
3284 1496 3493 1569 totius

665 1620 800 1692 loci
829 1621 1147 1713 ejusdem
1176 1622 1576 1694 monasterii
1609 1645 1747 1716 que
1780 1624 1968 1696 idem
1997 1625 2218 1698 Julius
2240 1620 2518 1697 dicebat
2545 1625 2893 1719 pertinere
2917 1621 3122 1693 uxori
3141 1642 3264 1692 sue
3280 1673 3300 1711 ,
3321 1641 3495 1692 con-

670 1755 774 1816 tra
793 1744 1136 1837 justitiam
1173 1745 1748 1839 condemnanteS,
1787 1769 1881 1820 ex
1912 1750 2253 1821 sententia
2287 1760 2516 1821 vestra
2542 1802 2562 1840 ,
2608 1746 3073 1842 appellatione
3118 1745 3209 1816 ab
3257 1744 3359 1816 eis
3382 1744 3492 1814 in-

667 1868 998 1963 terposita
1054 1868 1146 1940 ad
1189 1870 1617 1942 audientiam
1660 1880 1966 1943 nostram
2000 1872 2181 1943 infra
2222 1872 2530 1964 legitima
2557 1882 2869 1966 tempora
2896 1888 3271 1962 suspensa,
3309 1866 3496 1938 dicta

665 1992 918 2063 casalia
955 2001 1027 2064 et
1073 1993 1264 2065 locus
1301 1993 1529 2065 eidem
1578 1994 1760 2066 Julio
1801 1996 2149 2087 assignata
2180 2006 2369 2083 sunt,
2397 1996 2574 2087 ¹iuris
2605 1993 2853 2066 ordine
2880 2013 3023 2065 non
3063 1999 3366 2078 servato,
3421 1989 3497 2060 in

669 2136 909 2187 eorum
959 2117 1403 2188 manifestum
1446 2119 1907 2213 prejudicium
1954 2132 2024 2191 et
2063 2141 2469 2211 gravamen.
2515 2121 2738 2212 Super
2768 2137 2910 2210 quo
2945 2113 3496 2210 supplicantibus

668 2238 798 2310 sibi
843 2262 971 2334 per
1018 2252 1327 2311 nostram
1369 2241 1634 2312 curiam
1677 2242 2057 2335 secundum
2098 2243 2443 2335 justitiam
2479 2241 2834 2337 provideri
2855 2292 2875 2330 ,
2910 2237 3227 2311 fidelitati
3266 2245 3497 2309 vestre

666 2362 1115 2457 precipiendo
1165 2363 1579 2435 mandamus
1620 2375 1966 2458 quatenus
2010 2366 2068 2437 si
2111 2376 2218 2439 est
2248 2367 2345 2439 ita
2367 2419 2387 2456 ,
2434 2366 2721 2438 omnino
2766 2364 3077 2458 predicta
3122 2362 3191 2432 in
3237 2370 3496 2433 statum

666 2486 1034 2581 pristinum
1098 2488 1466 2578 revocetiS,
1520 2499 1591 2559 et
1634 2489 1968 2560 accersito
2021 2490 2276 2562 abbate
2337 2510 2573 2561 coram
2630 2488 2831 2560 vobis
2877 2488 3040 2579 jura
3094 2482 3496 2557 monasterii

667 2609 965 2683 audiatis
996 2622 1067 2683 et
1094 2634 1375 2684 causam
1408 2634 1643 2685 coram
1673 2614 1873 2686 vobis
1903 2615 2202 2709 partium
2235 2613 2617 2685 assertione
2644 2613 2849 2707 plene
2883 2611 3261 2682 discussam
3287 2610 3494 2700 juxta

666 2735 959 2806 formam
1016 2757 1059 2806 a
1125 2745 1364 2808 nostra
1430 2737 1623 2809 curia
1683 2737 1881 2809 vobis
1952 2737 2186 2810 datam
2239 2737 2622 2809 terminetis
2679 2746 2752 2808 et
2808 2733 3170 2823 decidatis,
3224 2731 3497 2823 justitia

669 2855 1020 2928 mediante
1038 2911 1057 2946 ‚
1100 2866 1180 2928 ut
1214 2858 1380 2954 ipsis
1413 2858 1831 2931 instantibus
1859 2882 2069 2955 super
2092 2860 2228 2931 hoc
2253 2881 2397 2931 non
2424 2859 2647 2930 subsit
2671 2857 2957 2930 materia
2991 2852 3488 2947 conquerendi.

764 2982 1021 3054 Datum
1053 2983 1307 3074 Foggie
1331 3036 1350 3073 ,
1386 2984 1446 3057 V
1476 2983 1712 3078 aprilis
1737 3038 1757 3075 ,
1795 2994 2043 3057 octavo
2080 2982 2503 3056 indictionis.

763 3106 917 3190 Quo
946 3107 1275 3179 mandato
1308 3118 1591 3204 recepto
1625 3119 1697 3181 et
1727 3109 1937 3181 citata
1964 3129 2090 3202 per
2125 3108 2410 3180 eosdem
2438 3107 2972 3198 reintegratores
2998 3103 3184 3175 dicta
3210 3103 3494 3175 domina

664 3229 1079 3323 Rigandasia
1122 3242 1192 3303 et
1241 3243 1689 3328 comparente
1742 3255 1870 3328 pro
1907 3255 1991 3305 ea
2022 3233 2211 3305 dicto
2249 3231 2532 3303 domino
2566 3228 2863 3321 Rogerio
2911 3227 3289 3300 constituto
3334 3247 3496 3321 pro-

667 3365 990 3426 curatore
1014 3356 1106 3426 ab
1134 3376 1217 3427 ea
1236 3357 1639 3428 utconstitit
1656 3357 1748 3430 ad
1776 3379 2056 3429 causam
2079 3357 2331 3452 ipsam,
2353 3355 2582 3427 dictus
2604 3354 2767 3426 Milo
2790 3351 3009 3423 abbas
3029 3351 3194 3423 dicti
3212 3370 3492 3422 monas·

670 3477 824 3548 terii
883 3499 1010 3571 pro
1074 3488 1272 3572 parte
1330 3480 1547 3574 ipsius
1595 3480 1666 3550 in
1713 3480 1985 3575 scriptis
2037 3480 2335 3574 probare
2377 3498 2454 3549 se
2503 3477 2928 3569 obtulitque
2961 3475 3496 3547 continebantur

669 3598 739 3669 in
778 3598 1252 3694 imperialibus
1305 3603 1551 3674 litteris
1598 3603 2107 3698 suprascriptis,
2170 3611 2243 3673 et
2288 3601 2517 3674 dictus
2549 3608 2958 3694 procurator
2991 3597 3175 3670 dicte
3212 3599 3493 3671 domine

668 3723 963 3815 probare
1009 3746 1085 3794 se
1147 3725 1401 3796 obtulit
1456 3727 1650 3820 quod
1706 3725 2013 3821 predicte
2059 3725 2287 3796 littere
2354 3724 2719 3817 impetrate
2778 3724 3063 3793 fuerunt
3110 3723 3202 3793 ab
3243 3723 3494 3794 eodem

669 3844 922 3916 abbate
955 3846 1160 3917 tacita
1192 3847 1509 3939 veritate,
1564 3857 1635 3920 et
1692 3859 1912 3920 totum
1969 3847 2395 3919 contrarium
2442 3848 2592 3937 ejus
2636 3843 2827 3938 quod
2875 3844 3104 3915 dictus
3148 3843 3365 3915 abbas
3416 3863 3493 3914 se

669 3968 1018 4040 obtulerat
1049 3972 1529 4064 probaturum.
1569 3973 2077 4068 Super'quibus
2104 3970 2269 4044 dato
2298 3991 2424 4065 per
2452 3967 2735 4040 eosdem
2772 3967 3303 4059 reintegratores
3331 3966 3489 4037 uni·

671 4091 925 4185 cuique
975 4094 1155 4188 parti
1185 4095 1480 4166 termino
1520 4095 1611 4167 ad
1647 4094 2112 4190 probandum,
2173 4091 2529 4188 productis
2567 4089 2854 4162 testibus
2907 4099 2980 4160 et
3015 4110 3255 4161 eorum
3287 4088 3491 4160 dictis

665 4214 1032 4308 publicatis
1086 4228 1158 4288 et
1204 4219 1385 4290 facta
1455 4240 1550 4290 ex
1586 4219 1687 4290 eis
1746 4219 2025 4312 utrique
2096 4216 2277 4311 parti
2334 4213 2536 4307 copia
2601 4232 2878 4283 necnon
2964 4211 3491 4306 exceptionibus

663 4337 830 4410 hinc
867 4339 1031 4411 inde
1064 4340 1244 4413 datis
1276 4342 1369 4413 ad
1399 4343 1750 4437 repulsam
1807 4342 2084 4414 testium
2125 4336 2669 4434 perducendam,
2718 4344 2789 4406 et
2833 4334 3122 4406 testibus
3147 4355 3358 4429 super
3387 4333 3491 4406 eis

662 4462 1019 4557 productis
1049 4474 1120 4535 et
1149 4465 1516 4559 publicatis
1544 4465 1837 4539 rubricis
1862 4463 2264 4558 assumptis,
2288 4473 2360 4533 et
2387 4460 2679 4533 solemni
2700 4458 3166 4552 disputatione
3193 4468 3488 4552 sequuta

662 4607 873 4681 super
906 4587 1171 4659 viribus
1200 4590 1650 4684 probatorum
1685 4589 2019 4684 premissa
2049 4583 2562 4659 renuntiatione
2597 4581 2685 4654 ad
2728 4582 3145 4653 sententIam
3176 4590 3282 4653 est
3314 4602 3487 4654 oon-

659 4707 966 4799 clusum3
1022 4720 1093 4781 et
1125 4710 1286 4783 licet
1335 4712 1872 4806 reintegratorcs
1932 4707 2228 4805 predicti
2281 4729 2373 4780 ex
2432 4707 2653 4779 forma
2703 4703 3201 4777 commissionis
3244 4724 3490 4778 corum

818 4830 923 4894 Vl.
967 4862 1143 4908 rma.
3088 4835 3162 4890 9⁷
