4525 6031
754 638 955 697 lnmcr.
987 636 1080 711 7.]
1641 629 2035 691 HISTORIA
2082 630 2677 696 DlPLOMATlGA.
3448 633 3569 694 695

752 772 844 843 ad
884 769 1249 841 subeunda
1302 767 1579 863 publica
1627 786 1916 837 munera
1970 786 2099 860 pro
2157 768 2412 839 nostris
2460 767 2757 841 servitiis
2809 777 2881 840 et
2925 769 3308 840 communis
3357 767 3572 862 ipsius

756 896 959 966 simul
993 903 1064 966 et
1094 893 1242 964 sine
1275 892 1508 986 aliqua
1542 867 1982 962 distinctione
2012 893 2460 987 compellant,
2500 892 2829 986 nullaque
2866 892 3048 963 inter
3077 914 3198 965 eos
3233 891 3574 964 conditio·

759 1020 870 1090 nis
899 1019 1114 1092 sectio
1147 1019 1257 1089 vel
1288 1016 1651 1089 diversitas
1693 1015 2059 1087 habeatur.
2093 1017 2472 1088 Statuimus
2501 1017 2710 1110 igitur
2745 1026 2816 1089 et
2847 1016 3184 1111 imperiali
3228 1016 3576 1088 sancimus

765 1144 994 1216 edicto
1020 1150 1364 1237 quatenus
1388 1142 1619 1211 nullus
1651 1140 1825 1229 dux,
1863 1140 2097 1211 nullus
2124 1141 2461 1232 marchio,
2498 1163 2732 1213 comes
2758 1142 2870 1212 vel
2904 1142 3313 1230 vicecomeS‚
3344 1141 3579 1211 nullus

766 1268 1068 1359 legatus,
1101 1266 1403 1337 vicarius
1447 1287 1570 1336 seu
1623 1265 2059 1358 capitaneuS,
2106 1273 2448 1359 potesta8‚
2492 1267 2733 1338 consul
2778 1267 2891 1337 vel
2945 1287 3347 1356 commune,
3388 1267 3581 1339 nulla

766 1391 1070 1484 denique
1104 1411 1400 1485 persona
1445 1390 1583 1460 alta
1616 1390 1726 1459 vel
1765 1388 2076 1478 humilis,
2111 1389 2573 1461 ecclesiastica
2606 1391 2717 1461 vel
2754 1389 3116 1481 secularis,
3150 1401 3386 1462 contra
3421 1411 3580 1485 pre·

774 1515 990 1587 sentis
1033 1514 1270 1609 scripti
1316 1513 1531 1585 nostri
1571 1521 1881 1584 tenorem
1909 1533 2084 1583 ausu
2133 1513 2497 1586 temerario
2535 1514 2773 1585 venire
2809 1524 3196 1609 presumat;
3234 1514 3424 1607 quod
3464 1516 3586 1609 qui

769 1640 1262 1735 presumpserit
1297 1648 1532 1734 preter
1563 1636 2106 1728 indignationem
2137 1648 2444 1709 nostram
2470 1659 2682 1734 quam
2707 1660 2782 1710 se
2813 1641 3086 1711 noverit
3115 1640 3580 1730 incursurum,

769 1772 1049 1834 centum
1086 1783 1353 1833 marcas
1393 1759 1661 1851 argenti
1692 1780 1819 1853 pro
1849 1780 2030 1854 pena
2060 1781 2134 1831 se
2171 1761 2713 1856 compositurum
2750 1773 3104 1854 agnoscat,
3145 1764 3588 1836 medietatem

772 1907 1065 1979 quarum
1097 1907 1370 1958 camere
1399 1892 1633 1955 nostre
1672 1893 1742 1954 et
1780 1884 2117 1976 reliquam
2158 1884 2603 1956 medietatem
2636 1886 2853 1979 passis
2883 1886 3202 1978 injuriam
3234 1887 3591 1984 applican-

775 2010 963 2083 dam.
1002 2009 1112 2081 Ad
1147 2010 1355 2102 hujus
1393 2017 1628 2079 autem
1670 2007 2132 2080 concessionis
2180 2018 2418 2080 nostre
2466 2010 2868 2082 memoriam
2900 2019 2971 2082 et
3004 2013 3216 2083 robur
3255 2023 3592 2109 perpetuo

773 2135 1187 2225 valiturum,
1246 2154 1533 2229 presens
1576 2132 1910 2227 scriptum
1952 2153 2078 2227 per
2108 2133 2443 2204 Iacobum
2494 2134 2584 2205 de
2619 2134 3088 2208 Podiobonicii
3137 2138 3483 2209 notarium
3526 2147 3598 2210 et

777 2258 1053 2332 fidelem
1087 2268 1402 2331 nostrum
1434 2256 1640 2329 scribi
1677 2268 1749 2328 et
1778 2255 2005 2347 sigillo
2031 2257 2410 2348 maJestatis
2441 2268 2677 2330 nostre
2701 2259 3032 2351 jussimus
3058 2260 3493 2332 communiri.

875 2385 1128 2456 Datum
1161 2382 1532 2472 Cremone,
1582 2402 1767 2453 anno
1807 2379 2153 2452 dominice
2194 2381 2689 2455 incarnationis
2724 2383 3088 2456 millesimo
3124 2384 3601 2460 ducentesimo

778 2506 1313 2603 quadragesimo
1355 2516 1642 2596 octavo,
1693 2526 1934 2576 mense
1984 2504 2348 2596 februarii,
2398 2506 2690 2601 septime
2737 2508 3167 2600 indictionis,
3217 2510 3602 2605 imperante

780 2634 1061 2708 domino
1093 2640 1332 2704 nostro
1358 2630 1689 2702 Foderico
1720 2628 2170 2701 invictissimo
2201 2629 2668 2703 Romanorum
2704 2631 3119 2727 imperatore
3165 2655 3441 2729 semper
3474 2656 3602 2706 au-

782 2767 1013 2852 gusto,
1057 2756 1482 2827 Hierusalem
1517 2766 1588 2826 et
1623 2753 1852 2826 Sicilie
1879 2775 2070 2845 rege,
2104 2753 2375 2848 imperii
2402 2756 2552 2847 ejus
2578 2776 2767 2828 anno
2795 2755 3129 2848 vigesimo
3159 2779 3371 2849 nono,
3410 2760 3607 2850 regni

781 2881 1212 2956 Hierusalem
1238 2879 1573 2973 vigesimo
1598 2886 1871 2974 quarte,
1901 2878 2097 2971 regni
2125 2898 2295 2950 vero
2321 2878 2550 2952 Sicilie
2576 2879 3151 2974 quinquagesimo
3183 2883 3434 2979 primo,
3462 2884 3611 2955 feli-

784 3008 981 3085 citer.
1022 3004 1272 3081 Amen.

899 3477 1365 3586 Fridericu5‚
1422 3479 1943 3563 Romanorum
1994 3480 2435 3588 imperator,
2493 3489 2901 3590 postquam
2954 3481 3050 3563 ad
3090 3507 3315 3564 suum
3356 3481 3618 3565 domi·
3697 3486 4002 3583 gum.

796 3611 1012 3695 nium
1080 3620 1361 3696 terram
1428 3612 1830 3695 Corilionis
1898 3638 2134 3722 quam
2202 3612 2508 3696 Oddoni
2577 3614 2675 3694 de
2741 3613 3162 3698 Camerana
3225 3615 3616 3725 quondam

797 3756 1316 3853 concesserat,
1388 3746 1890 3852 revocaverit,
1944 3744 2336 3828 Bonifacio
2388 3747 2486 3827 de
2555 3746 2976 3829 Camerana
3056 3747 3213 3831 filio
3276 3747 3618 3858 ejusdem

801 3876 1146 3962 Oddonis
1204 3879 1280 3959 in
1331 3879 2104 3988 recompensationem
2156 3878 2448 3961 confert
2495 3879 2745 3962 casale
2794 3890 2868 3962 et
2910 3890 3250 3963 castrum
3305 3879 3620 3965 Militelli

799 4011 877 4090 in
917 4010 1113 4093 valle
1157 4011 1321 4097 Neti
1365 4038 1543 4095 cum
1594 4013 1942 4096 districtu
1987 4011 2153 4123 ejus
2176 4073 2199 4118 ‚
2246 4013 2397 4123 ⁴sub
2452 4013 2881 4098 conditione
2941 4014 3221 4097 servitii
3269 4013 3623 4095 militaris

796 4141 1248 4255 juribusque
1286 4145 1672 4256 regalibus
1711 4145 1854 4229 sibi
1893 4146 2319 4229 reservatis,

971 4360 1216 4439 (lnedlt.
1247 4378 1322 4421 ex
1350 4362 1551 4421 codice
1577 4361 1853 4422 Biblioth.
1888 4363 2244 4435 Panormit„
2280 4364 2514 4439 signato
2546 4362 2634 4433 fl,
2671 4371 2739 4421 n⁰
2770 4370 2806 4422 4
2836 4362 2918 4435 Q,
2949 4364 3044 4421 cui
3071 4360 3279 4423 titulus
3310 4378 3326 4423 :
3358 4359 3630 4422 Racoolca

1050 4465 1114 4527 di
1137 4467 1268 4527 vari
1295 4464 1439 4546 dipl.
1472 4474 1781 4547 appar-een.
1813 4465 1938 4528 alla
1964 4464 2192 4529 Sicilia.
2219 4466 2499 4547 —Cujus
2523 4471 2753 4546 coptam
2786 4467 3095 4529 nobiscum
3123 4468 3433 4529 liberaliter
3464 4484 3630 4529 com-

1053 4577 1379 4636 municavit
1404 4575 1480 4636 cl.
1514 4577 1605 4642 vir
1631 4576 1808 4637 Mich.
1844 4573 2097 4654 Amarl.)

908 4760 1322 4854 Fridericus,
1353 4761 1482 4835 Dei
1511 4762 1735 4857 gratia
1767 4764 2234 4837 Romanorum
2264 4764 2641 4859 imperator
2666 4783 2942 4860 semper
2971 4769 3333 4856 augustus,
3369 4760 3635 4858 Hyeru-
