4525 6031
588 621 793 682 lunum.
827 618 920 697 6.]
1494 616 1890 699 ffls'roma
1939 616 2528 680 DIPLOMATICA.
3304 618 3426 681 599

705 1176 787 1257 In
826 1178 1195 1285 proximis
1244 1177 1593 1261 kalendis
1638 1180 1892 1263 martii
1938 1181 2351 1290 imperator
2395 1185 2874 1294 congregatis
2931 1184 3089 1266 suis
3143 1184 3425 1266 militi-

598 1307 744 1390 bus
789 1371 807 1390 .
844 1372 864 1391 .
904 1372 923 1391 .
966 1309 1275 1392 intravit
1311 1311 1656 1422 Burgum
1683 1312 1942 1395 Sancti
1977 1313 2340 1397 Domnini
2376 1326 2452 1398 et
2485 1317 2608 1399 die
2638 1316 2737 1397 IV
2765 1317 3049 1399 mensis
3086 1315 3424 1426 ejusdem

598 1450 934 1522 castrum
969 1442 1386 1526 Medaxane
1429 1445 1626 1554 cepit
1676 1456 1753 1528 et
1801 1445 2221 1554 combuxit,
2261 1460 2336 1530 et
2369 1448 2630 1531 locum
2677 1450 2772 1531 de
2820 1449 3152 1531 Bercedo
3189 1476 3432 1558 guar-

602 1571 789 1654 nivit
832 1634 850 1653 .
890 1636 909 1655 .
949 1637 967 1655 .
995 1573 1133 1656 Die
1168 1577 1463 1659 veneris
1501 1578 1990 1669 XHexeunte
2025 1580 2303 1662 martio
2348 1580 2758 1689 imperator
2798 1581 3112 1662 collecta
3161 1581 3433 1663 militia

606 1730 745 1786 sua
802 1705 879 1785 in
940 1705 1198 1788 locum
1250 1708 1382 1790 ubi
1436 1707 1684 1790 fuerat
1752 1708 2082 1791 Victoria
2143 1711 2534 1820 equitavit.
2588 1712 2874 1794 Deinde
2926 1738 3191 1795 versus
3239 1711 3436 1794 Ber-

604 1838 876 1920 cedum
909 1839 1309 1948 equitavit,
1347 1841 1814 1924 devastando
1844 1867 1985 1949 per
2018 1842 2190 1924 illas
2235 1854 2490 1951 partes
2549 1903 2568 1920 .
2609 1905 2628 1924 .
2672 1905 2690 1925 .
2747 1852 2822 1925 et
2864 1844 3046 1926 dato
3091 1855 3434 1926 comeato

606 1971 1099 2079 Papiensibus
1171 1983 1245 2056 et
1287 1972 1924 2083 Pergamensibus
1981 1976 2349 2084 equitavit
2414 1976 2896 2059 Cremonam.
2950 1977 3295 2087 chronic.
3339 1980 3433 2057 de

609 2105 764 2184 reb.
810 2104 892 2185 in
918 2108 1096 2187 Ital.
1137 2120 1360 2214 qest.,
1400 2133 1479 2215 p.
1524 2110 1712 2189 217.

719 2705 1200 2788 Innocentius
1244 2732 1444 2814 papa
1486 2705 1915 2789 Brixienses
1970 2706 2316 2789 hortatur
2369 2717 2458 2788 ut
2505 2707 2797 2790 devicto
2853 2718 3027 2789 ante
3078 2708 3436 2791 Parmam

615 2838 992 2921 Friderico
1027 2864 1183 2921 non
1228 2839 1743 2941 obdormiant,
1788 2840 1922 2921 sed
1974 2836 2289 2921 viriliter
2332 2852 2743 2949 assurgant
2793 2841 2870 2920 in
2891 2896 2902 2906 -
2920 2840 3438 2925 defensionem

613 3184 730 3241 aliis
760 3183 1099 3258 imperatoris
1125 3183 1316 3240 litteris
1348 3199 1483 3256 quas
1512 3183 1653 3240 inter
1689 3184 1839 3240 Petri
1878 3182 1940 3240 de
1984 3183 2105 3240 Vin.
2140 3183 2424 3257 epistolas,
2464 3183 2556 3239 lib.
2595 3185 2663 3255 V,
2702 3199 2824 3258 cap.
2863 3182 3120 3254 CXXXI,
3151 3186 3443 3262 impressas

616 3298 828 3354 quoque
854 3281 1183 3356 reperimus,
1221 3288 1276 3338 et
1306 3288 1607 3354 sequuntur
1637 3300 1651 3338 :
1686 3302 1713 3335 α
1735 3282 2069 3351 Fridericus,
2096 3289 2227 3353 etc.,
2255 3289 2465 3340 secreto
2493 3282 2687 3351 Sicilie,
2719 3290 2824 3340 etc.
2851 3284 3110 3341 Fidelium
3135 3293 3443 3345 nostrorum

616 3387 800 3437 eterna
817 3380 1095 3449 memoria,
1110 3385 1296 3436 nostro
1313 3379 1590 3436 recondita
1605 3385 1847 3453 pectore,
1867 3396 2172 3453 quanquam
2194 3388 2388 3437 natura
2409 3396 2570 3437 suum
2588 3381 2821 3437 officium
2838 3391 3155 3455 exequente,
3176 3400 3274 3458 per
3301 3385 3443 3441 solu-

617 3478 817 3534 tionem
839 3477 1005 3534 debiti
1030 3476 1208 3533 carnis
1231 3475 1301 3532 ab
1327 3475 1601 3549 obsequiis
1633 3477 1935 3534 devotionis
1957 3485 2141 3534 nostre
2168 3478 2436 3550 quiescat3
2470 3494 2537 3534 ex
2567 3478 2714 3535 l'oute
2734 3484 2919 3534 tamen
2956 3488 3138 3535 nostre
3160 3496 3225 3536 ac
3256 3481 3443 3540 innate

617 3574 897 3632 clementie
927 3574 1187 3646 liquidum
1220 3572 1419 3630 favoris
1454 3573 1716 3645 rivulum,
1746 3589 1909 3647 quem
1934 3579 2088 3647 pater
2115 3574 2355 3630 omnium
2372 3590 2440 3630 ex
2456 3574 2626 3645 gratia
2639 3575 2854 3645 meruit,
2880 3575 3113 3632 humana
3137 3583 3194 3633 et
3215 3576 3445 3651 benigna

619 3672 988 3745 compassione
1032 3670 1361 3744 percipimus
1395 3671 1629 3727 derivari
1668 3670 2087 3728 misericorditer
2121 3670 2190 3726 ad
2224 3671 2471 3727 heredes.
2514 3670 2709 3743 Sicque
2742 3671 2796 3726 in
2835 3677 3151 3744 perpetuum
3184 3681 3445 3746 apparent

619 3769 822 3838 vivere,
841 3768 972 3824 dum
989 3768 1048 3823 in
1068 3768 1295 3824 Domino
1313 3784 1459 3825 mors
1475 3783 1665 3825 eorum
1690 3775 1746 3824 et
1767 3768 1958 3825 merita
1979 3767 2037 3823 in
2052 3767 2361 3824 hominibus
2383 3774 2730 3840 reponantur.
2755 3768 2829 3824 Ut
2847 3773 3027 3824 autem
3046 3769 3259 3826 noveris
3282 3769 3444 3828 fidem

620 3867 876 3925 lobannis
901 3866 1064 3922 Turdi
1092 3866 1163 3922 de
1190 3869 1462 3937 Messana,
1493 3866 1664 3923 fidelis
1698 3865 1897 3936 nostri,
1927 3866 1984 3921 in
2018 3866 2370 3939 beneplacitis
2408 3865 2606 3922 nostris
2643 3881 2711 3920 ex
2756 3881 2919 3937 opere
2962 3865 3252 3936 claruisse,
3292 3870 3448 3940 cujus

622 3966 826 4022 obitum
866 3963 1024 4021 nohis
1059 3964 1394 4037 displicuisse
1425 3979 1667 4020 reserare
1699 3963 1984 4035 dignamur
2020 3979 2088 4020 ex
2114 3964 2322 4020 meritis
2357 3978 2464 4035 que
2491 3962 2545 4017 in
2576 3978 2642 4018 eo
2679 3962 2894 4019 vivente
2921 3963 3444 4036 comprehendimus,

621 4063 749 4119 dum
792 4079 859 4120 ex
898 4061 1001 4118 fide
1042 4061 1423 4118 memorialiter
1465 4061 1598 4118 vivit
1639 4061 1696 4117 in
1737 4061 1929 4133 nobis;
1982 4061 2228 4117 volumus
2272 4067 2328 4117 et
2371 4060 2704 4133 presentium
2748 4060 2843 4115 tibi
2893 4067 3078 4117 tenore
3133 4062 3452 4120 mandamus

625 4166 888 4231 quatenus
917 4159 987 4215 de
1025 4159 1169 4215 balio
1202 4158 1307 4215 filie
1347 4165 1404 4215 et
1435 4158 1682 4216 haeredis
1712 4158 1968 4215 Johannis
2006 4157 2262 4231 praedicti
2302 4162 2356 4213 te
2383 4156 2687 4212 nullatenus
2712 4156 3102 4227 intromittens,
3137 4158 3313 4231 ipsum
3351 4175 3451 4232 per

625 4255 738 4311 Raii
764 4255 881 4327 (sic)
905 4254 1125 4312 fratrem
1153 4255 1270 4326 ejus
1284 4298 1298 4325 ,
1332 4254 1542 4310 fidelem
1569 4261 1815 4311 nostrum
1830 4296 1844 4323 ,
1874 4253 2254 4310 constitutione
2285 4258 2470 4310 nostra
2513 4268 2676 4325 super
2715 4252 2819 4309 hoc
2855 4252 2998 4309 edita
3033 4268 3143 4309 non
3174 4253 3447 4329 obstante,

627 4350 694 4410 de
728 4351 945 4425 speciali
981 4351 1160 4424 gracia
1203 4357 1383 4408 nostra
1426 4351 1539 4423 geri
1588 4358 1645 4408 et
1679 4351 1959 4425 procurari
2012 4351 2322 4423 permittas3
2366 4349 2620 4422 predictis
2670 4349 2818 4405 fratri
2858 4355 2914 4405 et
2949 4348 3269 4406 haeredibus
3308 4332 3463 4424 suis,

629 4447 885 4505 fidelibus
907 4448 1136 4517 nostris,
1165 4448 1223 4503 in
1252 4464 1441 4505 eorum
1467 4448 1712 4520 juribus,
1740 4448 1988 4521 personis
2015 4454 2070 4504 et
2095 4447 2258 4504 rebus
2275 4490 2290 4518 ,
2330 4446 2401 4504 oh
2436 4446 2703 4504 defectum
2733 4445 2974 4518 ejusdem
3002 4446 3287 4519 lobannis,
3314 4448 3454 4521 inju-

630 4543 762 4601 riam
790 4543 876 4601 vel
901 4560 1191 4617 gravamen
1221 4544 1405 4603 inferri
1432 4545 1766 4618 aliquatenus
1789 4560 1897 4601 non
1922 4559 2209 4617 passurus3
2242 4544 2407 4600 immo
2436 4543 2491 4600 in
2522 4543 2799 4615 omnihus,
2823 4543 3022 4616 quibus
3046 4543 3268 4601 honoris
3286 4547 3456 4603 nostri

628 4643 776 4699 zelus
813 4647 870 4699 et
903 4641 1038 4699 fides
1064 4642 1302 4715 prefatos
1336 4642 1548 4700 defendi
1583 4647 1640 4700 et
1674 4642 2010 4700 manuteneri
2054 4641 2310 4712 voluerit,
2361 4641 2440 4699 eis
2487 4641 2707 4698 studeas
2746 4639 2817 4697 ob
2869 4648 3052 4699 nostre
3101 4643 3458 4702 reverentiam

635 4739 934 4813 majestatis
959 4740 1167 4798 adesse.
1192 4758 1220 4793 ι

3549 1190 3767 1241 [Martia]

3553 2717 3784 2773 [Marum]
