4525 6031
970 574 1093 634 574
1969 578 2406 642 nmmum
2456 578 2802 643 sneunm
3403 572 3575 657 [An.
3603 574 3785 638 1247.

1077 1131 1556 1214 Innocentius
1610 1131 2073 1241 papa-Petro
2119 1131 2377 1213 Sancti
2422 1130 2724 1242 Georgii
2776 1131 2876 1214 ad
2917 1129 3178 1213 velum
3224 1157 3547 1214 aureum
3596 1131 3780 1215 dia-

968 1288 1161 1346 cono
1197 1264 1562 1346 cardinali
1598 1264 1916 1346 mandat
1949 1265 2161 1373 quod
2196 1263 2846 1373 archiepiscopum
2882 1263 3615 1373 Magdeburgensem
3648 1265 3781 1375 qui

967 1397 1539 1478 matrimonium
1606 1396 1799 1478 inter
1853 1395 2322 1478 Fridericum
2375 1395 2768 1503 quondam
2818 1395 3350 1505 imperatorem
3404 1407 3482 1480 et
3541 1394 3780 1487 filiam

965 1529 1181 1611 ducis
1255 1528 1628 1611 Saxoniae
1699 1537 2084 1636 procurat,
2118 1552 2411 1610 necnon
2486 1526 3006 1609 Pataviensem
3069 1553 3158 1610 ac
3218 1527 3780 1638 Frisingensem

962 1662 1353 1771 episcopos
1416 1663 1514 1742 ad
1584 1660 1854 1742 Sedem
1920 1661 2434 1769 Apostolicam
2492 1660 2713 1767 citet,
2770 1672 3103 1744 caeteros
3165 1660 3222 1743 F
3225 1659 3528 1743 riderici
3586 1658 3776 1744 fau-

960 1804 1162 1875 tores
1197 1819 1333 1902 per
1367 1819 1767 1874 censuram
1805 1792 2390 1875 ecclesiasticam
2426 1792 2981 1902 compellendo.

1120 2003 1323 2082 (Edid.
1358 2002 1957 2078 RAmAm1,ArmaL
1989 2002 2177 2067 eccles.
2187 2006 2485 2084 wadann
2523 2005 3100 2085 12⁴7‚§V111,ub1
3140 2008 3374 2067 initium
3412 2005 3577 2067 deest
3615 2005 3777 2085 quod

1193 2109 1469 2169 addimus
1495 2125 1528 2169 c
1555 2117 1783 2189 regesto
1807 2109 1961 2172 BIbl.
1993 2111 2188 2171 Cesar.
2218 2112 2410 2173 Paris.
2440 2114 2607 2191 epist.
2644 2119 2784 2189 ⁸3⁷,
2812 2110 2919 2170 sol.
2951 2109 3122 2188 476.)

1051 2294 1527 2384 Innocentius»,
1563 2305 1732 2383 etc.‚
1764 2296 1840 2367 P.
1874 2295 2108 2366 Sancti
2148 2295 2423 2387 Georgii
2463 2294 2555 2367 ad
2594 2296 2833 2367 velum
2873 2316 3166 2366 aureum
3206 2295 3503 2367 diacono
3541 2295 3776 2368 cardi-

950 2414 1119 2505 nali,
1138 2413 1533 2509 Apostolice
1564 2417 1761 2489 Sedis
1792 2418 2048 2510 legate,
2075 2428 2212 2489 etc.
2249 2419 2454 2489 Dolet
2487 2426 2558 2488 et
2589 2416 2828 2489 dolere
2859 2417 3070 2488 debet
3100 2418 3404 2489 Ecclesia
3432 2419 3774 2510 generalis

949 2548 1023 2609 et
1059 2559 1189 2611 nos
1220 2560 1379 2610 cum
1425 2561 1507 2611 ea
1549 2549 1621 2611 et
1664 2563 1793 2635 pro
1832 2562 1917 2612 ea
1948 2542 2269 2613 dolemus
2308 2540 2686 2635 plurimum
2723 2549 2795 2611 et
2832 2540 3220 2630 turbamur,
3254 2562 3414 2612 cum
3450 2542 3773 2613 audimus

947 2663 1249 2755 prelatos
1279 2663 1398 2754 qui
1430 2673 1952 2757 persecutorum
1993 2663 2308 2734 flammas
2347 2664 2602 2756 quibus
2643 2664 2963 2735 exuritur
3004 2664 3310 2735 Ecclesia
3355 2664 3426 2734 in
3469 2666 3772 2758 presenti

945 2785 1286 2857 deberent
1314 2788 1751 2878 extinguere,
1787 2809 1927 2858 non
1963 2788 2186 2859 solum
2218 2788 2410 2858 nolle
2440 2787 2863 2859 defensionis
2898 2809 3176 2858 manum
3210 2789 3772 2883 persecutionum

944 2909 1223 3002 ignibus
1264 2910 1638 3000 adbibere,
1678 2933 1924 2983 verum
1973 2912 2181 2982 etiam
2220 2910 2741 3004 quodammodo
2781 2911 2977 3001 ignes
3014 2911 3396 2983 accendere
3450 2911 3763 3005 ignibus,

944 3035 1264 3106 eamdem
1306 3036 1686 3106 Ecclesiam
1718 3036 2194 3131 multipliciter
2231 3037 2743 3130 persequendo.
2786 3037 2955 3108 Cum
2997 3037 3183 3108 enim
3215 3037 3768 3130 Magdeburgen-

943 3178 1092 3228 sem
1121 3156 1715 3253 archiepiscopum
1748 3168 1820 3230 et
1851 3160 2328 3231 Pataviensem
2363 3179 2448 3230 ac
2476 3160 2980 3252 Frisingensem
3021 3160 3384 3255 episcopos
3412 3160 3609 3231 velut
3636 3182 3764 3234 no-

942 3280 1108 3351 bilia
1140 3282 1447 3353 membra
1477 3283 1779 3353 Ecclesie
1807 3283 1984 3355 adeo
2018 3284 2309 3355 deberet
2334 3283 2772 3354 commedere
2806 3285 2995 3354 zelus
3031 3284 3183 3375 ejus
3207 3292 3453 3354 utnon
3484 3294 3766 3377 possent

940 3404 1312 3498 opprobria
1340 3406 1438 3477 illi
1467 3409 2037 3502 exprobrantium
2071 3417 2142 3479 et
2172 3407 2657 3502 usurpantium
2679 3408 2840 3498 jura
2872 3408 3024 3498 ejus
3068 3406 3528 3500 equanimiter
3556 3406 3761 3478 susti·

938 3548 1144 3617 nere,
1179 3528 1424 3618 iidem,
1456 3531 1646 3621 quod
1672 3554 1813 3604 non
1848 3532 2114 3625 absque
2142 3530 2605 3602 amaritudine
2642 3528 2872 3601 cordis
2898 3529 3327 3623 accepimus,
3364 3552 3504 3601 non
3537 3533 3761 3602 solnm

938 3672 1081 3723 uon
1109 3651 1440 3722 assistunt
1471 3653 1600 3747 ipsi
1628 3656 1931 3727 Ecclesie
1965 3676 2206 3727 eorum
2243 3654 2446 3726 matri
2483 3662 2723 3726 contra
2757 3653 3102 3724 maliciam
3144 3675 3300 3724 eam
3338 3675 3761 3749 persequen-

939 3774 1110 3846 tium
1137 3783 1216 3845 ut
1245 3774 1606 3866 deberent,
1624 3778 2042 3872 opponendo
2065 3800 2140 3849 se
2164 3801 2440 3849 murum
2468 3800 2597 3872 pro
2630 3798 2714 3848 ea
2744 3775 3278 3848 ascendentibus
3308 3799 3402 3848 ex
3428 3778 3755 3868 adverso,

936 3897 1063 3970 sed
1092 3899 1300 3970 etiam
1330 3898 1568 3971 divino
1598 3901 1840 3972 timore
1868 3924 1950 3972 ac
1970 3901 2277 3973 humano
2310 3901 2576 3997 pudore
2605 3898 3002 3994 postpositis
3034 3909 3104 3971 et
3129 3900 3506 3993 pontificali
3536 3902 3763 3991 gravi·

937 4030 1076 4091 tate
1109 4022 1425 4113 neglecta
1457 4043 1730 4094 necnon
1767 4033 1837 4096 et
1882 4025 2193 4097 clavibus
2221 4023 2530 4095 Ecclesie
2562 4019 3053 4094 damnabiliter
3083 4020 3475 4114 vilipensis,
3505 4021 3760 4094 Frede-

935 4146 1079 4218 rico
1104 4146 1457 4238 quondam
1487 4147 1887 4242 imperatori
1914 4148 2516 4220 excommunicato
2552 4155 2625 4217 et
2652 4145 2776 4216 Dei
2811 4154 2884 4215 et
2908 4144 3268 4216 Ecclesie
3251 4146 3530 4218 mimico
3561 4166 3756 4239 pre&

936 4279 1084 4340 tant
1109 4270 1471 4370 manifeste
1497 4272 1866 4359 auxilium,
1889 4272 2249 4343 consilium
2280 4279 2350 4341 et
2373 4270 2679 4341 favorem
2692 4289 2859 4364 ,per
2885 4268 3075 4360 quod
3103 4268 3357 4339 dictam
3380 4269 3758 4340 Ecclesiam

932 4400 1012 4462 ut
1041 4390 1275 4463 hostes
1303 4360 1563 4488 publici
1597 4405 2131 4487 persequuntur,
2159 4394 2405 4466 eodem
2433 4390 3008 4486 Magdeburgensi
3033 4391 3547 4464 matrimonium
3575 4393 3758 4467 inter

932 4515 1159 4608 ipsum
1198 4515 1617 4586 Fridericum
1667 4525 1737 4586 et
1780 4514 1989 4586 filiam
2032 4516 2228 4588 ducis
2274 4515 2574 4587 Saxonie
2614 4523 3057 4610 procurante.
3094 4513 3509 4607 Accepimus
3541 4514 3755 4606 siqui·

931 4638 1097 4710 dem
1140 4637 1330 4732 quod
1374 4638 1686 4711 marchio
1733 4639 2126 4730 MisnensiS‚
2175 4639 2464 4711 Bavarie
2509 4660 2592 4710 ac
2632 4637 2931 4709 Saxonie
2973 4636 3188 4708 duces
3234 4646 3304 4708 et
3350 4636 3489 4708 filia
3537 4637 3753 4732 ipsius
