4525 6031
1526 805 1905 898 INDEX
1977 805 2801 898 MATERIARUM

1706 1006 1915 1067 muns
1955 1006 2161 1067 smm
2202 1005 2604 1068 vonumma

750 1455 1141 1517 Observation
1169 1472 1272 1518 sur
1297 1456 1354 1517 la
1380 1457 1539 1518 bulle
1568 1458 1696 1518 d’or
1722 1458 1937 1537 gravee
1961 1475 2038 1519 en
2063 1458 2182 1518 tete
2207 1459 2284 1518 de
2305 1473 2370 1518 ce
2398 1458 2632 1517 volume
2637 1491 3362 1518 ............
3472 1472 3566 1514 vn

752 1561 1043 1622 Historiae
1080 1563 1491 1640 dlplomaticae
1529 1564 1808 1625 Friderici
1835 1565 2076 1626 secundi
2102 1581 2238 1641 pars
2270 1565 2549 1642 septima,
2578 1580 2615 1624 a
2642 1578 2843 1623 mense
2867 1561 3184 1639 septembri
3217 1569 3361 1621 1241

828 1667 907 1727 ad
930 1684 1192 1729 mensem
1211 1669 1431 1746 julium
1470 1679 1619 1730 1247
1629 1708 3360 1732 ...........................
3536 1679 3559 1727 1

752 1772 1045 1833 Historiae
1068 1774 1478 1850 diplomaticae
1503 1775 1788 1834 Friderici
1821 1776 2062 1836 secundi
2115 1793 2251 1853 pars
2293 1781 2504 1836 octava
2520 1819 2538 1849 ‚
2582 1790 2619 1834 a
2660 1790 2861 1834 mense
2898 1773 3046 1850 julio
3091 1781 3242 1833 1247
3292 1773 3371 1835 ad

830 1892 1090 1937 mensem
1125 1876 1493 1938 decembrem
1531 1886 1684 1938 1250
1693 1919 3365 1941 ..........................
3452 1888 3564 1940 551,

751 1981 1047 2042 llistorlae
1067 1982 1479 2059 dlplomaticae
1504 1983 1757 2045 conradi
1785 1986 1979 2061 quarti
2004 2001 2140 2061 pars
2165 1984 2449 2060 secunda,
2480 2000 2517 2043 a
2541 1999 2740 2044 mense
2766 1982 3079 2060 septembri
3112 1991 3257 2043 1241
3292 1983 3371 2043 ad

831 2103 1091 2147 mensem
1117 2088 1482 2149 decembrem
1516 2098 1692 2150 1250.
1753 2130 2494 2151 ............
2513 2117 2521 2134 =
2544 2129 3362 2149 .............
3450 2098 3571 2150 817

751 2192 1166 2254 Additamenta
1196 2195 1275 2255 ad
1298 2197 1606 2273 septimam
1636 2202 1697 2256 et
1735 2201 2003 2256 octavam
2030 2201 2257 2273 partem
2283 2195 2566 2254 historiae
2595 2193 3006 2270 dlplomaticae
3011 2235 3361 2255 ......
3448 2202 3563 2254 897

752 2297 940 2358 Index
974 2297 1413 2378 chronologicus
1448 2300 1956 2361 documentorum.
2010 2345 2025 2360 .
2082 2345 2098 2361 .
2150 2345 2164 2360 .
2219 2343 2233 2358 .
2281 2339 3361 2360 .................
3449 2307 3569 2358 947

753 2402 939 2464 Index
963 2407 1295 2468 nominum.
1353 2446 3363 2467 ...............................
3413 2413 3565 2465 1005

753 2510 941 2571 Index
967 2509 1231 2572 locorum
1237 2550 3359 2572 ................................
3411 2522 3437 2569 1
3450 2518 3573 2570 085

755 2615 940 2675 Index
969 2616 1416 2696 chronologicus
1441 2618 1889 2694 privilegiorum
1917 2617 2203 2694 regalium
2225 2618 2351 2676 sive
2376 2557 2801 2692 imperialium,
2836 2632 2989 2693 quae
3014 2631 3051 2675 a
3073 2615 3370 2675 Friderico

832 2721 1089 2782 secundo
1110 2728 1169 2783 et
1189 2721 1329 2784 filiis
1354 2728 1481 2801 ejus
1507 2728 1789 2783 renovata
1812 2724 1879 2782 in
1904 2728 2028 2783 tota
2052 2723 2539 2783 documentorum
2568 2723 2716 2782 serie
2740 2722 3079 2783 inseruntur
3084 2760 3364 2782 .....
3419 2728 3559 2780 1051

754 2827 1106 2906 Corrigenda
1131 2834 1192 2889 et
1219 2829 1508 2890 addenda.
1565 2868 3363 2890 ............................
3414 2835 3563 2886 1057
