4525 6031
675 650 875 708 rumor.
908 648 1001 724 ·1.]
1570 643 1962 705 ffls‘roma
2007 641 2601 705 mrtomarlctt.
2723 627 2734 632 “
3376 637 3487 699 731

677 804 832 854 mus
869 803 953 853 ac
1001 781 1058 851 si
1096 779 1186 851 de
1239 779 1405 873 ipsis
1441 780 1620 851 facta
1659 780 1837 851 foret
1872 779 2132 851 mentio
2168 777 2512 873 specialis.
2549 775 2660 848 Ad
2683 773 2897 867 hujus
2929 775 3160 867 itaque
3198 750 3505 847 conces-⁵

677 905 887 978 sionis
927 915 1164 975 nostre
1207 902 1610 974 memoriam
1651 911 1722 974 et
1754 903 2069 974 stabilem
2102 900 2526 991 firmitatem,
2561 920 2845 994 presens
2878 899 3207 993 scriptum
3238 896 3389 969 fieri
3424 906 3495 969 et

676 1028 901 1119 sigillo
927 1025 1308 1117 majestatis
1338 1034 1574 1097 nostre
1594 1025 1924 1116 jussimus
1955 1023 2393 1096 communiri.

768 1154 1023 1223 Datum
1049 1150 1246 1240 Pisis,
1283 1169 1469 1220 anno
1498 1148 1989 1221 incarnationis
2028 1147 2385 1220 Dominice
2422 1145 2786 1217 millesimo
2814 1144 3289 1217 ducentesimo
3315 1165 3489 1238 qua-

672 1275 1064 1367 dragesimo
1117 1293 1345 1361 non0,
1410 1293 1649 1343 mense
1707 1273 1906 1363 maii,
1961 1271 2338 1344 indictione
2393 1271 2719 1365 septima,
2773 1269 3158 1365 imperante
3210 1268 3492 1340 domino

670 1409 910 1470 nostro
939 1396 1268 1470 Federico
1300 1396 1716 1490 imperatore
1745 1417 2023 1491 semper
2059 1405 2386 1488 augusto,
2417 1394 2869 1489 Hyerusalem
2917 1403 2988 1464 et
3021 1393 3245 1464 Sicilie
3292 1412 3485 1483 rege,

671 1543 859 1595 anno
904 1520 1172 1614 imperii
1209 1519 1359 1610 ejus
1407 1519 1746 1611 vigesimo
1792 1539 1979 1592 nono
2007 1571 2026 1609 ,
2083 1519 2283 1611 regni
2322 1519 2772 1613 Hyerusalem
2823 1517 3154 1588 vicesimo
3201 1525 3484 1610 quarto,

671 1646 865 1740 regni
896 1665 1066 1717 vero
1100 1643 1328 1715 Sicilie
1357 1643 1959 1737 quinquagesimo,
2000 1643 2319 1715 feliciter.
2355 1641 2604 1714 Amen.

770 2279 1226 2364 Bertholdus
1276 2282 1711 2391 patriarcha
1774 2281 2310 2391 Aq'uilegensis
2366 2282 2442 2362 in
2493 2280 2830 2363 animam
2885 2307 3105 2363 suam
3168 2283 3485 2367 vicedo-

665 2410 959 2495 minum
1000 2440 1228 2497 suum
1268 2416 1528 2524 jurare
1573 2415 1753 2498 facit
1806 2414 2013 2524 quod
2053 2414 2487 2497 observabit
2529 2424 2751 2523 pacta
2793 2414 2990 2496 inter
3025 2441 3107 2497 se
3150 2425 3226 2498 et
3269 2442 3488 2498 mar-

664 2543 1008 2629 chionem
1043 2547 1480 2655 Estensem,
1517 2549 1872 2630 comitem
1924 2547 2178 2630 Sancti
2236 2545 2604 2630 Bonifacii
2623 2607 2646 2652 ‚
2704 2546 3041 2629 civitates
3096 2547 3478 2654 Brixiam,

662 2676 1049 2761 Mantuam
1086 2692 1160 2765 et
1191 2681 1617 2765 Ferrariam
1671 2680 1857 2764 inita
1872 2743 1896 2788 ,
1937 2681 2123 2762 dum
2162 2680 2242 2761 in
2279 2679 2666 2763 servitium
2721 2679 3096 2766 Ecclesiae
3145 2692 3487 2791 potenter

663 2819 735 2892 et
767 2823 1109 2921 patenter
1146 2840 1546 2925 assurgere
1579 2813 1786 2900 velit.

818 3101 1012 3182 (Edit.
1042 3119 1142 3182 ap.
1183 3103 1542 3182 Mun-ron„
1575 3101 1786 3185 Antiq.
1814 3101 1957 3166 Ital.
1985 3102 2136 3166 md.
2167 3106 2314 3176 aovi,
2347 3111 2394 3165 t.
2425 3104 2529 3177 IV,
2558 3120 2622 3182 p.
2654 3101 2827 3183 457.)

757 3365 833 3437 In
865 3366 1147 3438 nomine
1190 3376 1428 3438 sancte
1472 3374 1545 3438 et
1584 3365 1943 3439 individue
1983 3365 2358 3437 Trinitatis.
2409 3364 2662 3437 Amen.
2708 3365 2914 3438 Anno
2952 3366 3228 3437 Domini
3259 3368 3485 3439 mille-

659 3489 833 3562 simo
868 3490 1345 3562 ducentesimo
1378 3490 1910 3584 quadragesimo
1944 3512 2167 3580 nono,
2208 3489 2588 3562 indictione
2613 3491 2734 3563 VII
2755 3544 2775 3582 ,
2814 3489 3138 3563 dominus
3167 3491 3487 3565 Berthol-

659 3613 791 3687 dus
820 3614 948 3687 Dei
989 3614 1214 3707 gratia
1242 3614 1664 3685 venerabilis
1706 3614 2100 3709 patriarcha
2148 3612 2660 3707 AquilegensiS,
2707 3614 2997 3709 cupiens
3025 3616 3095 3686 in
3126 3617 3484 3687 servitium

660 3745 893 3810 sancte
924 3736 1166 3809 matris
1210 3736 1516 3809 Ecclesie
1561 3745 1886 3832 potenter
1916 3747 1987 3808 et
2017 3746 2336 3831 patenter
2371 3758 2733 3831 assurgere
2777 3748 3124 3829 quatenus
3175 3759 3249 3810 se
3296 3739 3485 3812 vires

658 3880 781 3932 sue
826 3860 1258 3948 extendunt,
1298 3860 1621 3932 nuntium
1664 3882 1870 3932 suum
1900 3882 2027 3954 pro
2059 3860 2364 3954 petendo
2400 3860 2665 3932 auxilio
2692 3860 2783 3932 ad
2820 3860 3111 3933 devotos
3136 3862 3478 3952 Ecclesie,

526 4048 543 4065 ,
658 3980 984 4057 videlicet
1013 3982 1283 4056 nobiles
1312 3983 1503 4055 viros
1533 3982 2007 4055 marchionem
2042 3984 2404 4055 Estensem
2436 3993 2507 4055 et
2536 3983 2857 4054 comitem
2890 3985 3121 4056 Sancti
3151 3986 3482 4056 Bonifacii

656 4115 865 4199 atque
920 4106 1013 4180 ad
1058 4107 1375 4180 civitates
1419 4107 1761 4199 Brixiam,
1805 4109 2159 4182 Mantuam
2205 4118 2278 4179 et
2318 4107 2731 4198 Ferrariam,
2769 4106 3166 4179 destinavit.
3222 4108 3355 4193 Qui
3391 4107 3481 4180 de

657 4231 1006 4302 communi
1042 4231 1391 4324 colloquio
1431 4253 1642 4327 super
1681 4232 1817 4306 hoc
1848 4231 2206 4323 ordinato,
2244 4230 2498 4303 auditis
2529 4230 2979 4326 petitionibus
3011 4230 3177 4303 dicti
3208 4231 3435 4302 nuntii
3454 4284 3476 4322 ,

654 4354 1123 4447 promiserunt
1172 4355 1401 4428 eidem
1458 4356 1747 4429 domino
1801 4355 2192 4451 patriarche
2233 4356 2508 4427 mittere
2554 4365 2834 4426 centum
2880 4356 3349 4427 cavalcatores
3407 4354 3482 4426 in

655 4478 951 4571 propriis
993 4478 1321 4574 expensis
1348 4500 1572 4574 usque
1607 4478 1701 4551 ad
1743 4488 1998 4551 terram
2028 4499 2262 4569 suam,
2296 4478 2394 4549 ita
2422 4478 2613 4572 quod
2649 4487 3016 4575 postquam
3059 4480 3189 4574 ipsi
3229 4477 3484 4550 fuerint

653 4598 729 4671 in
770 4612 949 4672 terra
977 4601 1190 4696 ipsius
1222 4600 1486 4674 domini
1519 4601 1910 4697 patriarche
1931 4655 1952 4693 ‚
1986 4603 2134 4697 ipse
2157 4601 2601 4697 postmodum
2638 4602 2737 4674 eis
2765 4612 3085 4674 teneatur
3115 4603 3482 4698 providere

655 4742 960 4816 congrue
997 4723 1088 4796 de
1121 4725 1451 4820 expensis
1477 4735 1549 4797 et
1578 4726 1911 4798 resarcire
1940 4725 2196 4800 damna
2226 4747 2366 4820 que
2400 4725 2720 4797 faciendo
2755 4747 3057 4799 werram
3097 4726 3475 4799 incurrent.

3626 2284 3673 2326 u
3693 2284 3817 2333 maii.

3539 2337 3662 2391 apud
3689 2337 3894 2381 Utinam.
